<?xml version="1.0" encoding="UTF-8"?>
<!DOCTYPE html PUBLIC "-//W3C//DTD XHTML 1.0 Transitional//EN"
    "http://www.w3.org/TR/xhtml1/DTD/xhtml1-transitional.dtd">
<html xmlns="http://www.w3.org/1999/xhtml" xml:lang="en" lang="en">
 <head>
  <title>
</title>
<meta http-equiv="Content-Type" content="text/html;charset=utf-8" />
  <meta name='ocr-system' content='tesseract 3.04.00' />
  <meta name='ocr-capabilities' content='ocr_page ocr_carea ocr_par ocr_line ocrx_word'/>
</head>
<body>
  <div class='ocr_page' id='page_1' title='image "./operaomniaiussui10thom_0280.png"; bbox 0 0 2768 4198; ppageno 0'>
   <div class='ocr_carea' id='block_1_1' title="bbox 70 373 213 400">
    <p class='ocr_par' dir='ltr' id='par_1_1' title="bbox 70 373 213 400">
     <span class='ocr_line' id='line_1_1' title="bbox 70 373 213 400; baseline -0.021 -4"><span class='ocrx_word' id='word_1_1' title='bbox 70 377 78 385; x_wconf 81' lang='lat'>⁸</span> <span class='ocrx_word' id='word_1_2' title='bbox 93 375 143 396; x_wconf 74' lang='lat' dir='ltr'>Art.</span> <span class='ocrx_word' id='word_1_3' title='bbox 160 380 174 400; x_wconf 84' lang='grc' dir='ltr'>ι,</span> <span class='ocrx_word' id='word_1_4' title='bbox 193 373 213 394; x_wconf 86' lang='lat'>6.</span> 
     </span>
    </p>
   </div>
   <div class='ocr_carea' id='block_1_2' title="bbox 69 903 279 983">
    <p class='ocr_par' dir='ltr' id='par_1_2' title="bbox 69 903 279 983">
     <span class='ocr_line' id='line_1_2' title="bbox 69 903 278 925; baseline -0.01 0"><span class='ocrx_word' id='word_1_5' title='bbox 69 906 78 915; x_wconf 73' lang='lat'>⁸</span> <span class='ocrx_word' id='word_1_6' title='bbox 94 904 213 925; x_wconf 75' lang='lat' dir='ltr'><em>Dictorum</em></span> <span class='ocrx_word' id='word_1_7' title='bbox 231 903 278 924; x_wconf 86' lang='lat' dir='ltr'>Fa-</span> 
     </span>
     <span class='ocr_line' id='line_1_3' title="bbox 172 929 279 951; baseline -0.019 0"><span class='ocrx_word' id='word_1_8' title='bbox 172 936 201 951; x_wconf 88' lang='lat' dir='ltr'>ue</span> <span class='ocrx_word' id='word_1_9' title='bbox 233 929 279 950; x_wconf 87' lang='lat' dir='ltr'>Mi—</span> 
     </span>
     <span class='ocr_line' id='line_1_4' title="bbox 138 956 276 983; baseline -0.014 -6"><span class='ocrx_word' id='word_1_10' title='bbox 138 957 151 977; x_wconf 88' lang='lat' dir='ltr'>li</span> <span class='ocrx_word' id='word_1_11' title='bbox 171 973 175 977; x_wconf 92' lang='lat'>.</span> <span class='ocrx_word' id='word_1_12' title='bbox 187 956 215 982; x_wconf 86' lang='lat'>11,</span> <span class='ocrx_word' id='word_1_13' title='bbox 227 962 276 983; x_wconf 86' lang='lat' dir='ltr'>cap.</span> 
     </span>
    </p>
   </div>
   <div class='ocr_carea' id='block_1_3' title="bbox 67 933 179 1034">
    <p class='ocr_par' dir='ltr' id='par_1_3' title="bbox 67 933 179 1018">
     <span class='ocr_line' id='line_1_5' title="bbox 67 933 118 952; baseline -0.02 0"><span class='ocrx_word' id='word_1_14' title='bbox 67 933 118 952; x_wconf 67' lang='grc' dir='ltr'>ελον</span> 
     </span>
     <span class='ocr_line' id='line_1_6' title="bbox 67 957 126 983; baseline 0 -5"><span class='ocrx_word' id='word_1_15' title='bbox 67 957 126 983; x_wconf 67' lang='lat' dir='ltr'>rab„</span> 
     </span>
     <span class='ocr_line' id='line_1_7' title="bbox 67 989 179 1018; baseline -0.009 -14"><span class='ocrx_word' id='word_1_16' title='bbox 67 990 82 1009; x_wconf 91' lang='grc' dir='ltr'>ι,</span> <span class='ocrx_word' id='word_1_17' title='bbox 98 990 118 1004; x_wconf 95' lang='lat' dir='ltr'>n.</span> <span class='ocrx_word' id='word_1_18' title='bbox 136 989 155 1010; x_wconf 85' lang='lat'>7.</span> <span class='ocrx_word' id='word_1_19' title='bbox 166 1010 179 1018; x_wconf 68' lang='lat'>·.</span> 
     </span>
    </p>

    <p class='ocr_par' dir='ltr' id='par_1_4' title="bbox 165 1017 179 1034">
     <span class='ocr_line' id='line_1_8' title="bbox 165 1017 179 1034; baseline 0 0"><span class='ocrx_word' id='word_1_20' title='bbox 165 1017 179 1034; x_wconf 90' lang='lat' dir='ltr'>o</span> 
     </span>
    </p>
   </div>
   <div class='ocr_carea' id='block_1_4' title="bbox 65 1066 274 1119">
    <p class='ocr_par' dir='ltr' id='par_1_5' title="bbox 65 1066 274 1119">
     <span class='ocr_line' id='line_1_9' title="bbox 67 1066 274 1093; baseline -0.005 -6"><span class='ocrx_word' id='word_1_21' title='bbox 67 1068 75 1077; x_wconf 73' lang='lat'>⁸</span> <span class='ocrx_word' id='word_1_22' title='bbox 92 1066 137 1093; x_wconf 91' lang='lat' dir='ltr'>Qu.</span> <span class='ocrx_word' id='word_1_23' title='bbox 154 1072 219 1092; x_wconf 74' lang='lat' dir='ltr'>mu,</span> <span class='ocrx_word' id='word_1_24' title='bbox 234 1069 274 1087; x_wconf 82' lang='lat' dir='ltr'>art.</span> 
     </span>
     <span class='ocr_line' id='line_1_10' title="bbox 65 1095 274 1119; baseline 0 -6"><span class='ocrx_word' id='word_1_25' title='bbox 65 1100 91 1119; x_wconf 78' lang='lat'>43</span> <span class='ocrx_word' id='word_1_26' title='bbox 111 1099 148 1119; x_wconf 84' lang='lat' dir='ltr'>qu.</span> <span class='ocrx_word' id='word_1_27' title='bbox 171 1098 219 1118; x_wconf 72' lang='lat' dir='ltr'>cm,</span> <span class='ocrx_word' id='word_1_28' title='bbox 234 1095 274 1113; x_wconf 85' lang='lat' dir='ltr'>art.</span> 
     </span>
    </p>
   </div>
   <div class='ocr_carea' id='block_1_5' title="bbox 65 1127 86 1146">
    <p class='ocr_par' dir='ltr' id='par_1_6' title="bbox 65 1127 86 1146">
     <span class='ocr_line' id='line_1_11' title="bbox 65 1127 86 1146; baseline 0 -7"><span class='ocrx_word' id='word_1_29' title='bbox 65 1127 86 1146; x_wconf 77' lang='lat'>4.</span> 
     </span>
    </p>
   </div>
   <div class='ocr_carea' id='block_1_6' title="bbox 65 1330 189 1357">
    <p class='ocr_par' dir='ltr' id='par_1_7' title="bbox 65 1330 189 1357">
     <span class='ocr_line' id='line_1_12' title="bbox 65 1330 189 1357; baseline 0 -6"><span class='ocrx_word' id='word_1_30' title='bbox 65 1332 74 1340; x_wconf 78' lang='lat'>⁸</span> <span class='ocrx_word' id='word_1_31' title='bbox 89 1330 154 1352; x_wconf 81' lang='lat' dir='ltr'>Vei-s.</span> <span class='ocrx_word' id='word_1_32' title='bbox 169 1336 189 1357; x_wconf 90' lang='lat'>7.</span> 
     </span>
    </p>
   </div>
   <div class='ocr_carea' id='block_1_7' title="bbox 64 1864 275 1892">
    <p class='ocr_par' dir='ltr' id='par_1_8' title="bbox 64 1864 275 1892">
     <span class='ocr_line' id='line_1_13' title="bbox 64 1864 275 1892; baseline 0 -6"><span class='ocrx_word' id='word_1_33' title='bbox 64 1865 73 1875; x_wconf 71' lang='lat'>⁶</span> <span class='ocrx_word' id='word_1_34' title='bbox 87 1864 122 1886; x_wconf 83' lang='lat' dir='ltr'>Cf.</span> <span class='ocrx_word' id='word_1_35' title='bbox 133 1865 213 1892; x_wconf 56' lang='lat' dir='ltr'>Levia,</span> <span class='ocrx_word' id='word_1_36' title='bbox 224 1870 275 1892; x_wconf 85' lang='lat' dir='ltr'>cap.</span> 
     </span>
    </p>
   </div>
   <div class='ocr_carea' id='block_1_8' title="bbox 62 1897 125 1912">
    <p class='ocr_par' dir='ltr' id='par_1_9' title="bbox 62 1897 125 1912">
     <span class='ocr_line' id='line_1_14' title="bbox 62 1897 125 1912; baseline 0 0"><span class='ocrx_word' id='word_1_37' title='bbox 62 1897 125 1912; x_wconf 77' lang='lat' dir='ltr'>xvnl.</span> 
     </span>
    </p>
   </div>
   <div class='ocr_carea' id='block_1_9' title="bbox 61 2174 201 2201">
    <p class='ocr_par' dir='ltr' id='par_1_10' title="bbox 61 2174 201 2201">
     <span class='ocr_line' id='line_1_15' title="bbox 61 2174 201 2201; baseline 0 -6"><span class='ocrx_word' id='word_1_38' title='bbox 61 2175 70 2184; x_wconf 77' lang='lat'>⁸</span> <span class='ocrx_word' id='word_1_39' title='bbox 84 2174 139 2201; x_wconf 79' lang='lat' dir='ltr'>Cap.</span> <span class='ocrx_word' id='word_1_40' title='bbox 155 2180 201 2195; x_wconf 81' lang='lat' dir='ltr'>xvi.</span> 
     </span>
    </p>
   </div>
   <div class='ocr_carea' id='block_1_10' title="bbox 60 2945 227 2968">
    <p class='ocr_par' dir='ltr' id='par_1_11' title="bbox 60 2945 227 2968">
     <span class='ocr_line' id='line_1_16' title="bbox 60 2945 227 2968; baseline 0 -2"><span class='ocrx_word' id='word_1_41' title='bbox 60 2946 70 2954; x_wconf 80' lang='lat'>⁸</span> <span class='ocrx_word' id='word_1_42' title='bbox 85 2945 192 2966; x_wconf 85' lang='lat' dir='ltr'>Conclus.</span> <span class='ocrx_word' id='word_1_43' title='bbox 207 2946 227 2968; x_wconf 88' lang='lat'>8.</span> 
     </span>
    </p>
   </div>
   <div class='ocr_carea' id='block_1_11' title="bbox 308 286 383 323">
    <p class='ocr_par' dir='ltr' id='par_1_12' title="bbox 308 286 383 323">
     <span class='ocr_line' id='line_1_17' title="bbox 308 286 383 323; baseline -0.013 0"><span class='ocrx_word' id='word_1_44' title='bbox 308 286 383 323; x_wconf 87' lang='lat'>238</span> 
     </span>
    </p>
   </div>
   <div class='ocr_carea' id='block_1_12' title="bbox 296 358 1374 2435">
    <p class='ocr_par' dir='ltr' id='par_1_13' title="bbox 302 358 1374 1476">
     <span class='ocr_line' id='line_1_18' title="bbox 361 358 1370 423; baseline -0.009 -20"><span class='ocrx_word' id='word_1_45' title='bbox 361 366 586 402; x_wconf 62' lang='lat' dir='ltr'>Respoanso</span> <span class='ocrx_word' id='word_1_46' title='bbox 607 377 790 402; x_wconf 64' lang='lat' dir='ltr'>mensuum</span> <span class='ocrx_word' id='word_1_47' title='bbox 816 364 932 423; x_wconf 83' lang='lat' dir='ltr'>quod,</span> <span class='ocrx_word' id='word_1_48' title='bbox 963 362 1058 398; x_wconf 89' lang='lat' dir='ltr'>sicut</span> <span class='ocrx_word' id='word_1_49' title='bbox 1088 361 1230 397; x_wconf 90' lang='lat' dir='ltr'>dictum</span> <span class='ocrx_word' id='word_1_50' title='bbox 1261 366 1317 395; x_wconf 90' lang='lat' dir='ltr'>est</span> <span class='ocrx_word' id='word_1_51' title='bbox 1339 358 1370 405; x_wconf 72' lang='lat'>²¹⁶,</span> 
     </span>
     <span class='ocr_line' id='line_1_19' title="bbox 308 388 1372 461; baseline -0.008 -6"><span class='ocrx_word' id='word_1_52' title='bbox 308 418 358 455; x_wconf 92' lang='lat' dir='ltr'>ibi</span> <span class='ocrx_word' id='word_1_53' title='bbox 395 431 550 455; x_wconf 90' lang='lat' dir='ltr'>necesse</span> <span class='ocrx_word' id='word_1_54' title='bbox 587 426 641 454; x_wconf 90' lang='lat' dir='ltr'>est</span> <span class='ocrx_word' id='word_1_55' title='bbox 678 417 838 454; x_wconf 90' lang='lat' dir='ltr'>inveniri</span> <span class='ocrx_word' id='word_1_56' title='bbox 876 414 1164 453; x_wconf 83' lang='lat' dir='ltr'>determinatam</span> <span class='ocrx_word' id='word_1_57' title='bbox 1204 388 1372 461; x_wconf 80' lang='lat' dir='ltr'>specieni</span> 
     </span>
     <span class='ocr_line' id='line_1_20' title="bbox 307 464 1372 519; baseline -0.008 -10"><span class='ocrx_word' id='word_1_58' title='bbox 307 472 492 519; x_wconf 81' lang='lat' dir='ltr'>luxuriae,</span> <span class='ocrx_word' id='word_1_59' title='bbox 523 472 585 508; x_wconf 90' lang='lat' dir='ltr'>ubi</span> <span class='ocrx_word' id='word_1_60' title='bbox 614 471 801 508; x_wconf 87' lang='lat' dir='ltr'>invenitur</span> <span class='ocrx_word' id='word_1_61' title='bbox 829 468 969 517; x_wconf 87' lang='lat' dir='ltr'>aliquid</span> <span class='ocrx_word' id='word_1_62' title='bbox 998 478 1214 516; x_wconf 88' lang='lat' dir='ltr'>repugnans</span> <span class='ocrx_word' id='word_1_63' title='bbox 1244 464 1372 502; x_wconf 87' lang='lat' dir='ltr'>debito</span> 
     </span>
     <span class='ocr_line' id='line_1_21' title="bbox 307 518 1373 566; baseline -0.008 -4"><span class='ocrx_word' id='word_1_64' title='bbox 307 526 392 561; x_wconf 88' lang='lat' dir='ltr'>usui</span> <span class='ocrx_word' id='word_1_65' title='bbox 426 537 694 562; x_wconf 90' lang='lat' dir='ltr'>venereorum.</span> <span class='ocrx_word' id='word_1_66' title='bbox 734 525 775 559; x_wconf 92' lang='lat' dir='ltr'>In</span> <span class='ocrx_word' id='word_1_67' title='bbox 805 534 875 558; x_wconf 90' lang='lat' dir='ltr'>usu</span> <span class='ocrx_word' id='word_1_68' title='bbox 913 528 1039 557; x_wconf 91' lang='lat' dir='ltr'>autem</span> <span class='ocrx_word' id='word_1_69' title='bbox 1074 518 1373 566; x_wconf 87' lang='lat' dir='ltr'>consanguinea—</span> 
     </span>
     <span class='ocr_line' id='line_1_22' title="bbox 309 573 1370 632; baseline -0.008 -17"><span class='ocrx_word' id='word_1_70' title='bbox 309 590 392 614; x_wconf 89' lang='lat' dir='ltr'>rum</span> <span class='ocrx_word' id='word_1_71' title='bbox 414 576 429 607; x_wconf 74' lang='grc' dir='ltr'><strong>β</strong></span> <span class='ocrx_word' id='word_1_72' title='bbox 455 579 516 614; x_wconf 90' lang='lat' dir='ltr'>vel</span> <span class='ocrx_word' id='word_1_73' title='bbox 545 577 716 614; x_wconf 88' lang='lat' dir='ltr'>affinium</span> <span class='ocrx_word' id='word_1_74' title='bbox 739 575 928 612; x_wconf 91' lang='lat' dir='ltr'>invenitur</span> <span class='ocrx_word' id='word_1_75' title='bbox 956 573 1097 632; x_wconf 88' lang='lat' dir='ltr'>aliquid</span> <span class='ocrx_word' id='word_1_76' title='bbox 1118 573 1370 630; x_wconf 82' lang='lat' dir='ltr'>incongruum</span> 
     </span>
     <span class='ocr_line' id='line_1_23' title="bbox 309 624 1374 676; baseline -0.007 -9"><span class='ocrx_word' id='word_1_77' title='bbox 309 631 569 667; x_wconf 85' lang='lat' dir='ltr'>commixtioni</span> <span class='ocrx_word' id='word_1_78' title='bbox 589 641 788 675; x_wconf 86' lang='lat' dir='ltr'>venereae,</span> <span class='ocrx_word' id='word_1_79' title='bbox 806 627 937 676; x_wconf 90' lang='lat' dir='ltr'>triplici</span> <span class='ocrx_word' id='word_1_80' title='bbox 957 626 1114 663; x_wconf 90' lang='lat' dir='ltr'>ratione.</span> <span class='ocrx_word' id='word_1_81' title='bbox 1140 625 1271 662; x_wconf 87' lang='lat' dir='ltr'>Primo</span> <span class='ocrx_word' id='word_1_82' title='bbox 1293 624 1374 673; x_wconf 92' lang='lat' dir='ltr'>qui-</span> 
     </span>
     <span class='ocr_line' id='line_1_24' title="bbox 308 679 1373 731; baseline -0.006 -11"><span class='ocrx_word' id='word_1_83' title='bbox 308 684 408 731; x_wconf 87' lang='lat' dir='ltr'>dem,</span> <span class='ocrx_word' id='word_1_84' title='bbox 439 683 528 731; x_wconf 91' lang='lat' dir='ltr'>quia</span> <span class='ocrx_word' id='word_1_85' title='bbox 555 682 770 719; x_wconf 86' lang='lat' dir='ltr'>naturaliter</span> <span class='ocrx_word' id='word_1_86' title='bbox 798 682 917 717; x_wconf 90' lang='lat' dir='ltr'>homo</span> <span class='ocrx_word' id='word_1_87' title='bbox 947 680 1061 717; x_wconf 92' lang='lat' dir='ltr'>debet</span> <span class='ocrx_word' id='word_1_88' title='bbox 1081 679 1276 727; x_wconf 89' lang='lat' dir='ltr'>quandam</span> <span class='ocrx_word' id='word_1_89' title='bbox 1304 679 1373 714; x_wconf 90' lang='lat' dir='ltr'>ho-</span> 
     </span>
     <span class='ocr_line' id='line_1_25' title="bbox 307 730 1373 793; baseline -0.006 -20"><span class='ocrx_word' id='word_1_90' title='bbox 307 736 584 773; x_wconf 88' lang='lat' dir='ltr'>norificentiam</span> <span class='ocrx_word' id='word_1_91' title='bbox 606 734 836 793; x_wconf 79' lang='lat' dir='ltr'>parentibus,</span> <span class='ocrx_word' id='word_1_92' title='bbox 859 741 894 770; x_wconf 89' lang='lat' dir='ltr'>et</span> <span class='ocrx_word' id='word_1_93' title='bbox 908 738 923 760; x_wconf 75' lang='grc' dir='ltr'><strong>Υ</strong></span> <span class='ocrx_word' id='word_1_94' title='bbox 943 745 1011 781; x_wconf 91' lang='lat' dir='ltr'>per</span> <span class='ocrx_word' id='word_1_95' title='bbox 1031 744 1272 781; x_wconf 90' lang='lat' dir='ltr'>consequens</span> <span class='ocrx_word' id='word_1_96' title='bbox 1292 730 1373 767; x_wconf 90' lang='lat' dir='ltr'>aliis</span> 
     </span>
     <span class='ocr_line' id='line_1_26' title="bbox 307 785 1374 836; baseline -0.006 -10"><span class='ocrx_word' id='word_1_97' title='bbox 307 789 607 836; x_wconf 81' lang='lat' dir='ltr'>consanguineis,</span> <span class='ocrx_word' id='word_1_98' title='bbox 629 788 693 836; x_wconf 93' lang='lat' dir='ltr'>qui</span> <span class='ocrx_word' id='word_1_99' title='bbox 722 799 767 823; x_wconf 91' lang='lat' dir='ltr'>ex</span> <span class='ocrx_word' id='word_1_100' title='bbox 797 787 941 823; x_wconf 89' lang='lat' dir='ltr'>eisdem</span> <span class='ocrx_word' id='word_1_101' title='bbox 962 785 1184 835; x_wconf 87' lang='lat' dir='ltr'>parentibus</span> <span class='ocrx_word' id='word_1_102' title='bbox 1213 785 1262 822; x_wconf 92' lang='lat' dir='ltr'>de</span> <span class='ocrx_word' id='word_1_103' title='bbox 1286 796 1374 833; x_wconf 92' lang='lat' dir='ltr'>pro-</span> 
     </span>
     <span class='ocr_line' id='line_1_27' title="bbox 305 838 1373 890; baseline -0.004 -12"><span class='ocrx_word' id='word_1_104' title='bbox 305 844 449 890; x_wconf 92' lang='lat' dir='ltr'>pinquo</span> <span class='ocrx_word' id='word_1_105' title='bbox 479 841 663 888; x_wconf 86' lang='lat' dir='ltr'>originem</span> <span class='ocrx_word' id='word_1_106' title='bbox 692 841 861 877; x_wconf 88' lang='lat' dir='ltr'>trahunt:</span> <span class='ocrx_word' id='word_1_107' title='bbox 891 840 930 876; x_wconf 92' lang='lat' dir='ltr'>in</span> <span class='ocrx_word' id='word_1_108' title='bbox 958 847 1105 876; x_wconf 91' lang='lat' dir='ltr'>tantum</span> <span class='ocrx_word' id='word_1_109' title='bbox 1135 839 1241 888; x_wconf 91' lang='lat' dir='ltr'>quod</span> <span class='ocrx_word' id='word_1_110' title='bbox 1270 838 1373 886; x_wconf 91' lang='lat' dir='ltr'>apud</span> 
     </span>
     <span class='ocr_line' id='line_1_28' title="bbox 305 892 1374 942; baseline -0.004 -11"><span class='ocrx_word' id='word_1_111' title='bbox 305 895 490 942; x_wconf 87' lang='lat' dir='ltr'>antiquos,</span> <span class='ocrx_word' id='word_1_112' title='bbox 512 902 553 930; x_wconf 92' lang='lat' dir='ltr'>ut</span> <span class='ocrx_word' id='word_1_113' title='bbox 580 894 772 931; x_wconf 86' lang='lat' dir='ltr'>Maximus</span> <span class='ocrx_word' id='word_1_114' title='bbox 792 893 965 930; x_wconf 90' lang='lat' dir='ltr'>Valerius</span> <span class='ocrx_word' id='word_1_115' title='bbox 995 893 1106 929; x_wconf 89' lang='lat' dir='ltr'>refert</span> <span class='ocrx_word' id='word_1_116' title='bbox 1124 892 1156 939; x_wconf 75' lang='grc'>*,</span> <span class='ocrx_word' id='word_1_117' title='bbox 1186 904 1264 929; x_wconf 90' lang='lat' dir='ltr'>non</span> <span class='ocrx_word' id='word_1_118' title='bbox 1294 898 1374 927; x_wconf 91' lang='lat' dir='ltr'>erat</span> 
     </span>
     <span class='ocr_line' id='line_1_29' title="bbox 305 944 1373 996; baseline -0.003 -12"><span class='ocrx_word' id='word_1_119' title='bbox 305 948 358 984; x_wconf 89' lang='lat' dir='ltr'>fas</span> <span class='ocrx_word' id='word_1_120' title='bbox 388 947 506 984; x_wconf 90' lang='lat' dir='ltr'>filiurn</span> <span class='ocrx_word' id='word_1_121' title='bbox 535 947 646 984; x_wconf 90' lang='lat' dir='ltr'>simul</span> <span class='ocrx_word' id='word_1_122' title='bbox 681 959 768 984; x_wconf 90' lang='lat' dir='ltr'>cum</span> <span class='ocrx_word' id='word_1_123' title='bbox 797 953 902 996; x_wconf 92' lang='lat' dir='ltr'>patre</span> <span class='ocrx_word' id='word_1_124' title='bbox 932 946 1121 993; x_wconf 85' lang='lat' dir='ltr'>balneari,</span> <span class='ocrx_word' id='word_1_125' title='bbox 1151 958 1198 982; x_wconf 92' lang='lat' dir='ltr'>ne</span> <span class='ocrx_word' id='word_1_126' title='bbox 1233 944 1373 981; x_wconf 92' lang='lat' dir='ltr'>scilicet</span> 
     </span>
     <span class='ocr_line' id='line_1_30' title="bbox 304 999 1373 1049; baseline -0.002 -12"><span class='ocrx_word' id='word_1_127' title='bbox 304 1014 342 1037; x_wconf 91' lang='lat' dir='ltr'>se</span> <span class='ocrx_word' id='word_1_128' title='bbox 363 999 376 1022; x_wconf 72' lang='grc' dir='ltr'><strong>δ</strong></span> <span class='ocrx_word' id='word_1_129' title='bbox 403 1000 567 1037; x_wconf 91' lang='lat' dir='ltr'>invicem</span> <span class='ocrx_word' id='word_1_130' title='bbox 596 1002 720 1038; x_wconf 91' lang='lat' dir='ltr'>nudos</span> <span class='ocrx_word' id='word_1_131' title='bbox 745 999 1019 1049; x_wconf 89' lang='lat' dir='ltr'>conspicerent.</span> <span class='ocrx_word' id='word_1_132' title='bbox 1050 999 1295 1036; x_wconf 85' lang='lat' dir='ltr'>Manifestum</span> <span class='ocrx_word' id='word_1_133' title='bbox 1318 1005 1373 1035; x_wconf 89' lang='lat' dir='ltr'>est</span> 
     </span>
     <span class='ocr_line' id='line_1_31' title="bbox 303 1052 1372 1103; baseline -0.002 -13"><span class='ocrx_word' id='word_1_134' title='bbox 303 1063 431 1091; x_wconf 90' lang='lat' dir='ltr'>autem</span> <span class='ocrx_word' id='word_1_135' title='bbox 458 1055 669 1091; x_wconf 90' lang='lat' dir='ltr'>secundum</span> <span class='ocrx_word' id='word_1_136' title='bbox 695 1054 888 1103; x_wconf 90' lang='lat' dir='ltr'>praedicta</span> <span class='ocrx_word' id='word_1_137' title='bbox 907 1053 926 1074; x_wconf 67' lang='lat'>’¹‘</span> <span class='ocrx_word' id='word_1_138' title='bbox 955 1054 1061 1102; x_wconf 90' lang='lat' dir='ltr'>quod</span> <span class='ocrx_word' id='word_1_139' title='bbox 1082 1053 1119 1089; x_wconf 91' lang='lat' dir='ltr'>in</span> <span class='ocrx_word' id='word_1_140' title='bbox 1139 1052 1287 1089; x_wconf 89' lang='lat' dir='ltr'>actibus</span> <span class='ocrx_word' id='word_1_141' title='bbox 1306 1065 1372 1088; x_wconf 92' lang='lat' dir='ltr'>ve-</span> 
     </span>
     <span class='ocr_line' id='line_1_32' title="bbox 302 1106 1373 1156; baseline -0.001 -13"><span class='ocrx_word' id='word_1_142' title='bbox 302 1108 426 1144; x_wconf 88' lang='lat' dir='ltr'>nereis</span> <span class='ocrx_word' id='word_1_143' title='bbox 455 1107 622 1144; x_wconf 86' lang='lat' dir='ltr'>maxime</span> <span class='ocrx_word' id='word_1_144' title='bbox 655 1107 824 1144; x_wconf 88' lang='lat' dir='ltr'>consistit</span> <span class='ocrx_word' id='word_1_145' title='bbox 852 1107 1043 1156; x_wconf 89' lang='lat' dir='ltr'>quaedam</span> <span class='ocrx_word' id='word_1_146' title='bbox 1081 1106 1276 1155; x_wconf 89' lang='lat' dir='ltr'>turpitudo</span> <span class='ocrx_word' id='word_1_147' title='bbox 1305 1106 1373 1142; x_wconf 92' lang='lat' dir='ltr'>ho-</span> 
     </span>
     <span class='ocr_line' id='line_1_33' title="bbox 303 1160 1373 1197; baseline -0.002 0"><span class='ocrx_word' id='word_1_148' title='bbox 303 1161 563 1197; x_wconf 89' lang='lat' dir='ltr'>norificentiae</span> <span class='ocrx_word' id='word_1_149' title='bbox 594 1160 802 1197; x_wconf 88' lang='lat' dir='ltr'>contraria:</span> <span class='ocrx_word' id='word_1_150' title='bbox 833 1160 935 1197; x_wconf 87' lang='lat' dir='ltr'>unde</span> <span class='ocrx_word' id='word_1_151' title='bbox 957 1161 1004 1196; x_wconf 93' lang='lat' dir='ltr'>de</span> <span class='ocrx_word' id='word_1_152' title='bbox 1033 1161 1091 1196; x_wconf 92' lang='lat' dir='ltr'>his</span> <span class='ocrx_word' id='word_1_153' title='bbox 1110 1160 1287 1196; x_wconf 90' lang='lat' dir='ltr'>homines</span> <span class='ocrx_word' id='word_1_154' title='bbox 1307 1171 1373 1195; x_wconf 91' lang='lat' dir='ltr'>ve-</span> 
     </span>
     <span class='ocr_line' id='line_1_34' title="bbox 304 1213 1372 1262; baseline 0 -13"><span class='ocrx_word' id='word_1_155' title='bbox 304 1214 571 1251; x_wconf 88' lang='lat' dir='ltr'>recundantur.</span> <span class='ocrx_word' id='word_1_156' title='bbox 602 1215 650 1251; x_wconf 91' lang='lat' dir='ltr'>Et</span> <span class='ocrx_word' id='word_1_157' title='bbox 669 1214 756 1251; x_wconf 89' lang='lat' dir='ltr'>ideo</span> <span class='ocrx_word' id='word_1_158' title='bbox 777 1214 1031 1262; x_wconf 86' lang='lat' dir='ltr'>incongruum</span> <span class='ocrx_word' id='word_1_159' title='bbox 1063 1221 1119 1250; x_wconf 91' lang='lat' dir='ltr'>est</span> <span class='ocrx_word' id='word_1_160' title='bbox 1138 1213 1243 1262; x_wconf 88' lang='lat' dir='ltr'>quod</span> <span class='ocrx_word' id='word_1_161' title='bbox 1268 1225 1372 1250; x_wconf 90' lang='lat' dir='ltr'>com-</span> 
     </span>
     <span class='ocr_line' id='line_1_35' title="bbox 303 1266 1373 1316; baseline -0.001 -12"><span class='ocrx_word' id='word_1_162' title='bbox 303 1267 433 1304; x_wconf 89' lang='lat' dir='ltr'>mixtio</span> <span class='ocrx_word' id='word_1_163' title='bbox 454 1273 465 1288; x_wconf 66' lang='lat'><em>*</em></span> <span class='ocrx_word' id='word_1_164' title='bbox 494 1280 660 1304; x_wconf 89' lang='lat' dir='ltr'>venerea</span> <span class='ocrx_word' id='word_1_165' title='bbox 680 1268 747 1304; x_wconf 92' lang='lat' dir='ltr'>fiat</span> <span class='ocrx_word' id='word_1_166' title='bbox 774 1267 904 1304; x_wconf 90' lang='lat' dir='ltr'>talium</span> <span class='ocrx_word' id='word_1_167' title='bbox 930 1279 1183 1316; x_wconf 93' lang='lat' dir='ltr'>personarum</span> <span class='ocrx_word' id='word_1_168' title='bbox 1211 1266 1260 1304; x_wconf 92' lang='lat' dir='ltr'>ad</span> <span class='ocrx_word' id='word_1_169' title='bbox 1279 1266 1373 1303; x_wconf 89' lang='lat' dir='ltr'>invi-</span> 
     </span>
     <span class='ocr_line' id='line_1_36' title="bbox 304 1319 1360 1369; baseline 0 -12"><span class='ocrx_word' id='word_1_170' title='bbox 304 1333 399 1357; x_wconf 89' lang='lat' dir='ltr'>cem.</span> <span class='ocrx_word' id='word_1_171' title='bbox 430 1322 478 1357; x_wconf 91' lang='lat' dir='ltr'>Et</span> <span class='ocrx_word' id='word_1_172' title='bbox 498 1322 592 1357; x_wconf 90' lang='lat' dir='ltr'>haec</span> <span class='ocrx_word' id='word_1_173' title='bbox 613 1334 727 1358; x_wconf 88' lang='lat' dir='ltr'>causa</span> <span class='ocrx_word' id='word_1_174' title='bbox 749 1321 902 1358; x_wconf 88' lang='lat' dir='ltr'>videtur</span> <span class='ocrx_word' id='word_1_175' title='bbox 921 1320 1082 1369; x_wconf 84' lang='lat' dir='ltr'>exprimi</span> <span class='ocrx_word' id='word_1_176' title='bbox 1101 1321 1220 1358; x_wconf 81' lang='lat' dir='ltr'>Levit.</span> <span class='ocrx_word' id='word_1_177' title='bbox 1241 1332 1326 1357; x_wconf 83' lang='lat' dir='ltr'>xvlu</span> <span class='ocrx_word' id='word_1_178' title='bbox 1341 1319 1360 1341; x_wconf 80' lang='grc'><strong><em>*</em></strong></span> 
     </span>
     <span class='ocr_line' id='line_1_37' title="bbox 304 1374 1372 1422; baseline 0 -12"><span class='ocrx_word' id='word_1_179' title='bbox 304 1374 368 1410; x_wconf 91' lang='lat' dir='ltr'>ubi</span> <span class='ocrx_word' id='word_1_180' title='bbox 397 1374 552 1411; x_wconf 88' lang='lat' dir='ltr'>dicitur:</span> <span class='ocrx_word' id='word_1_181' title='bbox 582 1375 713 1411; x_wconf 87' lang='lat' dir='ltr'>Mater</span> <span class='ocrx_word' id='word_1_182' title='bbox 741 1380 804 1411; x_wconf 87' lang='lat' dir='ltr'>tua</span> <span class='ocrx_word' id='word_1_183' title='bbox 834 1380 904 1410; x_wconf 84' lang='lat' dir='ltr'>est.-</span> <span class='ocrx_word' id='word_1_184' title='bbox 933 1386 1007 1411; x_wconf 91' lang='lat' dir='ltr'>non</span> <span class='ocrx_word' id='word_1_185' title='bbox 1046 1374 1229 1411; x_wconf 81' lang='lat' dir='ltr'>revelabis</span> <span class='ocrx_word' id='word_1_186' title='bbox 1258 1374 1372 1422; x_wconf 85' lang='lat' dir='ltr'>turpi-</span> 
     </span>
     <span class='ocr_line' id='line_1_38' title="bbox 303 1426 1299 1476; baseline -0.001 -12"><span class='ocrx_word' id='word_1_187' title='bbox 303 1428 467 1464; x_wconf 85' lang='lat' dir='ltr'>tudinem</span> <span class='ocrx_word' id='word_1_188' title='bbox 497 1428 587 1464; x_wconf 83' lang='lat' dir='ltr'>eius.</span> <span class='ocrx_word' id='word_1_189' title='bbox 619 1428 666 1464; x_wconf 89' lang='lat' dir='ltr'>Et</span> <span class='ocrx_word' id='word_1_190' title='bbox 694 1428 797 1464; x_wconf 91' lang='lat' dir='ltr'>idern</span> <span class='ocrx_word' id='word_1_191' title='bbox 827 1435 962 1476; x_wconf 89' lang='lat' dir='ltr'>postea</span> <span class='ocrx_word' id='word_1_192' title='bbox 991 1426 1110 1464; x_wconf 73' lang='lat' dir='ltr'>dicit&lt;</span> <span class='ocrx_word' id='word_1_193' title='bbox 1140 1427 1177 1464; x_wconf 94' lang='lat' dir='ltr'>in</span> <span class='ocrx_word' id='word_1_194' title='bbox 1207 1427 1299 1464; x_wconf 90' lang='lat' dir='ltr'>aliis.</span> 
     </span>
    </p>

    <p class='ocr_par' dir='ltr' id='par_1_14' title="bbox 301 1480 1372 1901">
     <span class='ocr_line' id='line_1_39' title="bbox 358 1480 1371 1529; baseline -0.001 -12"><span class='ocrx_word' id='word_1_195' title='bbox 358 1481 536 1518; x_wconf 88' lang='lat' dir='ltr'>Secunda</span> <span class='ocrx_word' id='word_1_196' title='bbox 566 1480 659 1518; x_wconf 90' lang='lat' dir='ltr'>ratio</span> <span class='ocrx_word' id='word_1_197' title='bbox 681 1489 736 1517; x_wconf 89' lang='lat' dir='ltr'>est</span> <span class='ocrx_word' id='word_1_198' title='bbox 755 1480 842 1529; x_wconf 89' lang='lat' dir='ltr'>quia</span> <span class='ocrx_word' id='word_1_199' title='bbox 862 1493 1045 1529; x_wconf 87' lang='lat' dir='ltr'>personas</span> <span class='ocrx_word' id='word_1_200' title='bbox 1074 1480 1257 1528; x_wconf 89' lang='lat' dir='ltr'>sanguine</span> <span class='ocrx_word' id='word_1_201' title='bbox 1283 1493 1371 1517; x_wconf 90' lang='lat' dir='ltr'>con-</span> 
     </span>
     <span class='ocr_line' id='line_1_40' title="bbox 302 1533 1371 1571; baseline -0.001 0"><span class='ocrx_word' id='word_1_202' title='bbox 302 1534 450 1571; x_wconf 89' lang='lat' dir='ltr'>iunctas</span> <span class='ocrx_word' id='word_1_203' title='bbox 478 1546 633 1571; x_wconf 88' lang='lat' dir='ltr'>necesse</span> <span class='ocrx_word' id='word_1_204' title='bbox 654 1544 709 1571; x_wconf 92' lang='lat' dir='ltr'>est</span> <span class='ocrx_word' id='word_1_205' title='bbox 729 1534 777 1571; x_wconf 93' lang='lat' dir='ltr'>ad</span> <span class='ocrx_word' id='word_1_206' title='bbox 805 1533 970 1571; x_wconf 89' lang='lat' dir='ltr'>invicem</span> <span class='ocrx_word' id='word_1_207' title='bbox 1000 1534 1113 1571; x_wconf 89' lang='lat' dir='ltr'>simul</span> <span class='ocrx_word' id='word_1_208' title='bbox 1142 1533 1371 1571; x_wconf 91' lang='lat' dir='ltr'>conversari.</span> 
     </span>
     <span class='ocr_line' id='line_1_41' title="bbox 303 1587 1372 1625; baseline -0.001 -1"><span class='ocrx_word' id='word_1_209' title='bbox 303 1588 415 1625; x_wconf 89' lang='lat' dir='ltr'>Unde</span> <span class='ocrx_word' id='word_1_210' title='bbox 444 1589 473 1624; x_wconf 88' lang='lat' dir='ltr'>si</span> <span class='ocrx_word' id='word_1_211' title='bbox 502 1588 678 1624; x_wconf 91' lang='lat' dir='ltr'>homines</span> <span class='ocrx_word' id='word_1_212' title='bbox 709 1600 787 1624; x_wconf 92' lang='lat' dir='ltr'>non</span> <span class='ocrx_word' id='word_1_213' title='bbox 816 1595 1036 1624; x_wconf 91' lang='lat' dir='ltr'>arcerentur</span> <span class='ocrx_word' id='word_1_214' title='bbox 1055 1600 1077 1624; x_wconf 91' lang='lat' dir='ltr'>a</span> <span class='ocrx_word' id='word_1_215' title='bbox 1099 1587 1372 1625; x_wconf 87' lang='lat' dir='ltr'>commixtione</span> 
     </span>
     <span class='ocr_line' id='line_1_42' title="bbox 302 1640 1371 1689; baseline 0 -12"><span class='ocrx_word' id='word_1_216' title='bbox 302 1653 489 1686; x_wconf 75' lang='lat' dir='ltr'>venerea,</span> <span class='ocrx_word' id='word_1_217' title='bbox 521 1641 637 1677; x_wconf 92' lang='lat' dir='ltr'>nimia</span> <span class='ocrx_word' id='word_1_218' title='bbox 667 1641 932 1689; x_wconf 88' lang='lat' dir='ltr'>opportunitas</span> <span class='ocrx_word' id='word_1_219' title='bbox 962 1641 1115 1677; x_wconf 89' lang='lat' dir='ltr'>daretur</span> <span class='ocrx_word' id='word_1_220' title='bbox 1150 1640 1371 1677; x_wconf 87' lang='lat' dir='ltr'>hominibus</span> 
     </span>
     <span class='ocr_line' id='line_1_43' title="bbox 302 1693 1370 1731; baseline 0 -1"><span class='ocrx_word' id='word_1_221' title='bbox 302 1706 492 1731; x_wconf 89' lang='lat' dir='ltr'>venereae</span> <span class='ocrx_word' id='word_1_222' title='bbox 532 1694 832 1730; x_wconf 81' lang='lat' dir='ltr'>commixtionis:</span> <span class='ocrx_word' id='word_1_223' title='bbox 864 1701 900 1730; x_wconf 91' lang='lat' dir='ltr'>et</span> <span class='ocrx_word' id='word_1_224' title='bbox 928 1693 981 1730; x_wconf 94' lang='lat' dir='ltr'>sic</span> <span class='ocrx_word' id='word_1_225' title='bbox 1015 1694 1134 1730; x_wconf 88' lang='lat' dir='ltr'>animi</span> <span class='ocrx_word' id='word_1_226' title='bbox 1168 1694 1370 1730; x_wconf 90' lang='lat' dir='ltr'>hominum</span> 
     </span>
     <span class='ocr_line' id='line_1_44' title="bbox 303 1746 1370 1795; baseline 0 -11"><span class='ocrx_word' id='word_1_227' title='bbox 303 1747 413 1784; x_wconf 90' lang='lat' dir='ltr'>nimis</span> <span class='ocrx_word' id='word_1_228' title='bbox 444 1748 734 1784; x_wconf 91' lang='lat' dir='ltr'>emollescerent</span> <span class='ocrx_word' id='word_1_229' title='bbox 751 1759 820 1795; x_wconf 88' lang='lat' dir='ltr'>per</span> <span class='ocrx_word' id='word_1_230' title='bbox 840 1747 1041 1783; x_wconf 88' lang='lat' dir='ltr'>luxuriam.</span> <span class='ocrx_word' id='word_1_231' title='bbox 1064 1747 1112 1783; x_wconf 90' lang='lat' dir='ltr'>Et</span> <span class='ocrx_word' id='word_1_232' title='bbox 1140 1746 1227 1783; x_wconf 93' lang='lat' dir='ltr'>ideo</span> <span class='ocrx_word' id='word_1_233' title='bbox 1248 1747 1286 1783; x_wconf 94' lang='lat' dir='ltr'>in</span> <span class='ocrx_word' id='word_1_234' title='bbox 1305 1759 1370 1784; x_wconf 89' lang='lat' dir='ltr'>ve-</span> 
     </span>
     <span class='ocr_line' id='line_1_45' title="bbox 301 1798 1370 1848; baseline -0.001 -11"><span class='ocrx_word' id='word_1_235' title='bbox 301 1801 368 1837; x_wconf 91' lang='lat' dir='ltr'>teri</span> <span class='ocrx_word' id='word_1_236' title='bbox 398 1801 481 1848; x_wconf 89' lang='lat' dir='ltr'>lege</span> <span class='ocrx_word' id='word_1_237' title='bbox 511 1801 593 1837; x_wconf 90' lang='lat' dir='ltr'>illae</span> <span class='ocrx_word' id='word_1_238' title='bbox 623 1812 811 1848; x_wconf 91' lang='lat' dir='ltr'>personae</span> <span class='ocrx_word' id='word_1_239' title='bbox 840 1798 1054 1848; x_wconf 71' lang='lat' dir='ltr'>specialiter</span> <span class='ocrx_word' id='word_1_240' title='bbox 1081 1799 1262 1836; x_wconf 87' lang='lat' dir='ltr'>videntur</span> <span class='ocrx_word' id='word_1_241' title='bbox 1288 1812 1370 1836; x_wconf 84' lang='lat' dir='ltr'>esse</span> 
     </span>
     <span class='ocr_line' id='line_1_46' title="bbox 302 1852 1368 1901; baseline 0 -12"><span class='ocrx_word' id='word_1_242' title='bbox 302 1853 516 1901; x_wconf 90' lang='lat' dir='ltr'>prohibitae</span> <span class='ocrx_word' id='word_1_243' title='bbox 546 1866 640 1901; x_wconf 92' lang='lat' dir='ltr'>quas</span> <span class='ocrx_word' id='word_1_244' title='bbox 669 1865 825 1889; x_wconf 89' lang='lat' dir='ltr'>necesse</span> <span class='ocrx_word' id='word_1_245' title='bbox 854 1861 910 1889; x_wconf 91' lang='lat' dir='ltr'>est</span> <span class='ocrx_word' id='word_1_246' title='bbox 938 1852 1050 1888; x_wconf 89' lang='lat' dir='ltr'>simul</span> <span class='ocrx_word' id='word_1_247' title='bbox 1088 1853 1318 1889; x_wconf 84' lang='lat' dir='ltr'>commorari</span> <span class='ocrx_word' id='word_1_248' title='bbox 1338 1852 1368 1889; x_wconf 65' lang='lat'>³¹².</span> 
     </span>
    </p>

    <p class='ocr_par' dir='ltr' id='par_1_15' title="bbox 296 1905 1371 2435">
     <span class='ocr_line' id='line_1_47' title="bbox 356 1905 1371 1954; baseline -0.001 -12"><span class='ocrx_word' id='word_1_249' title='bbox 356 1906 484 1942; x_wconf 90' lang='lat' dir='ltr'>Tertia</span> <span class='ocrx_word' id='word_1_250' title='bbox 505 1906 598 1942; x_wconf 90' lang='lat' dir='ltr'>ratio</span> <span class='ocrx_word' id='word_1_251' title='bbox 620 1913 675 1942; x_wconf 88' lang='lat' dir='ltr'>est</span> <span class='ocrx_word' id='word_1_252' title='bbox 703 1907 791 1954; x_wconf 90' lang='lat' dir='ltr'>quia</span> <span class='ocrx_word' id='word_1_253' title='bbox 812 1917 880 1954; x_wconf 92' lang='lat' dir='ltr'>per</span> <span class='ocrx_word' id='word_1_254' title='bbox 903 1907 978 1941; x_wconf 94' lang='lat' dir='ltr'>hoc</span> <span class='ocrx_word' id='word_1_255' title='bbox 1007 1905 1255 1954; x_wconf 89' lang='lat' dir='ltr'>impediretur</span> <span class='ocrx_word' id='word_1_256' title='bbox 1275 1907 1371 1942; x_wconf 92' lang='lat' dir='ltr'>mul—</span> 
     </span>
     <span class='ocr_line' id='line_1_48' title="bbox 300 1958 1368 2008; baseline -0.001 -13"><span class='ocrx_word' id='word_1_257' title='bbox 300 1959 478 2008; x_wconf 90' lang='lat' dir='ltr'>tiplicatio</span> <span class='ocrx_word' id='word_1_258' title='bbox 515 1958 748 1995; x_wconf 90' lang='lat' dir='ltr'>amicorum:</span> <span class='ocrx_word' id='word_1_259' title='bbox 780 1959 872 1995; x_wconf 90' lang='lat' dir='ltr'>dum</span> <span class='ocrx_word' id='word_1_260' title='bbox 910 1958 1012 1994; x_wconf 90' lang='lat' dir='ltr'>enim</span> <span class='ocrx_word' id='word_1_261' title='bbox 1049 1959 1170 1994; x_wconf 92' lang='lat' dir='ltr'>homo</span> <span class='ocrx_word' id='word_1_262' title='bbox 1209 1970 1368 1995; x_wconf 90' lang='lat' dir='ltr'>uxorem</span> 
     </span>
     <span class='ocr_line' id='line_1_49' title="bbox 301 2011 1371 2060; baseline -0.001 -11"><span class='ocrx_word' id='word_1_263' title='bbox 301 2020 518 2049; x_wconf 87' lang='lat' dir='ltr'>extraneam</span> <span class='ocrx_word' id='word_1_264' title='bbox 557 2011 710 2060; x_wconf 80' lang='lat' dir='ltr'>accipit,</span> <span class='ocrx_word' id='word_1_265' title='bbox 740 2012 945 2060; x_wconf 90' lang='lat' dir='ltr'>iunguntur</span> <span class='ocrx_word' id='word_1_266' title='bbox 973 2011 1044 2048; x_wconf 91' lang='lat' dir='ltr'>sibi</span> <span class='ocrx_word' id='word_1_267' title='bbox 1081 2012 1250 2060; x_wconf 91' lang='lat' dir='ltr'>quadarn</span> <span class='ocrx_word' id='word_1_268' title='bbox 1287 2024 1371 2060; x_wconf 94' lang='lat' dir='ltr'>spe-</span> 
     </span>
     <span class='ocr_line' id='line_1_50' title="bbox 300 2064 1368 2113; baseline -0.001 -11"><span class='ocrx_word' id='word_1_269' title='bbox 300 2066 382 2103; x_wconf 92' lang='lat' dir='ltr'>ciali</span> <span class='ocrx_word' id='word_1_270' title='bbox 412 2065 574 2102; x_wconf 89' lang='lat' dir='ltr'>amicitia</span> <span class='ocrx_word' id='word_1_271' title='bbox 612 2077 748 2102; x_wconf 91' lang='lat' dir='ltr'>omnes</span> <span class='ocrx_word' id='word_1_272' title='bbox 787 2064 1059 2113; x_wconf 88' lang='lat' dir='ltr'>consanguinei</span> <span class='ocrx_word' id='word_1_273' title='bbox 1086 2064 1237 2112; x_wconf 88' lang='lat' dir='ltr'>uxoris,</span> <span class='ocrx_word' id='word_1_274' title='bbox 1264 2077 1310 2101; x_wconf 90' lang='lat' dir='ltr'>ac</span> <span class='ocrx_word' id='word_1_275' title='bbox 1339 2065 1368 2102; x_wconf 91' lang='lat' dir='ltr'>si</span> 
     </span>
     <span class='ocr_line' id='line_1_51' title="bbox 300 2118 1367 2166; baseline 0 -11"><span class='ocrx_word' id='word_1_276' title='bbox 300 2128 425 2156; x_wconf 90' lang='lat' dir='ltr'>essent</span> <span class='ocrx_word' id='word_1_277' title='bbox 452 2118 723 2166; x_wconf 89' lang='lat' dir='ltr'>consanguinei</span> <span class='ocrx_word' id='word_1_278' title='bbox 750 2118 819 2155; x_wconf 92' lang='lat' dir='ltr'>sui.</span> <span class='ocrx_word' id='word_1_279' title='bbox 856 2118 970 2156; x_wconf 93' lang='lat' dir='ltr'>Unde</span> <span class='ocrx_word' id='word_1_280' title='bbox 1002 2118 1238 2166; x_wconf 86' lang='lat' dir='ltr'>Augustinus</span> <span class='ocrx_word' id='word_1_281' title='bbox 1267 2118 1367 2166; x_wconf 84' lang='lat' dir='ltr'>dicit,</span> 
     </span>
     <span class='ocr_line' id='line_1_52' title="bbox 299 2171 1369 2209; baseline 0.001 -1"><span class='ocrx_word' id='word_1_282' title='bbox 299 2173 368 2208; x_wconf 91' lang='lat' dir='ltr'>XV</span> <span class='ocrx_word' id='word_1_283' title='bbox 389 2173 433 2209; x_wconf 87' lang='lat' dir='ltr'>de</span> <span class='ocrx_word' id='word_1_284' title='bbox 466 2173 544 2209; x_wconf 81' lang='lat' dir='ltr'>Civ.</span> <span class='ocrx_word' id='word_1_285' title='bbox 566 2172 641 2208; x_wconf 88' lang='lat' dir='ltr'>Dei</span> <span class='ocrx_word' id='word_1_286' title='bbox 656 2171 696 2208; x_wconf 76' lang='lat' dir='ltr'>*z</span> <span class='ocrx_word' id='word_1_287' title='bbox 725 2172 871 2208; x_wconf 87' lang='lat' dir='ltr'>Habita</span> <span class='ocrx_word' id='word_1_288' title='bbox 892 2177 946 2208; x_wconf 88' lang='lat' dir='ltr'>est</span> <span class='ocrx_word' id='word_1_289' title='bbox 963 2172 1060 2208; x_wconf 87' lang='lat' dir='ltr'>ratio</span> <span class='ocrx_word' id='word_1_290' title='bbox 1081 2172 1287 2209; x_wconf 87' lang='lat' dir='ltr'>rectissima</span> <span class='ocrx_word' id='word_1_291' title='bbox 1307 2183 1369 2209; x_wconf 89' lang='lat' dir='ltr'>ca-</span> 
     </span>
     <span class='ocr_line' id='line_1_53' title="bbox 298 2225 1369 2274; baseline 0.001 -13"><span class='ocrx_word' id='word_1_292' title='bbox 298 2226 417 2262; x_wconf 87' lang='lat' dir='ltr'>ritatis</span> <span class='ocrx_word' id='word_1_293' title='bbox 447 2231 485 2262; x_wconf 89' lang='lat' dir='ltr'>ut</span> <span class='ocrx_word' id='word_1_294' title='bbox 512 2226 692 2271; x_wconf 90' lang='lat' dir='ltr'>homines,</span> <span class='ocrx_word' id='word_1_295' title='bbox 714 2226 847 2274; x_wconf 85' lang='lat' dir='ltr'>quibus</span> <span class='ocrx_word' id='word_1_296' title='bbox 875 2231 969 2261; x_wconf 89' lang='lat' dir='ltr'>esset</span> <span class='ocrx_word' id='word_1_297' title='bbox 991 2225 1089 2262; x_wconf 83' lang='lat' dir='ltr'>utilis</span> <span class='ocrx_word' id='word_1_298' title='bbox 1117 2231 1229 2274; x_wconf 85' lang='lat' dir='ltr'>atque</span> <span class='ocrx_word' id='word_1_299' title='bbox 1255 2226 1369 2262; x_wconf 85' lang='lat' dir='ltr'>hone-</span> 
     </span>
     <span class='ocr_line' id='line_1_54' title="bbox 296 2278 1368 2325; baseline 0.001 -10"><span class='ocrx_word' id='word_1_300' title='bbox 296 2284 353 2316; x_wconf 85' lang='lat' dir='ltr'>sta</span> <span class='ocrx_word' id='word_1_301' title='bbox 373 2279 588 2325; x_wconf 85' lang='lat' dir='ltr'>concordia,</span> <span class='ocrx_word' id='word_1_302' title='bbox 608 2279 844 2316; x_wconf 82' lang='lat' dir='ltr'>diversarum</span> <span class='ocrx_word' id='word_1_303' title='bbox 865 2278 1190 2316; x_wconf 57' lang='lat' dir='ltr'>vicissitudinum*¹</span> <span class='ocrx_word' id='word_1_304' title='bbox 1209 2279 1368 2316; x_wconf 81' lang='lat' dir='ltr'>vinculis</span> 
     </span>
     <span class='ocr_line' id='line_1_55' title="bbox 298 2332 1370 2379; baseline 0.002 -11"><span class='ocrx_word' id='word_1_305' title='bbox 298 2338 543 2377; x_wconf 86' lang='lat' dir='ltr'>necterentur,</span> <span class='ocrx_word' id='word_1_306' title='bbox 565 2344 632 2369; x_wconf 91' lang='lat' dir='ltr'>nec</span> <span class='ocrx_word' id='word_1_307' title='bbox 661 2345 756 2369; x_wconf 92' lang='lat' dir='ltr'>unus</span> <span class='ocrx_word' id='word_1_308' title='bbox 785 2333 821 2370; x_wconf 89' lang='lat' dir='ltr'>in</span> <span class='ocrx_word' id='word_1_309' title='bbox 853 2345 926 2369; x_wconf 89' lang='lat' dir='ltr'>uno</span> <span class='ocrx_word' id='word_1_310' title='bbox 955 2332 1093 2369; x_wconf 89' lang='lat' dir='ltr'>multas</span> <span class='ocrx_word' id='word_1_311' title='bbox 1119 2333 1284 2379; x_wconf 88' lang='lat' dir='ltr'>haberet,</span> <span class='ocrx_word' id='word_1_312' title='bbox 1304 2334 1370 2370; x_wconf 88' lang='lat' dir='ltr'>sed</span> 
     </span>
     <span class='ocr_line' id='line_1_56' title="bbox 296 2386 1044 2435; baseline 0 -13"><span class='ocrx_word' id='word_1_313' title='bbox 296 2386 470 2435; x_wconf 79' lang='lat' dir='ltr'>singulae</span> <span class='ocrx_word' id='word_1_314' title='bbox 497 2391 770 2435; x_wconf 80' lang='lat' dir='ltr'>spargerentur</span> <span class='ocrx_word' id='word_1_315' title='bbox 798 2387 834 2423; x_wconf 90' lang='lat' dir='ltr'>in</span> <span class='ocrx_word' id='word_1_316' title='bbox 863 2386 1044 2435; x_wconf 82' lang='lat' dir='ltr'>singulos.</span> 
     </span>
    </p>
   </div>
   <div class='ocr_carea' id='block_1_13' title="bbox 981 280 1824 330">
    <p class='ocr_par' dir='ltr' id='par_1_16' title="bbox 981 280 1824 330">
     <span class='ocr_line' id='line_1_57' title="bbox 981 280 1824 330; baseline -0.002 -10"><span class='ocrx_word' id='word_1_317' title='bbox 981 282 1248 330; x_wconf 89' lang='lat' dir='ltr'>QUAESTIO</span> <span class='ocrx_word' id='word_1_318' title='bbox 1278 280 1414 327; x_wconf 88' lang='lat' dir='ltr'>CLIV,</span> <span class='ocrx_word' id='word_1_319' title='bbox 1443 282 1741 319; x_wconf 91' lang='lat' dir='ltr'>ARTICULUS</span> <span class='ocrx_word' id='word_1_320' title='bbox 1772 282 1824 318; x_wconf 91' lang='lat' dir='ltr'>IX</span> 
     </span>
    </p>
   </div>
   <div class='ocr_carea' id='block_1_14' title="bbox 1428 360 2613 416">
    <p class='ocr_par' dir='ltr' id='par_1_17' title="bbox 1428 360 2613 416">
     <span class='ocr_line' id='line_1_58' title="bbox 1428 360 2613 416; baseline 0 -20"><span class='ocrx_word' id='word_1_321' title='bbox 1428 360 1460 395; x_wconf 93' lang='lat' dir='ltr'>II</span> <span class='ocrx_word' id='word_1_322' title='bbox 1480 360 1623 397; x_wconf 88' lang='lat' dir='ltr'>Politic.</span> <span class='ocrx_word' id='word_1_323' title='bbox 1644 360 1682 396; x_wconf 73' lang='grc' dir='ltr'>*ε</span> <span class='ocrx_word' id='word_1_324' title='bbox 1713 360 1800 409; x_wconf 88' lang='lat' dir='ltr'>quia</span> <span class='ocrx_word' id='word_1_325' title='bbox 1830 372 1917 396; x_wconf 93' lang='lat' dir='ltr'>cum</span> <span class='ocrx_word' id='word_1_326' title='bbox 1943 361 2163 398; x_wconf 83' lang='lat' dir='ltr'>naturaliter</span> <span class='ocrx_word' id='word_1_327' title='bbox 2191 362 2311 397; x_wconf 89' lang='lat' dir='ltr'>homo</span> <span class='ocrx_word' id='word_1_328' title='bbox 2342 371 2502 396; x_wconf 91' lang='lat' dir='ltr'>consan-</span> <span class='ocrx_word' id='word_1_329' title='bbox 2529 367 2613 416; x_wconf 58' lang='lat' dir='ltr'>8⁰1⁸ss</span> 
     </span>
    </p>
   </div>
   <div class='ocr_carea' id='block_1_15' title="bbox 1425 389 2502 2166">
    <p class='ocr_par' dir='ltr' id='par_1_18' title="bbox 1427 389 2502 620">
     <span class='ocr_line' id='line_1_59' title="bbox 1427 389 2502 463; baseline 0 -14"><span class='ocrx_word' id='word_1_330' title='bbox 1427 413 1607 459; x_wconf 89' lang='lat' dir='ltr'>guineam</span> <span class='ocrx_word' id='word_1_331' title='bbox 1646 389 1793 461; x_wconf 74' lang='lat' dir='ltr'>diligat,</span> <span class='ocrx_word' id='word_1_332' title='bbox 1821 413 1851 450; x_wconf 92' lang='lat' dir='ltr'>si</span> <span class='ocrx_word' id='word_1_333' title='bbox 1880 413 2087 451; x_wconf 90' lang='lat' dir='ltr'>adderetur</span> <span class='ocrx_word' id='word_1_334' title='bbox 2122 426 2233 451; x_wconf 90' lang='lat' dir='ltr'>amor</span> <span class='ocrx_word' id='word_1_335' title='bbox 2269 413 2333 463; x_wconf 93' lang='lat' dir='ltr'>qui</span> <span class='ocrx_word' id='word_1_336' title='bbox 2372 421 2428 450; x_wconf 90' lang='lat' dir='ltr'>est</span> <span class='ocrx_word' id='word_1_337' title='bbox 2456 424 2502 449; x_wconf 88' lang='lat' dir='ltr'>ex</span> 
     </span>
     <span class='ocr_line' id='line_1_60' title="bbox 1428 465 2502 513; baseline 0 -11"><span class='ocrx_word' id='word_1_338' title='bbox 1428 465 1700 503; x_wconf 86' lang='lat' dir='ltr'>commixtione</span> <span class='ocrx_word' id='word_1_339' title='bbox 1728 478 1908 513; x_wconf 89' lang='lat' dir='ltr'>venerea,</span> <span class='ocrx_word' id='word_1_340' title='bbox 1936 467 2045 504; x_wconf 90' lang='lat' dir='ltr'>fieret</span> <span class='ocrx_word' id='word_1_341' title='bbox 2074 467 2213 504; x_wconf 92' lang='lat' dir='ltr'>nimius</span> <span class='ocrx_word' id='word_1_342' title='bbox 2252 466 2368 504; x_wconf 89' lang='lat' dir='ltr'>ardor</span> <span class='ocrx_word' id='word_1_343' title='bbox 2396 478 2502 503; x_wconf 85' lang='lat' dir='ltr'>amo-</span> 
     </span>
     <span class='ocr_line' id='line_1_61' title="bbox 1428 518 2501 568; baseline 0.001 -14"><span class='ocrx_word' id='word_1_344' title='bbox 1428 518 1490 565; x_wconf 91' lang='lat' dir='ltr'>ris,</span> <span class='ocrx_word' id='word_1_345' title='bbox 1513 526 1548 555; x_wconf 91' lang='lat' dir='ltr'>et</span> <span class='ocrx_word' id='word_1_346' title='bbox 1577 522 1791 556; x_wconf 88' lang='lat' dir='ltr'>maximum</span> <span class='ocrx_word' id='word_1_347' title='bbox 1821 519 1984 557; x_wconf 89' lang='lat' dir='ltr'>libidinis</span> <span class='ocrx_word' id='word_1_348' title='bbox 2018 520 2274 565; x_wconf 87' lang='lat' dir='ltr'>incentivum;</span> <span class='ocrx_word' id='word_1_349' title='bbox 2305 519 2411 568; x_wconf 93' lang='lat' dir='ltr'>quod</span> <span class='ocrx_word' id='word_1_350' title='bbox 2442 531 2501 556; x_wconf 88' lang='lat' dir='ltr'>ca—</span> 
     </span>
     <span class='ocr_line' id='line_1_62' title="bbox 1428 571 1765 620; baseline 0.003 -12"><span class='ocrx_word' id='word_1_351' title='bbox 1428 571 1538 608; x_wconf 91' lang='lat' dir='ltr'>stitati</span> <span class='ocrx_word' id='word_1_352' title='bbox 1569 580 1765 620; x_wconf 87' lang='lat' dir='ltr'>repugnat.</span> 
     </span>
    </p>

    <p class='ocr_par' dir='ltr' id='par_1_19' title="bbox 1428 625 2501 727">
     <span class='ocr_line' id='line_1_63' title="bbox 1481 625 2501 675; baseline 0.001 -14"><span class='ocrx_word' id='word_1_353' title='bbox 1481 625 1593 662; x_wconf 92' lang='lat' dir='ltr'>Unde</span> <span class='ocrx_word' id='word_1_354' title='bbox 1622 625 1866 662; x_wconf 89' lang='lat' dir='ltr'>manifestum</span> <span class='ocrx_word' id='word_1_355' title='bbox 1892 633 1947 662; x_wconf 91' lang='lat' dir='ltr'>est</span> <span class='ocrx_word' id='word_1_356' title='bbox 1973 627 2078 675; x_wconf 93' lang='lat' dir='ltr'>quod</span> <span class='ocrx_word' id='word_1_357' title='bbox 2108 627 2274 664; x_wconf 90' lang='lat' dir='ltr'>incestus</span> <span class='ocrx_word' id='word_1_358' title='bbox 2293 634 2350 663; x_wconf 92' lang='lat' dir='ltr'>est</span> <span class='ocrx_word' id='word_1_359' title='bbox 2379 628 2501 663; x_wconf 90' lang='lat' dir='ltr'>deter-</span> 
     </span>
     <span class='ocr_line' id='line_1_64' title="bbox 1428 677 1959 727; baseline 0 -13"><span class='ocrx_word' id='word_1_360' title='bbox 1428 678 1573 715; x_wconf 86' lang='lat' dir='ltr'>minata</span> <span class='ocrx_word' id='word_1_361' title='bbox 1601 677 1771 714; x_wconf 91' lang='lat' dir='ltr'>luxuriae</span> <span class='ocrx_word' id='word_1_362' title='bbox 1801 678 1959 727; x_wconf 89' lang='lat' dir='ltr'>species.</span> 
     </span>
    </p>

    <p class='ocr_par' dir='ltr' id='par_1_20' title="bbox 1426 733 2501 1048">
     <span class='ocr_line' id='line_1_65' title="bbox 1482 733 2500 780; baseline 0.002 -13"><span class='ocrx_word' id='word_1_363' title='bbox 1482 733 1541 768; x_wconf 81' lang='lat' dir='ltr'>An</span> <span class='ocrx_word' id='word_1_364' title='bbox 1570 743 1708 768; x_wconf 71' lang='lat' dir='ltr'>pannum</span> <span class='ocrx_word' id='word_1_365' title='bbox 1728 742 1827 768; x_wconf 80' lang='lat' dir='ltr'>ERGO</span> <span class='ocrx_word' id='word_1_366' title='bbox 1847 743 2034 769; x_wconf 65' lang='lat' dir='ltr'>memnon</span> <span class='ocrx_word' id='word_1_367' title='bbox 2054 734 2160 780; x_wconf 89' lang='lat' dir='ltr'>quod</span> <span class='ocrx_word' id='word_1_368' title='bbox 2180 733 2322 770; x_wconf 89' lang='lat' dir='ltr'>abusus</span> <span class='ocrx_word' id='word_1_369' title='bbox 2342 733 2500 769; x_wconf 88' lang='lat' dir='ltr'>coniun-</span> 
     </span>
     <span class='ocr_line' id='line_1_66' title="bbox 1428 785 2501 843; baseline 0.001 -21"><span class='ocrx_word' id='word_1_370' title='bbox 1428 793 1574 822; x_wconf 91' lang='lat' dir='ltr'>ctarum</span> <span class='ocrx_word' id='word_1_371' title='bbox 1604 796 1856 843; x_wconf 80' lang='lat' dir='ltr'>personarum</span> <span class='ocrx_word' id='word_1_372' title='bbox 1885 785 2052 822; x_wconf 82' lang='lat' dir='ltr'>maxime</span> <span class='ocrx_word' id='word_1_373' title='bbox 2081 786 2279 823; x_wconf 88' lang='lat' dir='ltr'>induceret</span> <span class='ocrx_word' id='word_1_374' title='bbox 2307 794 2501 835; x_wconf 88' lang='lat' dir='ltr'>corrupte-</span> 
     </span>
     <span class='ocr_line' id='line_1_67' title="bbox 1426 837 2498 887; baseline 0.003 -13"><span class='ocrx_word' id='word_1_375' title='bbox 1426 839 1504 875; x_wconf 86' lang='lat' dir='ltr'>lam</span> <span class='ocrx_word' id='word_1_376' title='bbox 1534 837 1733 874; x_wconf 90' lang='lat' dir='ltr'>castitatis:</span> <span class='ocrx_word' id='word_1_377' title='bbox 1754 846 1837 874; x_wconf 91' lang='lat' dir='ltr'>tum</span> <span class='ocrx_word' id='word_1_378' title='bbox 1857 846 2014 887; x_wconf 89' lang='lat' dir='ltr'>propter</span> <span class='ocrx_word' id='word_1_379' title='bbox 2041 839 2387 887; x_wconf 88' lang='lat' dir='ltr'>opportunitatem;</span> <span class='ocrx_word' id='word_1_380' title='bbox 2417 847 2498 876; x_wconf 90' lang='lat' dir='ltr'>tum</span> 
     </span>
     <span class='ocr_line' id='line_1_68' title="bbox 1428 891 2500 940; baseline 0.003 -13"><span class='ocrx_word' id='word_1_381' title='bbox 1428 891 1541 928; x_wconf 91' lang='lat' dir='ltr'>etiam</span> <span class='ocrx_word' id='word_1_382' title='bbox 1581 899 1737 940; x_wconf 91' lang='lat' dir='ltr'>propter</span> <span class='ocrx_word' id='word_1_383' title='bbox 1765 891 1927 927; x_wconf 91' lang='lat' dir='ltr'>nimium</span> <span class='ocrx_word' id='word_1_384' title='bbox 1966 891 2146 929; x_wconf 89' lang='lat' dir='ltr'>ardorem</span> <span class='ocrx_word' id='word_1_385' title='bbox 2183 892 2347 940; x_wconf 83' lang='lat' dir='ltr'>amoris,</span> <span class='ocrx_word' id='word_1_386' title='bbox 2378 901 2418 930; x_wconf 91' lang='lat' dir='ltr'>ut</span> <span class='ocrx_word' id='word_1_387' title='bbox 2446 892 2500 930; x_wconf 91' lang='lat' dir='ltr'>di-</span> 
     </span>
     <span class='ocr_line' id='line_1_69' title="bbox 1427 921 2499 983; baseline 0.002 -2"><span class='ocrx_word' id='word_1_388' title='bbox 1427 954 1530 982; x_wconf 89' lang='lat' dir='ltr'>ctum</span> <span class='ocrx_word' id='word_1_389' title='bbox 1553 952 1608 981; x_wconf 89' lang='lat' dir='ltr'>est</span> <span class='ocrx_word' id='word_1_390' title='bbox 1626 944 1657 981; x_wconf 73' lang='lat'>³¹².</span> <span class='ocrx_word' id='word_1_391' title='bbox 1688 945 1737 981; x_wconf 90' lang='lat' dir='ltr'>Et</span> <span class='ocrx_word' id='word_1_392' title='bbox 1756 944 1843 981; x_wconf 89' lang='lat' dir='ltr'>ideo</span> <span class='ocrx_word' id='word_1_393' title='bbox 1873 946 2177 982; x_wconf 88' lang='lat' dir='ltr'>antonomastice</span> <span class='ocrx_word' id='word_1_394' title='bbox 2198 921 2347 983; x_wconf 86' lang='lat' dir='ltr'>abusus</span> <span class='ocrx_word' id='word_1_395' title='bbox 2367 946 2499 983; x_wconf 90' lang='lat' dir='ltr'>talium</span> 
     </span>
     <span class='ocr_line' id='line_1_70' title="bbox 1426 998 2070 1048; baseline -0.002 -13"><span class='ocrx_word' id='word_1_396' title='bbox 1426 1010 1680 1048; x_wconf 88' lang='lat' dir='ltr'>personarum</span> <span class='ocrx_word' id='word_1_397' title='bbox 1709 1005 1871 1035; x_wconf 90' lang='lat' dir='ltr'>vocatur</span> <span class='ocrx_word' id='word_1_398' title='bbox 1899 998 2070 1035; x_wconf 88' lang='lat' dir='ltr'>incestus.</span> 
     </span>
    </p>

    <p class='ocr_par' dir='ltr' id='par_1_21' title="bbox 1426 1051 2501 1313">
     <span class='ocr_line' id='line_1_71' title="bbox 1480 1051 2500 1100; baseline 0.001 -12"><span class='ocrx_word' id='word_1_399' title='bbox 1480 1054 1540 1089; x_wconf 81' lang='lat' dir='ltr'>An</span> <span class='ocrx_word' id='word_1_400' title='bbox 1578 1063 1771 1089; x_wconf 79' lang='lat' dir='ltr'><strong>SECUNDUM</strong></span> <span class='ocrx_word' id='word_1_401' title='bbox 1805 1063 1992 1089; x_wconf 62' lang='lat' dir='ltr'>menapum</span> <span class='ocrx_word' id='word_1_402' title='bbox 2029 1051 2136 1100; x_wconf 92' lang='lat' dir='ltr'>quod</span> <span class='ocrx_word' id='word_1_403' title='bbox 2170 1063 2339 1100; x_wconf 89' lang='lat' dir='ltr'>persona</span> <span class='ocrx_word' id='word_1_404' title='bbox 2375 1052 2500 1089; x_wconf 86' lang='lat' dir='ltr'>affinis</span> 
     </span>
     <span class='ocr_line' id='line_1_72' title="bbox 1426 1105 2501 1165; baseline 0.001 -24"><span class='ocrx_word' id='word_1_405' title='bbox 1426 1105 1667 1165; x_wconf 83' lang='lat' dir='ltr'>coniungitur</span> <span class='ocrx_word' id='word_1_406' title='bbox 1695 1105 1806 1141; x_wconf 90' lang='lat' dir='ltr'>alicui</span> <span class='ocrx_word' id='word_1_407' title='bbox 1835 1112 1993 1154; x_wconf 91' lang='lat' dir='ltr'>propter</span> <span class='ocrx_word' id='word_1_408' title='bbox 2030 1117 2236 1153; x_wconf 87' lang='lat' dir='ltr'>personam</span> <span class='ocrx_word' id='word_1_409' title='bbox 2275 1105 2501 1153; x_wconf 89' lang='lat' dir='ltr'>consangui-</span> 
     </span>
     <span class='ocr_line' id='line_1_73' title="bbox 1427 1157 2500 1218; baseline -0.001 -22"><span class='ocrx_word' id='word_1_410' title='bbox 1427 1159 1540 1196; x_wconf 92' lang='lat' dir='ltr'>nitate</span> <span class='ocrx_word' id='word_1_411' title='bbox 1570 1158 1826 1195; x_wconf 89' lang='lat' dir='ltr'>coniunctam.</span> <span class='ocrx_word' id='word_1_412' title='bbox 1857 1159 1906 1195; x_wconf 93' lang='lat' dir='ltr'>Et</span> <span class='ocrx_word' id='word_1_413' title='bbox 1933 1158 2034 1218; x_wconf 83' lang='lat' dir='ltr'>ideo,</span> <span class='ocrx_word' id='word_1_414' title='bbox 2056 1157 2145 1207; x_wconf 89' lang='lat' dir='ltr'>quia</span> <span class='ocrx_word' id='word_1_415' title='bbox 2173 1170 2295 1195; x_wconf 90' lang='lat' dir='ltr'>unum</span> <span class='ocrx_word' id='word_1_416' title='bbox 2330 1166 2386 1195; x_wconf 89' lang='lat' dir='ltr'>est</span> <span class='ocrx_word' id='word_1_417' title='bbox 2412 1170 2500 1218; x_wconf 84' lang='lat' dir='ltr'>pro-</span> 
     </span>
     <span class='ocr_line' id='line_1_74' title="bbox 1426 1211 2500 1262; baseline -0.002 -12"><span class='ocrx_word' id='word_1_418' title='bbox 1426 1220 1510 1262; x_wconf 92' lang='lat' dir='ltr'>pter</span> <span class='ocrx_word' id='word_1_419' title='bbox 1538 1213 1719 1259; x_wconf 82' lang='lat' dir='ltr'>alterum,</span> <span class='ocrx_word' id='word_1_420' title='bbox 1751 1212 1924 1249; x_wconf 89' lang='lat' dir='ltr'>eiusdem</span> <span class='ocrx_word' id='word_1_421' title='bbox 1955 1211 2111 1249; x_wconf 90' lang='lat' dir='ltr'>rationis</span> <span class='ocrx_word' id='word_1_422' title='bbox 2149 1211 2500 1249; x_wconf 87' lang='lat' dir='ltr'>inconvenientiam</span> 
     </span>
     <span class='ocr_line' id='line_1_75' title="bbox 1426 1265 2122 1313; baseline -0.001 -10"><span class='ocrx_word' id='word_1_423' title='bbox 1426 1266 1515 1303; x_wconf 91' lang='lat' dir='ltr'>facit</span> <span class='ocrx_word' id='word_1_424' title='bbox 1544 1265 1853 1313; x_wconf 90' lang='lat' dir='ltr'>consanguinitas</span> <span class='ocrx_word' id='word_1_425' title='bbox 1883 1273 1918 1302; x_wconf 93' lang='lat' dir='ltr'>et</span> <span class='ocrx_word' id='word_1_426' title='bbox 1946 1265 2122 1303; x_wconf 87' lang='lat' dir='ltr'>affinitas.</span> 
     </span>
    </p>

    <p class='ocr_par' dir='ltr' id='par_1_22' title="bbox 1425 1315 2502 1901">
     <span class='ocr_line' id='line_1_76' title="bbox 1481 1315 2500 1368; baseline -0.001 -12"><span class='ocrx_word' id='word_1_427' title='bbox 1481 1323 1539 1356; x_wconf 81' lang='lat' dir='ltr'>Au</span> <span class='ocrx_word' id='word_1_428' title='bbox 1568 1331 1730 1356; x_wconf 82' lang='lat' dir='ltr'><strong>TERTlUM</strong></span> <span class='ocrx_word' id='word_1_429' title='bbox 1757 1331 1943 1356; x_wconf 80' lang='lat' dir='ltr'>mCENDUM</span> <span class='ocrx_word' id='word_1_430' title='bbox 1977 1318 2082 1368; x_wconf 93' lang='lat' dir='ltr'>quod</span> <span class='ocrx_word' id='word_1_431' title='bbox 2115 1318 2154 1355; x_wconf 92' lang='lat' dir='ltr'>in</span> <span class='ocrx_word' id='word_1_432' title='bbox 2177 1315 2189 1339; x_wconf 83' lang='lat'><strong>⁰</strong></span> <span class='ocrx_word' id='word_1_433' title='bbox 2226 1318 2500 1356; x_wconf 85' lang='lat' dir='ltr'>commixtione</span> 
     </span>
     <span class='ocr_line' id='line_1_77' title="bbox 1426 1371 2502 1422; baseline -0.002 -12"><span class='ocrx_word' id='word_1_434' title='bbox 1426 1385 1681 1422; x_wconf 90' lang='lat' dir='ltr'>personarum</span> <span class='ocrx_word' id='word_1_435' title='bbox 1721 1372 2011 1410; x_wconf 92' lang='lat' dir='ltr'>coniunctarum</span> <span class='ocrx_word' id='word_1_436' title='bbox 2050 1371 2277 1421; x_wconf 86' lang='lat' dir='ltr'>aliquidest</span> <span class='ocrx_word' id='word_1_437' title='bbox 2311 1372 2415 1420; x_wconf 91' lang='lat' dir='ltr'>quod</span> <span class='ocrx_word' id='word_1_438' title='bbox 2445 1378 2502 1408; x_wconf 91' lang='lat' dir='ltr'>est</span> 
     </span>
     <span class='ocr_line' id='line_1_78' title="bbox 1427 1424 2500 1474; baseline -0.002 -10"><span class='ocrx_word' id='word_1_439' title='bbox 1427 1427 1640 1464; x_wconf 90' lang='lat' dir='ltr'>secundum</span> <span class='ocrx_word' id='word_1_440' title='bbox 1670 1437 1709 1462; x_wconf 92' lang='lat' dir='ltr'>se</span> <span class='ocrx_word' id='word_1_441' title='bbox 1739 1425 1920 1463; x_wconf 90' lang='lat' dir='ltr'>indecens</span> <span class='ocrx_word' id='word_1_442' title='bbox 1950 1434 1985 1463; x_wconf 91' lang='lat' dir='ltr'>et</span> <span class='ocrx_word' id='word_1_443' title='bbox 2013 1437 2230 1474; x_wconf 86' lang='lat' dir='ltr'>repugnans</span> <span class='ocrx_word' id='word_1_444' title='bbox 2259 1424 2419 1462; x_wconf 89' lang='lat' dir='ltr'>naturali</span> <span class='ocrx_word' id='word_1_445' title='bbox 2442 1437 2500 1462; x_wconf 89' lang='lat' dir='ltr'>ra·</span> 
     </span>
     <span class='ocr_line' id='line_1_79' title="bbox 1426 1478 2500 1528; baseline -0.001 -11"><span class='ocrx_word' id='word_1_446' title='bbox 1426 1480 1532 1527; x_wconf 79' lang='lat' dir='ltr'>noni,</span> <span class='ocrx_word' id='word_1_447' title='bbox 1553 1480 1648 1516; x_wconf 90' lang='lat' dir='ltr'>sicut</span> <span class='ocrx_word' id='word_1_448' title='bbox 1668 1479 1772 1528; x_wconf 90' lang='lat' dir='ltr'>quod</span> <span class='ocrx_word' id='word_1_449' title='bbox 1802 1479 2023 1516; x_wconf 87' lang='lat' dir='ltr'>commixtio</span> <span class='ocrx_word' id='word_1_450' title='bbox 2053 1480 2119 1516; x_wconf 90' lang='lat' dir='ltr'>fiat</span> <span class='ocrx_word' id='word_1_451' title='bbox 2143 1478 2240 1516; x_wconf 90' lang='lat' dir='ltr'>inter</span> <span class='ocrx_word' id='word_1_452' title='bbox 2266 1485 2444 1528; x_wconf 87' lang='lat' dir='ltr'>parentes</span> <span class='ocrx_word' id='word_1_453' title='bbox 2463 1485 2500 1516; x_wconf 86' lang='lat' dir='ltr'>et</span> 
     </span>
     <span class='ocr_line' id='line_1_80' title="bbox 1426 1531 2498 1582; baseline -0.002 -11"><span class='ocrx_word' id='word_1_454' title='bbox 1426 1534 1538 1580; x_wconf 91' lang='lat' dir='ltr'>filios,</span> <span class='ocrx_word' id='word_1_455' title='bbox 1561 1545 1728 1582; x_wconf 90' lang='lat' dir='ltr'>quorum</span> <span class='ocrx_word' id='word_1_456' title='bbox 1749 1541 1804 1570; x_wconf 92' lang='lat' dir='ltr'>est</span> <span class='ocrx_word' id='word_1_457' title='bbox 1830 1545 1899 1582; x_wconf 88' lang='lat' dir='ltr'>per</span> <span class='ocrx_word' id='word_1_458' title='bbox 1927 1545 1968 1570; x_wconf 90' lang='lat' dir='ltr'>se</span> <span class='ocrx_word' id='word_1_459' title='bbox 1998 1540 2034 1569; x_wconf 90' lang='lat' dir='ltr'>et</span> <span class='ocrx_word' id='word_1_460' title='bbox 2053 1531 2275 1570; x_wconf 89' lang='lat' dir='ltr'>immediata</span> <span class='ocrx_word' id='word_1_461' title='bbox 2303 1531 2498 1580; x_wconf 85' lang='lat' dir='ltr'>cognatio:</span> 
     </span>
     <span class='ocr_line' id='line_1_81' title="bbox 1426 1585 2498 1634; baseline -0.002 -9"><span class='ocrx_word' id='word_1_462' title='bbox 1426 1599 1518 1625; x_wconf 92' lang='lat' dir='ltr'>nam</span> <span class='ocrx_word' id='word_1_463' title='bbox 1538 1587 1603 1624; x_wconf 89' lang='lat' dir='ltr'>filii</span> <span class='ocrx_word' id='word_1_464' title='bbox 1633 1586 1850 1623; x_wconf 88' lang='lat' dir='ltr'>naturaliter</span> <span class='ocrx_word' id='word_1_465' title='bbox 1874 1586 2064 1623; x_wconf 90' lang='lat' dir='ltr'>honorem</span> <span class='ocrx_word' id='word_1_466' title='bbox 2094 1586 2237 1623; x_wconf 91' lang='lat' dir='ltr'>debent</span> <span class='ocrx_word' id='word_1_467' title='bbox 2263 1585 2498 1634; x_wconf 88' lang='lat' dir='ltr'>parentibus.</span> 
     </span>
     <span class='ocr_line' id='line_1_82' title="bbox 1427 1638 2498 1688; baseline -0.001 -10"><span class='ocrx_word' id='word_1_468' title='bbox 1427 1642 1539 1679; x_wconf 89' lang='lat' dir='ltr'>Unde</span> <span class='ocrx_word' id='word_1_469' title='bbox 1559 1640 1817 1688; x_wconf 87' lang='lat' dir='ltr'>Philosophus</span> <span class='ocrx_word' id='word_1_470' title='bbox 1837 1639 1936 1686; x_wconf 90' lang='lat' dir='ltr'>dicit,</span> <span class='ocrx_word' id='word_1_471' title='bbox 1957 1639 1995 1676; x_wconf 92' lang='lat' dir='ltr'>in</span> <span class='ocrx_word' id='word_1_472' title='bbox 2016 1640 2068 1675; x_wconf 92' lang='lat' dir='ltr'>IX</span> <span class='ocrx_word' id='word_1_473' title='bbox 2088 1639 2134 1676; x_wconf 85' lang='lat' dir='ltr'>de</span> <span class='ocrx_word' id='word_1_474' title='bbox 2152 1639 2319 1676; x_wconf 87' lang='lat' dir='ltr'>Animal.</span> <span class='ocrx_word' id='word_1_475' title='bbox 2340 1638 2371 1685; x_wconf 74' lang='lat'>²¹⁸,</span> <span class='ocrx_word' id='word_1_476' title='bbox 2393 1639 2498 1688; x_wconf 93' lang='lat' dir='ltr'>quod</span> 
     </span>
     <span class='ocr_line' id='line_1_83' title="bbox 1426 1692 2500 1743; baseline -0.001 -12"><span class='ocrx_word' id='word_1_477' title='bbox 1426 1694 1583 1743; x_wconf 90' lang='lat' dir='ltr'>quidam</span> <span class='ocrx_word' id='word_1_478' title='bbox 1613 1705 1747 1741; x_wconf 90' lang='lat' dir='ltr'>equus,</span> <span class='ocrx_word' id='word_1_479' title='bbox 1769 1693 1859 1742; x_wconf 92' lang='lat' dir='ltr'>quia</span> <span class='ocrx_word' id='word_1_480' title='bbox 1887 1693 2070 1742; x_wconf 90' lang='lat' dir='ltr'>deceptus</span> <span class='ocrx_word' id='word_1_481' title='bbox 2098 1692 2166 1729; x_wconf 88' lang='lat' dir='ltr'>fuit</span> <span class='ocrx_word' id='word_1_482' title='bbox 2193 1699 2236 1729; x_wconf 92' lang='lat' dir='ltr'>ut</span> <span class='ocrx_word' id='word_1_483' title='bbox 2254 1692 2365 1729; x_wconf 89' lang='lat' dir='ltr'>matri</span> <span class='ocrx_word' id='word_1_484' title='bbox 2395 1704 2500 1730; x_wconf 89' lang='lat' dir='ltr'>com-</span> 
     </span>
     <span class='ocr_line' id='line_1_84' title="bbox 1425 1745 2498 1795; baseline -0.002 -11"><span class='ocrx_word' id='word_1_485' title='bbox 1425 1747 1659 1793; x_wconf 79' lang='lat' dir='ltr'>misceretur,</span> <span class='ocrx_word' id='word_1_486' title='bbox 1681 1746 1850 1794; x_wconf 90' lang='lat' dir='ltr'>seipsum</span> <span class='ocrx_word' id='word_1_487' title='bbox 1870 1746 2146 1795; x_wconf 87' lang='lat' dir='ltr'>praecipitavit,</span> <span class='ocrx_word' id='word_1_488' title='bbox 2166 1745 2277 1794; x_wconf 88' lang='lat' dir='ltr'>quasi</span> <span class='ocrx_word' id='word_1_489' title='bbox 2295 1758 2386 1794; x_wconf 89' lang='lat' dir='ltr'>prae</span> <span class='ocrx_word' id='word_1_490' title='bbox 2410 1747 2498 1783; x_wconf 85' lang='lat' dir='ltr'>hor-</span> 
     </span>
     <span class='ocr_line' id='line_1_85' title="bbox 1426 1799 2500 1848; baseline -0.001 -11"><span class='ocrx_word' id='word_1_491' title='bbox 1426 1813 1533 1846; x_wconf 90' lang='lat' dir='ltr'>rore,</span> <span class='ocrx_word' id='word_1_492' title='bbox 1561 1812 1609 1836; x_wconf 92' lang='lat' dir='ltr'>eo</span> <span class='ocrx_word' id='word_1_493' title='bbox 1638 1799 1743 1848; x_wconf 92' lang='lat' dir='ltr'>quod</span> <span class='ocrx_word' id='word_1_494' title='bbox 1783 1799 1896 1836; x_wconf 87' lang='lat' dir='ltr'>etiam</span> <span class='ocrx_word' id='word_1_495' title='bbox 1932 1799 2159 1836; x_wconf 91' lang='lat' dir='ltr'>animalibus</span> <span class='ocrx_word' id='word_1_496' title='bbox 2188 1799 2375 1847; x_wconf 88' lang='lat' dir='ltr'>aliquibus</span> <span class='ocrx_word' id='word_1_497' title='bbox 2403 1799 2500 1837; x_wconf 88' lang='lat' dir='ltr'>inest</span> 
     </span>
     <span class='ocr_line' id='line_1_86' title="bbox 1426 1852 2142 1901; baseline -0.001 -11"><span class='ocrx_word' id='word_1_498' title='bbox 1426 1852 1605 1890; x_wconf 91' lang='lat' dir='ltr'>naturalis</span> <span class='ocrx_word' id='word_1_499' title='bbox 1635 1852 1847 1889; x_wconf 87' lang='lat' dir='ltr'>reverentia</span> <span class='ocrx_word' id='word_1_500' title='bbox 1875 1852 1925 1889; x_wconf 87' lang='lat' dir='ltr'>ad</span> <span class='ocrx_word' id='word_1_501' title='bbox 1953 1859 2142 1901; x_wconf 90' lang='lat' dir='ltr'>parentes.</span> 
     </span>
    </p>

    <p class='ocr_par' dir='ltr' id='par_1_23' title="bbox 1425 1905 2500 2166">
     <span class='ocr_line' id='line_1_87' title="bbox 1478 1905 2500 1954; baseline 0.001 -13"><span class='ocrx_word' id='word_1_502' title='bbox 1478 1905 1588 1942; x_wconf 90' lang='lat' dir='ltr'>Aliae</span> <span class='ocrx_word' id='word_1_503' title='bbox 1617 1917 1712 1942; x_wconf 89' lang='lat' dir='ltr'>vero</span> <span class='ocrx_word' id='word_1_504' title='bbox 1750 1917 1938 1953; x_wconf 91' lang='lat' dir='ltr'>personae</span> <span class='ocrx_word' id='word_1_505' title='bbox 1967 1917 2067 1954; x_wconf 90' lang='lat' dir='ltr'>quae</span> <span class='ocrx_word' id='word_1_506' title='bbox 2101 1917 2179 1942; x_wconf 90' lang='lat' dir='ltr'>non</span> <span class='ocrx_word' id='word_1_507' title='bbox 2217 1905 2500 1953; x_wconf 85' lang='lat' dir='ltr'>coniunguntur</span> 
     </span>
     <span class='ocr_line' id='line_1_88' title="bbox 1426 1957 2497 2007; baseline 0.001 -12"><span class='ocrx_word' id='word_1_508' title='bbox 1426 1960 1640 1996; x_wconf 90' lang='lat' dir='ltr'>secundum</span> <span class='ocrx_word' id='word_1_509' title='bbox 1669 1958 1826 2006; x_wconf 90' lang='lat' dir='ltr'>seipsas,</span> <span class='ocrx_word' id='word_1_510' title='bbox 1848 1957 1915 1994; x_wconf 93' lang='lat' dir='ltr'>sed</span> <span class='ocrx_word' id='word_1_511' title='bbox 1935 1969 2004 2006; x_wconf 89' lang='lat' dir='ltr'>per</span> <span class='ocrx_word' id='word_1_512' title='bbox 2032 1958 2207 1995; x_wconf 90' lang='lat' dir='ltr'>ordinem</span> <span class='ocrx_word' id='word_1_513' title='bbox 2232 1959 2280 1995; x_wconf 92' lang='lat' dir='ltr'>ad</span> <span class='ocrx_word' id='word_1_514' title='bbox 2308 1966 2497 2007; x_wconf 89' lang='lat' dir='ltr'>parentes,</span> 
     </span>
     <span class='ocr_line' id='line_1_89' title="bbox 1425 2010 2500 2060; baseline 0 -11"><span class='ocrx_word' id='word_1_515' title='bbox 1425 2024 1504 2049; x_wconf 93' lang='lat' dir='ltr'>non</span> <span class='ocrx_word' id='word_1_516' title='bbox 1533 2012 1677 2048; x_wconf 90' lang='lat' dir='ltr'>habent</span> <span class='ocrx_word' id='word_1_517' title='bbox 1705 2011 1755 2048; x_wconf 91' lang='lat' dir='ltr'>ita</span> <span class='ocrx_word' id='word_1_518' title='bbox 1784 2023 1828 2048; x_wconf 90' lang='lat' dir='ltr'>ex</span> <span class='ocrx_word' id='word_1_519' title='bbox 1858 2010 1992 2060; x_wconf 91' lang='lat' dir='ltr'>seipsis</span> <span class='ocrx_word' id='word_1_520' title='bbox 2027 2010 2307 2048; x_wconf 88' lang='lat' dir='ltr'>indecentiam:</span> <span class='ocrx_word' id='word_1_521' title='bbox 2337 2011 2404 2048; x_wconf 90' lang='lat' dir='ltr'>sed</span> <span class='ocrx_word' id='word_1_522' title='bbox 2432 2022 2500 2049; x_wconf 85' lang='lat' dir='ltr'>va-</span> 
     </span>
     <span class='ocr_line' id='line_1_90' title="bbox 1425 2063 2498 2103; baseline 0.001 -1"><span class='ocrx_word' id='word_1_523' title='bbox 1425 2065 1542 2102; x_wconf 88' lang='lat' dir='ltr'>riatur</span> <span class='ocrx_word' id='word_1_524' title='bbox 1570 2065 1669 2102; x_wconf 86' lang='lat' dir='ltr'>circa</span> <span class='ocrx_word' id='word_1_525' title='bbox 1702 2065 1778 2102; x_wconf 90' lang='lat' dir='ltr'>hoc</span> <span class='ocrx_word' id='word_1_526' title='bbox 1817 2064 1990 2102; x_wconf 88' lang='lat' dir='ltr'>decentia</span> <span class='ocrx_word' id='word_1_527' title='bbox 2016 2065 2079 2102; x_wconf 91' lang='lat' dir='ltr'>vel</span> <span class='ocrx_word' id='word_1_528' title='bbox 2118 2063 2332 2103; x_wconf 87' lang='lat' dir='ltr'>indecentia</span> <span class='ocrx_word' id='word_1_529' title='bbox 2364 2077 2498 2103; x_wconf 91' lang='lat' dir='ltr'>secun-</span> 
     </span>
     <span class='ocr_line' id='line_1_91' title="bbox 1425 2117 2497 2166; baseline 0.001 -11"><span class='ocrx_word' id='word_1_530' title='bbox 1425 2120 1518 2156; x_wconf 89' lang='lat' dir='ltr'>dum</span> <span class='ocrx_word' id='word_1_531' title='bbox 1549 2117 1870 2156; x_wconf 89' lang='lat' dir='ltr'>consuetudinem</span> <span class='ocrx_word' id='word_1_532' title='bbox 1900 2126 1936 2155; x_wconf 90' lang='lat' dir='ltr'>et</span> <span class='ocrx_word' id='word_1_533' title='bbox 1964 2119 2088 2166; x_wconf 88' lang='lat' dir='ltr'>legem</span> <span class='ocrx_word' id='word_1_534' title='bbox 2117 2119 2331 2156; x_wconf 84' lang='lat' dir='ltr'>humanam</span> <span class='ocrx_word' id='word_1_535' title='bbox 2360 2118 2424 2156; x_wconf 87' lang='lat' dir='ltr'>vel</span> <span class='ocrx_word' id='word_1_536' title='bbox 2443 2117 2497 2156; x_wconf 80' lang='lat' dir='ltr'>di-</span> 
     </span>
    </p>
   </div>
   <div class='ocr_carea' id='block_1_16' title="bbox 1423 2171 2536 2220">
    <p class='ocr_par' dir='ltr' id='par_1_24' title="bbox 1423 2171 2536 2220">
     <span class='ocr_line' id='line_1_92' title="bbox 1423 2171 2536 2220; baseline 0.002 -12"><span class='ocrx_word' id='word_1_537' title='bbox 1423 2172 1567 2209; x_wconf 90' lang='lat' dir='ltr'>vinam.</span> <span class='ocrx_word' id='word_1_538' title='bbox 1599 2172 1711 2219; x_wconf 89' lang='lat' dir='ltr'>Quia,</span> <span class='ocrx_word' id='word_1_539' title='bbox 1732 2179 1774 2208; x_wconf 93' lang='lat' dir='ltr'>ut</span> <span class='ocrx_word' id='word_1_540' title='bbox 1799 2171 1943 2209; x_wconf 90' lang='lat' dir='ltr'>dictum</span> <span class='ocrx_word' id='word_1_541' title='bbox 1973 2180 2029 2209; x_wconf 90' lang='lat' dir='ltr'>est</span> <span class='ocrx_word' id='word_1_542' title='bbox 2047 2171 2078 2218; x_wconf 83' lang='lat'>*‚</span> <span class='ocrx_word' id='word_1_543' title='bbox 2108 2184 2200 2209; x_wconf 91' lang='lat' dir='ltr'>usus</span> <span class='ocrx_word' id='word_1_544' title='bbox 2227 2184 2496 2220; x_wconf 85' lang='lat' dir='ltr'>venereorum,</span> <span class='ocrx_word' id='word_1_545' title='bbox 2525 2185 2536 2196; x_wconf 86' lang='lat'><strong>·</strong></span> 
     </span>
    </p>
   </div>
   <div class='ocr_carea' id='block_1_17' title="bbox 1422 2225 2499 2327">
    <p class='ocr_par' dir='ltr' id='par_1_25' title="bbox 1422 2225 2499 2327">
     <span class='ocr_line' id='line_1_93' title="bbox 1423 2225 2499 2274; baseline 0.001 -12"><span class='ocrx_word' id='word_1_546' title='bbox 1423 2225 1512 2274; x_wconf 91' lang='lat' dir='ltr'>quia</span> <span class='ocrx_word' id='word_1_547' title='bbox 1549 2225 1746 2263; x_wconf 86' lang='lat' dir='ltr'>ordinatur</span> <span class='ocrx_word' id='word_1_548' title='bbox 1782 2225 1830 2263; x_wconf 90' lang='lat' dir='ltr'>ad</span> <span class='ocrx_word' id='word_1_549' title='bbox 1877 2225 2024 2262; x_wconf 91' lang='lat' dir='ltr'>bonum</span> <span class='ocrx_word' id='word_1_550' title='bbox 2064 2237 2292 2272; x_wconf 89' lang='lat' dir='ltr'>commune,</span> <span class='ocrx_word' id='word_1_551' title='bbox 2327 2225 2499 2263; x_wconf 87' lang='lat' dir='ltr'>subiacet</span> 
     </span>
     <span class='ocr_line' id='line_1_94' title="bbox 1422 2278 2495 2327; baseline 0.001 -12"><span class='ocrx_word' id='word_1_552' title='bbox 1422 2278 1506 2327; x_wconf 87' lang='lat' dir='ltr'>legi.</span> <span class='ocrx_word' id='word_1_553' title='bbox 1538 2279 1587 2315; x_wconf 91' lang='lat' dir='ltr'>Et</span> <span class='ocrx_word' id='word_1_554' title='bbox 1614 2278 1717 2325; x_wconf 87' lang='lat' dir='ltr'>ideo,</span> <span class='ocrx_word' id='word_1_555' title='bbox 1738 2278 1833 2316; x_wconf 92' lang='lat' dir='ltr'>sicut</span> <span class='ocrx_word' id='word_1_556' title='bbox 1862 2279 2096 2327; x_wconf 87' lang='lat' dir='ltr'>Augustinus</span> <span class='ocrx_word' id='word_1_557' title='bbox 2126 2278 2225 2326; x_wconf 89' lang='lat' dir='ltr'>dicit,</span> <span class='ocrx_word' id='word_1_558' title='bbox 2246 2279 2318 2316; x_wconf 90' lang='lat' dir='ltr'>XV</span> <span class='ocrx_word' id='word_1_559' title='bbox 2337 2279 2383 2316; x_wconf 91' lang='lat' dir='ltr'>de</span> <span class='ocrx_word' id='word_1_560' title='bbox 2415 2279 2495 2317; x_wconf 73' lang='lat' dir='ltr'>Cin.</span> 
     </span>
    </p>
   </div>
   <div class='ocr_carea' id='block_1_18' title="bbox 1410 2331 2535 2435">
    <p class='ocr_par' dir='ltr' id='par_1_26' title="bbox 1410 2331 2535 2435">
     <span class='ocr_line' id='line_1_95' title="bbox 1421 2331 2535 2382; baseline 0.001 -13"><span class='ocrx_word' id='word_1_561' title='bbox 1421 2332 1498 2370; x_wconf 90' lang='lat' dir='ltr'>Dei</span> <span class='ocrx_word' id='word_1_562' title='bbox 1513 2331 1551 2379; x_wconf 71' lang='lat'>²¹⁸,</span> <span class='ocrx_word' id='word_1_563' title='bbox 1581 2332 1802 2369; x_wconf 84' lang='lat' dir='ltr'>commixtio</span> <span class='ocrx_word' id='word_1_564' title='bbox 1831 2337 1839 2353; x_wconf 75' lang='lat'><em>²</em></span> <span class='ocrx_word' id='word_1_565' title='bbox 1871 2343 2048 2369; x_wconf 83' lang='lat' dir='ltr'>sororum</span> <span class='ocrx_word' id='word_1_566' title='bbox 2078 2338 2115 2369; x_wconf 91' lang='lat' dir='ltr'>et</span> <span class='ocrx_word' id='word_1_567' title='bbox 2126 2333 2324 2381; x_wconf 86' lang='lat' dir='ltr'>fratrum,</span> <span class='ocrx_word' id='word_1_568' title='bbox 2354 2337 2495 2382; x_wconf 85' lang='lat' dir='ltr'>quanto</span> <span class='ocrx_word' id='word_1_569' title='bbox 2524 2340 2535 2351; x_wconf 78' lang='lat'><strong><em>⁴</em></strong></span> 
     </span>
     <span class='ocr_line' id='line_1_96' title="bbox 1410 2385 2497 2435; baseline 0.002 -13"><span class='ocrx_word' id='word_1_570' title='bbox 1410 2386 1495 2435; x_wconf 86' lang='lat' dir='ltr'>fuit</span> <span class='ocrx_word' id='word_1_571' title='bbox 1520 2386 1723 2434; x_wconf 86' lang='lat' dir='ltr'>antiquior,</span> <span class='ocrx_word' id='word_1_572' title='bbox 1743 2385 1987 2435; x_wconf 85' lang='lat' dir='ltr'>compellente</span> <span class='ocrx_word' id='word_1_573' title='bbox 2014 2386 2240 2432; x_wconf 85' lang='lat' dir='ltr'>necessitate,</span> <span class='ocrx_word' id='word_1_574' title='bbox 2269 2391 2372 2423; x_wconf 88' lang='lat' dir='ltr'>tanto</span> <span class='ocrx_word' id='word_1_575' title='bbox 2397 2391 2497 2435; x_wconf 85' lang='lat' dir='ltr'>post-</span> 
     </span>
    </p>
   </div>
   <div class='ocr_carea' id='block_1_19' title="bbox 350 2439 2438 2490">
    <p class='ocr_par' dir='ltr' id='par_1_27' title="bbox 350 2439 2438 2490">
     <span class='ocr_line' id='line_1_97' title="bbox 350 2439 2438 2490; baseline 0 -15"><span class='ocrx_word' id='word_1_576' title='bbox 350 2439 467 2476; x_wconf 91' lang='lat' dir='ltr'>Addit</span> <span class='ocrx_word' id='word_1_577' title='bbox 494 2447 621 2475; x_wconf 89' lang='lat' dir='ltr'>autem</span> <span class='ocrx_word' id='word_1_578' title='bbox 649 2439 870 2476; x_wconf 89' lang='lat' dir='ltr'>Aristoteles</span> <span class='ocrx_word' id='word_1_579' title='bbox 899 2447 1073 2487; x_wconf 91' lang='lat' dir='ltr'>quartam</span> <span class='ocrx_word' id='word_1_580' title='bbox 1105 2439 1306 2485; x_wconf 88' lang='lat' dir='ltr'>rationem,</span> <span class='ocrx_word' id='word_1_581' title='bbox 1330 2439 1367 2476; x_wconf 91' lang='lat' dir='ltr'>in</span> <span class='ocrx_word' id='word_1_582' title='bbox 1422 2451 1467 2476; x_wconf 92' lang='lat' dir='ltr'>ea</span> <span class='ocrx_word' id='word_1_583' title='bbox 1484 2440 1598 2487; x_wconf 87' lang='lat' dir='ltr'>facta</span> <span class='ocrx_word' id='word_1_584' title='bbox 1626 2444 1680 2476; x_wconf 88' lang='lat' dir='ltr'>est</span> <span class='ocrx_word' id='word_1_585' title='bbox 1706 2439 1972 2485; x_wconf 85' lang='lat' dir='ltr'>damnabilior,</span> <span class='ocrx_word' id='word_1_586' title='bbox 1998 2439 2183 2490; x_wconf 83' lang='lat' dir='ltr'>religione</span> <span class='ocrx_word' id='word_1_587' title='bbox 2205 2439 2438 2488; x_wconf 81' lang='lat' dir='ltr'>prohibente.</span> 
     </span>
    </p>
   </div>
   <div class='ocr_carea' id='block_1_20' title="bbox 348 2571 1333 2709">
    <p class='ocr_par' dir='ltr' id='par_1_28' title="bbox 350 2571 1066 2604">
     <span class='ocr_line' id='line_1_98' title="bbox 350 2571 1066 2604; baseline 0 -8"><span class='ocrx_word' id='word_1_588' title='bbox 350 2571 374 2604; x_wconf 82' lang='grc' dir='ltr'>β)</span> <span class='ocrx_word' id='word_1_589' title='bbox 394 2572 662 2604; x_wconf 83' lang='lat' dir='ltr'>consanguinearum.</span> <span class='ocrx_word' id='word_1_590' title='bbox 675 2586 693 2590; x_wconf 98' lang='lat'><em>-</em></span> <span class='ocrx_word' id='word_1_591' title='bbox 711 2572 969 2604; x_wconf 81' lang='lat' dir='ltr'>consanguineorum</span> <span class='ocrx_word' id='word_1_592' title='bbox 991 2572 1066 2596; x_wconf 85' lang='lat' dir='ltr'>PBH.</span> 
     </span>
    </p>

    <p class='ocr_par' dir='ltr' id='par_1_29' title="bbox 348 2607 710 2640">
     <span class='ocr_line' id='line_1_99' title="bbox 348 2607 710 2640; baseline -0.003 -8"><span class='ocrx_word' id='word_1_593' title='bbox 348 2609 374 2640; x_wconf 90' lang='grc' dir='ltr'>γ)</span> <span class='ocrx_word' id='word_1_594' title='bbox 395 2610 459 2632; x_wconf 89' lang='lat' dir='ltr'>et.-</span> <span class='ocrx_word' id='word_1_595' title='bbox 478 2607 539 2632; x_wconf 91' lang='lat' dir='ltr'>Om.</span> <span class='ocrx_word' id='word_1_596' title='bbox 559 2607 710 2640; x_wconf 85' lang='lat' dir='ltr'>BEFHIpK.</span> 
     </span>
    </p>

    <p class='ocr_par' dir='ltr' id='par_1_30' title="bbox 348 2642 1333 2709">
     <span class='ocr_line' id='line_1_100' title="bbox 348 2642 1333 2675; baseline 0.001 -8"><span class='ocrx_word' id='word_1_597' title='bbox 348 2642 373 2673; x_wconf 85' lang='grc' dir='ltr'>δ)</span> <span class='ocrx_word' id='word_1_598' title='bbox 392 2643 491 2668; x_wconf 83' lang='lat' dir='ltr'>scilicet</span> <span class='ocrx_word' id='word_1_599' title='bbox 509 2650 544 2668; x_wconf 86' lang='lat' dir='ltr'>se.</span> <span class='ocrx_word' id='word_1_600' title='bbox 558 2657 575 2661; x_wconf 92' lang='lat'>-</span> <span class='ocrx_word' id='word_1_601' title='bbox 594 2643 618 2668; x_wconf 87' lang='lat' dir='ltr'>si</span> <span class='ocrx_word' id='word_1_602' title='bbox 635 2650 663 2667; x_wconf 83' lang='lat' dir='ltr'>se</span> <span class='ocrx_word' id='word_1_603' title='bbox 682 2643 797 2675; x_wconf 81' lang='lat' dir='ltr'>BFpAE.</span> <span class='ocrx_word' id='word_1_604' title='bbox 816 2643 854 2668; x_wconf 90' lang='lat' dir='ltr'>sic</span> <span class='ocrx_word' id='word_1_605' title='bbox 873 2650 900 2667; x_wconf 86' lang='lat' dir='ltr'>se</span> <span class='ocrx_word' id='word_1_606' title='bbox 919 2643 986 2671; x_wconf 77' lang='lat' dir='ltr'>CsA.</span> <span class='ocrx_word' id='word_1_607' title='bbox 1006 2650 1061 2668; x_wconf 87' lang='lat' dir='ltr'>sese</span> <span class='ocrx_word' id='word_1_608' title='bbox 1080 2643 1148 2672; x_wconf 83' lang='lat' dir='ltr'>LsE.</span> <span class='ocrx_word' id='word_1_609' title='bbox 1167 2650 1195 2668; x_wconf 78' lang='lat' dir='ltr'>se</span> <span class='ocrx_word' id='word_1_610' title='bbox 1214 2642 1333 2669; x_wconf 82' lang='lat' dir='ltr'>PDHKa.</span> 
     </span>
     <span class='ocr_line' id='line_1_101' title="bbox 348 2678 933 2709; baseline 0 -6"><span class='ocrx_word' id='word_1_611' title='bbox 348 2679 370 2709; x_wconf 76' lang='grc' dir='ltr'>ε)</span> <span class='ocrx_word' id='word_1_612' title='bbox 390 2678 556 2703; x_wconf 83' lang='lat' dir='ltr'>commixtio.</span> <span class='ocrx_word' id='word_1_613' title='bbox 569 2693 588 2697; x_wconf 98' lang='lat'><em>-</em></span> <span class='ocrx_word' id='word_1_614' title='bbox 605 2679 756 2703; x_wconf 85' lang='lat' dir='ltr'>coniunctio</span> <span class='ocrx_word' id='word_1_615' title='bbox 776 2678 845 2703; x_wconf 86' lang='lat' dir='ltr'>BlsC</span> <span class='ocrx_word' id='word_1_616' title='bbox 865 2683 890 2703; x_wconf 89' lang='lat' dir='ltr'>et</span> <span class='ocrx_word' id='word_1_617' title='bbox 907 2686 933 2703; x_wconf 85' lang='lat' dir='ltr'>a.</span> 
     </span>
    </p>
   </div>
   <div class='ocr_carea' id='block_1_21' title="bbox 1391 2574 1396 2707">
    <p class='ocr_par' dir='ltr' id='par_1_31' title="bbox 1391 2574 1396 2707">
     <span class='ocr_line' id='line_1_102' title="bbox 1391 2574 1396 2707; baseline 0 1491"><span class='ocrx_word' id='word_1_618' title='bbox 1391 2574 1396 2707; x_wconf 95' lang='lat' dir='ltr'> </span> 
     </span>
    </p>
   </div>
   <div class='ocr_carea' id='block_1_22' title="bbox 1474 2569 2221 2711">
    <p class='ocr_par' dir='ltr' id='par_1_32' title="bbox 1475 2569 1816 2604">
     <span class='ocr_line' id='line_1_103' title="bbox 1475 2569 1816 2604; baseline -0.003 -7"><span class='ocrx_word' id='word_1_619' title='bbox 1475 2572 1500 2604; x_wconf 81' lang='grc' dir='ltr'>ζ)</span> <span class='ocrx_word' id='word_1_620' title='bbox 1520 2572 1594 2597; x_wconf 78' lang='lat' dir='ltr'>dicit.</span> <span class='ocrx_word' id='word_1_621' title='bbox 1606 2585 1625 2590; x_wconf 92' lang='lat'><em>—</em></span> <span class='ocrx_word' id='word_1_622' title='bbox 1645 2569 1744 2597; x_wconf 82' lang='lat' dir='ltr'>dicitur</span> <span class='ocrx_word' id='word_1_623' title='bbox 1764 2572 1816 2596; x_wconf 86' lang='lat' dir='ltr'>PD.</span> 
     </span>
    </p>

    <p class='ocr_par' dir='ltr' id='par_1_33' title="bbox 1474 2607 2072 2640">
     <span class='ocr_line' id='line_1_104' title="bbox 1474 2607 2072 2640; baseline 0 -8"><span class='ocrx_word' id='word_1_624' title='bbox 1474 2608 1501 2640; x_wconf 87' lang='grc' dir='ltr'>η)</span> <span class='ocrx_word' id='word_1_625' title='bbox 1522 2607 1745 2632; x_wconf 77' lang='lat' dir='ltr'>vicissitudinum.</span> <span class='ocrx_word' id='word_1_626' title='bbox 1757 2621 1776 2627; x_wconf 94' lang='lat'>-</span> <span class='ocrx_word' id='word_1_627' title='bbox 1795 2607 2020 2632; x_wconf 76' lang='lat' dir='ltr'>necessitudinum</span> <span class='ocrx_word' id='word_1_628' title='bbox 2040 2607 2072 2632; x_wconf 79' lang='lat' dir='ltr'>K.</span> 
     </span>
    </p>

    <p class='ocr_par' dir='ltr' id='par_1_34' title="bbox 1475 2641 1850 2676">
     <span class='ocr_line' id='line_1_105' title="bbox 1475 2641 1850 2676; baseline 0.005 -10"><span class='ocrx_word' id='word_1_629' title='bbox 1475 2641 1500 2675; x_wconf 86' lang='grc' dir='ltr'>θ)</span> <span class='ocrx_word' id='word_1_630' title='bbox 1520 2642 1557 2668; x_wconf 90' lang='lat' dir='ltr'>in.</span> <span class='ocrx_word' id='word_1_631' title='bbox 1569 2656 1587 2662; x_wconf 91' lang='lat'>—</span> <span class='ocrx_word' id='word_1_632' title='bbox 1606 2643 1667 2668; x_wconf 88' lang='lat' dir='ltr'>Om.</span> <span class='ocrx_word' id='word_1_633' title='bbox 1688 2642 1850 2676; x_wconf 80' lang='lat' dir='ltr'>ABEFKpC.</span> 
     </span>
    </p>

    <p class='ocr_par' dir='ltr' id='par_1_35' title="bbox 1477 2677 2221 2711">
     <span class='ocr_line' id='line_1_106' title="bbox 1477 2677 2221 2711; baseline 0 -8"><span class='ocrx_word' id='word_1_634' title='bbox 1477 2679 1495 2710; x_wconf 85' lang='grc' dir='ltr'>ι)</span> <span class='ocrx_word' id='word_1_635' title='bbox 1513 2678 1680 2703; x_wconf 81' lang='lat' dir='ltr'>commixtio.</span> <span class='ocrx_word' id='word_1_636' title='bbox 1692 2691 1711 2698; x_wconf 90' lang='lat'>-</span> <span class='ocrx_word' id='word_1_637' title='bbox 1730 2679 1801 2711; x_wconf 83' lang='lat' dir='ltr'>quod</span> <span class='ocrx_word' id='word_1_638' title='bbox 1819 2678 1979 2704; x_wconf 73' lang='lat' dir='ltr'>commixtio</span> <span class='ocrx_word' id='word_1_639' title='bbox 1999 2677 2221 2704; x_wconf 77' lang='lat' dir='ltr'>ABCEFHIKLa.</span> 
     </span>
    </p>
   </div>
   <div class='ocr_carea' id='block_1_23' title="bbox 980 2761 1815 2795">
    <p class='ocr_par' dir='ltr' id='par_1_36' title="bbox 980 2761 1815 2795">
     <span class='ocr_line' id='line_1_107' title="bbox 980 2761 1815 2795; baseline 0 -1"><span class='ocrx_word' id='word_1_640' title='bbox 980 2761 1314 2794; x_wconf 67' lang='lat' dir='ltr'>Commentario.</span> <span class='ocrx_word' id='word_1_641' title='bbox 1338 2761 1590 2795; x_wconf 78' lang='lat' dir='ltr'>Cardinalis</span> <span class='ocrx_word' id='word_1_642' title='bbox 1614 2761 1815 2794; x_wconf 75' lang='lat' dir='ltr'>Caietani</span> 
     </span>
    </p>
   </div>
   <div class='ocr_carea' id='block_1_24' title="bbox 298 2850 1365 3379">
    <p class='ocr_par' dir='ltr' id='par_1_37' title="bbox 298 2850 1365 3379">
     <span class='ocr_line' id='line_1_108' title="bbox 326 2850 1361 2892; baseline 0 -12"><span class='ocrx_word' id='word_1_643' title='bbox 326 2861 345 2880; x_wconf 84' lang='lat' dir='ltr'>N</span> <span class='ocrx_word' id='word_1_644' title='bbox 370 2850 501 2880; x_wconf 88' lang='lat' dir='ltr'>articulo</span> <span class='ocrx_word' id='word_1_645' title='bbox 527 2860 613 2880; x_wconf 90' lang='lat' dir='ltr'>nono</span> <span class='ocrx_word' id='word_1_646' title='bbox 634 2850 775 2880; x_wconf 87' lang='lat' dir='ltr'>eiusdem</span> <span class='ocrx_word' id='word_1_647' title='bbox 800 2850 994 2890; x_wconf 84' lang='lat' dir='ltr'>quaestionis</span> <span class='ocrx_word' id='word_1_648' title='bbox 1013 2850 1361 2892; x_wconf 88' lang='lat' dir='ltr'>centesimaequinqua-</span> 
     </span>
     <span class='ocr_line' id='line_1_109' title="bbox 300 2863 1364 2935; baseline 0.002 -11"><span class='ocrx_word' id='word_1_649' title='bbox 300 2863 603 2935; x_wconf 81' lang='lat' dir='ltr'>Igesimaequartae‚</span> <span class='ocrx_word' id='word_1_650' title='bbox 620 2894 650 2924; x_wconf 91' lang='lat' dir='ltr'>in</span> <span class='ocrx_word' id='word_1_651' title='bbox 670 2894 876 2934; x_wconf 87' lang='lat' dir='ltr'>responsione</span> <span class='ocrx_word' id='word_1_652' title='bbox 901 2895 940 2925; x_wconf 90' lang='lat' dir='ltr'>ad</span> <span class='ocrx_word' id='word_1_653' title='bbox 962 2895 1151 2931; x_wconf 87' lang='lat' dir='ltr'>secundum,</span> <span class='ocrx_word' id='word_1_654' title='bbox 1169 2895 1364 2926; x_wconf 87' lang='lat' dir='ltr'>obiectiones</span> 
     </span>
     <span class='ocr_line' id='line_1_110' title="bbox 298 2938 1364 2979; baseline 0 -9"><span class='ocrx_word' id='word_1_655' title='bbox 298 2945 467 2970; x_wconf 89' lang='lat' dir='ltr'>occurrunt</span> <span class='ocrx_word' id='word_1_656' title='bbox 491 2938 626 2973; x_wconf 88' lang='lat' dir='ltr'>Martini,</span> <span class='ocrx_word' id='word_1_657' title='bbox 651 2938 682 2968; x_wconf 93' lang='lat' dir='ltr'>in</span> <span class='ocrx_word' id='word_1_658' title='bbox 706 2939 890 2979; x_wconf 79' lang='lat' dir='ltr'>quaestione</span> <span class='ocrx_word' id='word_1_659' title='bbox 915 2939 952 2969; x_wconf 89' lang='lat' dir='ltr'>de</span> <span class='ocrx_word' id='word_1_660' title='bbox 978 2939 1101 2970; x_wconf 91' lang='lat' dir='ltr'>Incestu</span> <span class='ocrx_word' id='word_1_661' title='bbox 1118 2939 1146 2977; x_wconf 86' lang='lat'>*‚</span> <span class='ocrx_word' id='word_1_662' title='bbox 1171 2946 1279 2970; x_wconf 88' lang='lat' dir='ltr'>contra</span> <span class='ocrx_word' id='word_1_663' title='bbox 1299 2942 1364 2970; x_wconf 88' lang='lat' dir='ltr'>Au-</span> 
     </span>
     <span class='ocr_line' id='line_1_111' title="bbox 298 2982 1365 3026; baseline 0.001 -12"><span class='ocrx_word' id='word_1_664' title='bbox 298 2991 416 3014; x_wconf 89' lang='lat' dir='ltr'>ctorem</span> <span class='ocrx_word' id='word_1_665' title='bbox 442 2983 506 3018; x_wconf 80' lang='lat' dir='ltr'>hic,</span> <span class='ocrx_word' id='word_1_666' title='bbox 532 2982 563 3013; x_wconf 89' lang='lat' dir='ltr'>in</span> <span class='ocrx_word' id='word_1_667' title='bbox 589 2982 649 3013; x_wconf 90' lang='lat' dir='ltr'>hoc</span> <span class='ocrx_word' id='word_1_668' title='bbox 673 2983 761 3023; x_wconf 91' lang='lat' dir='ltr'>quod</span> <span class='ocrx_word' id='word_1_669' title='bbox 790 2985 1044 3014; x_wconf 82' lang='lat' dir='ltr'>inconvenientia</span> <span class='ocrx_word' id='word_1_670' title='bbox 1074 2984 1365 3026; x_wconf 83' lang='lat' dir='ltr'>consanguinitatis</span> 
     </span>
     <span class='ocr_line' id='line_1_112' title="bbox 298 3027 1365 3069; baseline 0.001 -11"><span class='ocrx_word' id='word_1_671' title='bbox 298 3033 328 3058; x_wconf 83' lang='lat' dir='ltr'>et</span> <span class='ocrx_word' id='word_1_672' title='bbox 350 3027 520 3069; x_wconf 84' lang='lat' dir='ltr'>affinitatis</span> <span class='ocrx_word' id='word_1_673' title='bbox 547 3032 592 3058; x_wconf 88' lang='lat' dir='ltr'>est</span> <span class='ocrx_word' id='word_1_674' title='bbox 621 3027 760 3058; x_wconf 84' lang='lat' dir='ltr'>eiusdem</span> <span class='ocrx_word' id='word_1_675' title='bbox 789 3029 934 3059; x_wconf 87' lang='lat' dir='ltr'>rationis.</span> <span class='ocrx_word' id='word_1_676' title='bbox 963 3028 1073 3058; x_wconf 85' lang='lat' dir='ltr'>Prima</span> <span class='ocrx_word' id='word_1_677' title='bbox 1104 3034 1150 3059; x_wconf 87' lang='lat' dir='ltr'>est</span> <span class='ocrx_word' id='word_1_678' title='bbox 1178 3028 1269 3069; x_wconf 81' lang='lat' dir='ltr'>quia,</span> <span class='ocrx_word' id='word_1_679' title='bbox 1293 3028 1365 3060; x_wconf 91' lang='lat' dir='ltr'>licet</span> 
     </span>
     <span class='ocr_line' id='line_1_113' title="bbox 298 3071 1364 3111; baseline 0.003 -10"><span class='ocrx_word' id='word_1_680' title='bbox 298 3071 429 3102; x_wconf 83' lang='lat' dir='ltr'>affinitas</span> <span class='ocrx_word' id='word_1_681' title='bbox 450 3081 486 3102; x_wconf 88' lang='lat' dir='ltr'>ex</span> <span class='ocrx_word' id='word_1_682' title='bbox 503 3071 774 3111; x_wconf 87' lang='lat' dir='ltr'>consanguinitate</span> <span class='ocrx_word' id='word_1_683' title='bbox 791 3079 944 3108; x_wconf 87' lang='lat' dir='ltr'>nascatur,</span> <span class='ocrx_word' id='word_1_684' title='bbox 963 3073 1082 3103; x_wconf 88' lang='lat' dir='ltr'>diversa</span> <span class='ocrx_word' id='word_1_685' title='bbox 1099 3080 1206 3103; x_wconf 90' lang='lat' dir='ltr'>tamen</span> <span class='ocrx_word' id='word_1_686' title='bbox 1222 3080 1269 3104; x_wconf 90' lang='lat' dir='ltr'>est</span> <span class='ocrx_word' id='word_1_687' title='bbox 1285 3073 1364 3104; x_wconf 89' lang='lat' dir='ltr'>ratio</span> 
     </span>
     <span class='ocr_line' id='line_1_114' title="bbox 299 3116 1363 3157; baseline 0.002 -11"><span class='ocrx_word' id='word_1_688' title='bbox 299 3116 472 3157; x_wconf 89' lang='lat' dir='ltr'>utriusque.</span> <span class='ocrx_word' id='word_1_689' title='bbox 490 3134 509 3139; x_wconf 94' lang='lat'><em>-</em></span> <span class='ocrx_word' id='word_1_690' title='bbox 526 3116 681 3146; x_wconf 85' lang='lat' dir='ltr'>Probatur</span> <span class='ocrx_word' id='word_1_691' title='bbox 703 3123 903 3157; x_wconf 88' lang='lat' dir='ltr'>assumptum</span> <span class='ocrx_word' id='word_1_692' title='bbox 921 3117 992 3148; x_wconf 86' lang='lat' dir='ltr'>hoc.</span> <span class='ocrx_word' id='word_1_693' title='bbox 1018 3117 1102 3154; x_wconf 92' lang='lat' dir='ltr'>Quia</span> <span class='ocrx_word' id='word_1_694' title='bbox 1117 3117 1254 3148; x_wconf 87' lang='lat' dir='ltr'>incestus</span> <span class='ocrx_word' id='word_1_695' title='bbox 1274 3127 1363 3148; x_wconf 90' lang='lat' dir='ltr'>men-</span> 
     </span>
     <span class='ocr_line' id='line_1_115' title="bbox 299 3160 1361 3202; baseline 0.004 -13"><span class='ocrx_word' id='word_1_696' title='bbox 299 3160 367 3190; x_wconf 89' lang='lat' dir='ltr'>talis</span> <span class='ocrx_word' id='word_1_697' title='bbox 384 3160 693 3200; x_wconf 87' lang='lat' dir='ltr'>consanguineorum</span> <span class='ocrx_word' id='word_1_698' title='bbox 713 3161 798 3191; x_wconf 91' lang='lat' dir='ltr'>aliud</span> <span class='ocrx_word' id='word_1_699' title='bbox 818 3161 912 3192; x_wconf 88' lang='lat' dir='ltr'>habet</span> <span class='ocrx_word' id='word_1_700' title='bbox 928 3161 1089 3192; x_wconf 88' lang='lat' dir='ltr'>obiectum</span> <span class='ocrx_word' id='word_1_701' title='bbox 1109 3171 1207 3202; x_wconf 87' lang='lat' dir='ltr'>quam</span> <span class='ocrx_word' id='word_1_702' title='bbox 1223 3161 1361 3193; x_wconf 87' lang='lat' dir='ltr'>incestus</span> 
     </span>
     <span class='ocr_line' id='line_1_116' title="bbox 299 3203 1363 3246; baseline 0.005 -13"><span class='ocrx_word' id='word_1_703' title='bbox 299 3203 456 3234; x_wconf 87' lang='lat' dir='ltr'>affinium:</span> <span class='ocrx_word' id='word_1_704' title='bbox 482 3205 557 3245; x_wconf 89' lang='lat' dir='ltr'>quia</span> <span class='ocrx_word' id='word_1_705' title='bbox 580 3204 658 3235; x_wconf 88' lang='lat' dir='ltr'>aliae</span> <span class='ocrx_word' id='word_1_706' title='bbox 682 3212 756 3235; x_wconf 91' lang='lat' dir='ltr'>sunt</span> <span class='ocrx_word' id='word_1_707' title='bbox 780 3215 931 3246; x_wconf 88' lang='lat' dir='ltr'>personae</span> <span class='ocrx_word' id='word_1_708' title='bbox 956 3206 1220 3246; x_wconf 85' lang='lat' dir='ltr'>consanguineae,</span> <span class='ocrx_word' id='word_1_709' title='bbox 1237 3213 1267 3237; x_wconf 93' lang='lat' dir='ltr'>et</span> <span class='ocrx_word' id='word_1_710' title='bbox 1285 3206 1363 3238; x_wconf 86' lang='lat' dir='ltr'>aliae</span> 
     </span>
     <span class='ocr_line' id='line_1_117' title="bbox 300 3247 1362 3290; baseline 0.005 -13"><span class='ocrx_word' id='word_1_711' title='bbox 300 3247 415 3278; x_wconf 88' lang='lat' dir='ltr'>affines.</span> <span class='ocrx_word' id='word_1_712' title='bbox 441 3249 481 3279; x_wconf 90' lang='lat' dir='ltr'>Et</span> <span class='ocrx_word' id='word_1_713' title='bbox 504 3248 535 3278; x_wconf 94' lang='lat' dir='ltr'>in</span> <span class='ocrx_word' id='word_1_714' title='bbox 560 3249 668 3279; x_wconf 90' lang='lat' dir='ltr'>multis</span> <span class='ocrx_word' id='word_1_715' title='bbox 692 3249 972 3290; x_wconf 80' lang='lat' dir='ltr'>consanguinitatis</span> <span class='ocrx_word' id='word_1_716' title='bbox 996 3251 1145 3290; x_wconf 85' lang='lat' dir='ltr'>gradibus</span> <span class='ocrx_word' id='word_1_717' title='bbox 1160 3250 1196 3281; x_wconf 88' lang='lat' dir='ltr'>fit</span> <span class='ocrx_word' id='word_1_718' title='bbox 1214 3251 1362 3287; x_wconf 85' lang='lat' dir='ltr'>incestus,</span> 
     </span>
     <span class='ocr_line' id='line_1_118' title="bbox 299 3291 1362 3331; baseline 0.005 -10"><span class='ocrx_word' id='word_1_719' title='bbox 299 3291 332 3321; x_wconf 91' lang='lat' dir='ltr'>in</span> <span class='ocrx_word' id='word_1_720' title='bbox 349 3292 463 3331; x_wconf 88' lang='lat' dir='ltr'>quibus</span> <span class='ocrx_word' id='word_1_721' title='bbox 487 3292 643 3323; x_wconf 86' lang='lat' dir='ltr'>affinitatis</span> <span class='ocrx_word' id='word_1_722' title='bbox 668 3303 733 3323; x_wconf 91' lang='lat' dir='ltr'>non</span> <span class='ocrx_word' id='word_1_723' title='bbox 757 3293 792 3324; x_wconf 88' lang='lat' dir='ltr'>fit</span> <span class='ocrx_word' id='word_1_724' title='bbox 815 3294 962 3325; x_wconf 88' lang='lat' dir='ltr'>incestus.</span> <span class='ocrx_word' id='word_1_725' title='bbox 987 3312 1008 3318; x_wconf 93' lang='lat'><em>—</em></span> <span class='ocrx_word' id='word_1_726' title='bbox 1032 3295 1188 3326; x_wconf 83' lang='lat' dir='ltr'>Probatur</span> <span class='ocrx_word' id='word_1_727' title='bbox 1211 3296 1362 3327; x_wconf 88' lang='lat' dir='ltr'>secundo.</span> 
     </span>
     <span class='ocr_line' id='line_1_119' title="bbox 301 3335 1363 3379; baseline 0.007 -15"><span class='ocrx_word' id='word_1_728' title='bbox 301 3335 384 3372; x_wconf 82' lang='lat' dir='ltr'>Quia</span> <span class='ocrx_word' id='word_1_729' title='bbox 407 3343 532 3375; x_wconf 87' lang='lat' dir='ltr'>peccata</span> <span class='ocrx_word' id='word_1_730' title='bbox 555 3337 689 3368; x_wconf 90' lang='lat' dir='ltr'>istorum</span> <span class='ocrx_word' id='word_1_731' title='bbox 713 3338 891 3369; x_wconf 89' lang='lat' dir='ltr'>incestuum</span> <span class='ocrx_word' id='word_1_732' title='bbox 915 3338 1061 3370; x_wconf 86' lang='lat' dir='ltr'>differunt</span> <span class='ocrx_word' id='word_1_733' title='bbox 1084 3339 1115 3369; x_wconf 91' lang='lat' dir='ltr'>in</span> <span class='ocrx_word' id='word_1_734' title='bbox 1140 3340 1303 3379; x_wconf 83' lang='lat' dir='ltr'>gravitate,</span> <span class='ocrx_word' id='word_1_735' title='bbox 1329 3347 1363 3371; x_wconf 90' lang='lat' dir='ltr'>ut</span> 
     </span>
    </p>
   </div>
   <div class='ocr_carea' id='block_1_25' title="bbox 301 3380 1364 3463">
    <p class='ocr_par' dir='ltr' id='par_1_38' title="bbox 301 3380 1364 3463">
     <span class='ocr_line' id='line_1_120' title="bbox 301 3380 1364 3429; baseline 0.007 -21"><span class='ocrx_word' id='word_1_736' title='bbox 301 3386 431 3410; x_wconf 90' lang='lat' dir='ltr'>constat.</span> <span class='ocrx_word' id='word_1_737' title='bbox 456 3380 497 3410; x_wconf 83' lang='lat' dir='ltr'>Et</span> <span class='ocrx_word' id='word_1_738' title='bbox 519 3391 584 3410; x_wconf 90' lang='lat' dir='ltr'>non</span> <span class='ocrx_word' id='word_1_739' title='bbox 608 3388 732 3412; x_wconf 87' lang='lat' dir='ltr'>tantum</span> <span class='ocrx_word' id='word_1_740' title='bbox 756 3383 931 3413; x_wconf 90' lang='lat' dir='ltr'>secundum</span> <span class='ocrx_word' id='word_1_741' title='bbox 956 3383 1178 3414; x_wconf 88' lang='lat' dir='ltr'>intensionem.</span> <span class='ocrx_word' id='word_1_742' title='bbox 1208 3385 1293 3429; x_wconf 80' lang='lat' dir='ltr'>Ergo</span> <span class='ocrx_word' id='word_1_743' title='bbox 1317 3395 1364 3415; x_wconf 90' lang='lat' dir='ltr'>se-</span> 
     </span>
     <span class='ocr_line' id='line_1_121' title="bbox 302 3424 610 3463; baseline 0.007 -11"><span class='ocrx_word' id='word_1_744' title='bbox 302 3424 442 3453; x_wconf 91' lang='lat' dir='ltr'>cundum</span> <span class='ocrx_word' id='word_1_745' title='bbox 466 3425 610 3463; x_wconf 87' lang='lat' dir='ltr'>speciem.</span> 
     </span>
    </p>
   </div>
   <div class='ocr_carea' id='block_1_26' title="bbox 301 3467 1362 3558">
    <p class='ocr_par' dir='ltr' id='par_1_39' title="bbox 301 3467 1362 3558">
     <span class='ocr_line' id='line_1_122' title="bbox 357 3467 1362 3509; baseline 0.008 -13"><span class='ocrx_word' id='word_1_746' title='bbox 357 3467 503 3497; x_wconf 84' lang='lat' dir='ltr'>Secunda</span> <span class='ocrx_word' id='word_1_747' title='bbox 520 3475 566 3498; x_wconf 88' lang='lat' dir='ltr'>est</span> <span class='ocrx_word' id='word_1_748' title='bbox 581 3469 655 3509; x_wconf 85' lang='lat' dir='ltr'>quia</span> <span class='ocrx_word' id='word_1_749' title='bbox 671 3470 729 3499; x_wconf 90' lang='lat' dir='ltr'>sub</span> <span class='ocrx_word' id='word_1_750' title='bbox 745 3469 863 3501; x_wconf 87' lang='lat' dir='ltr'>incestu</span> <span class='ocrx_word' id='word_1_751' title='bbox 882 3471 1061 3502; x_wconf 89' lang='lat' dir='ltr'>continetur</span> <span class='ocrx_word' id='word_1_752' title='bbox 1084 3472 1270 3503; x_wconf 87' lang='lat' dir='ltr'>commixtio</span> <span class='ocrx_word' id='word_1_753' title='bbox 1287 3482 1362 3504; x_wconf 91' lang='lat' dir='ltr'>con—</span> 
     </span>
     <span class='ocr_line' id='line_1_123' title="bbox 301 3511 1361 3558; baseline 0.008 -18"><span class='ocrx_word' id='word_1_754' title='bbox 301 3517 346 3541; x_wconf 91' lang='lat' dir='ltr'>tra</span> <span class='ocrx_word' id='word_1_755' title='bbox 364 3511 585 3551; x_wconf 83' lang='lat' dir='ltr'>cognationem</span> <span class='ocrx_word' id='word_1_756' title='bbox 609 3513 801 3553; x_wconf 88' lang='lat' dir='ltr'>spiritualem</span> <span class='ocrx_word' id='word_1_757' title='bbox 826 3522 855 3545; x_wconf 87' lang='lat' dir='ltr'>et</span> <span class='ocrx_word' id='word_1_758' title='bbox 878 3515 1020 3555; x_wconf 86' lang='lat' dir='ltr'>legalem.</span> <span class='ocrx_word' id='word_1_759' title='bbox 1046 3516 1131 3556; x_wconf 87' lang='lat' dir='ltr'>Ergo</span> <span class='ocrx_word' id='word_1_760' title='bbox 1149 3527 1213 3547; x_wconf 90' lang='lat' dir='ltr'>non</span> <span class='ocrx_word' id='word_1_761' title='bbox 1231 3524 1277 3548; x_wconf 90' lang='lat' dir='ltr'>est</span> <span class='ocrx_word' id='word_1_762' title='bbox 1292 3527 1361 3558; x_wconf 88' lang='lat' dir='ltr'>spe—</span> 
     </span>
    </p>
   </div>
   <div class='ocr_carea' id='block_1_27' title="bbox 301 3554 1361 3639">
    <p class='ocr_par' dir='ltr' id='par_1_40' title="bbox 301 3554 1361 3639">
     <span class='ocr_line' id='line_1_124' title="bbox 301 3554 1361 3599; baseline 0.008 -16"><span class='ocrx_word' id='word_1_763' title='bbox 301 3554 362 3584; x_wconf 88' lang='lat' dir='ltr'>cies</span> <span class='ocrx_word' id='word_1_764' title='bbox 379 3554 610 3595; x_wconf 87' lang='lat' dir='ltr'>specialissima.</span> <span class='ocrx_word' id='word_1_765' title='bbox 636 3556 738 3586; x_wconf 90' lang='lat' dir='ltr'>Immo</span> <span class='ocrx_word' id='word_1_766' title='bbox 763 3567 819 3587; x_wconf 91' lang='lat' dir='ltr'>nec</span> <span class='ocrx_word' id='word_1_767' title='bbox 843 3560 1152 3599; x_wconf 84' lang='lat' dir='ltr'>consanguineorum</span> <span class='ocrx_word' id='word_1_768' title='bbox 1177 3561 1361 3592; x_wconf 86' lang='lat' dir='ltr'>commixtio</span> 
     </span>
     <span class='ocr_line' id='line_1_125' title="bbox 301 3598 742 3639; baseline 0.005 -11"><span class='ocrx_word' id='word_1_769' title='bbox 301 3606 346 3628; x_wconf 87' lang='lat' dir='ltr'>est</span> <span class='ocrx_word' id='word_1_770' title='bbox 370 3598 488 3638; x_wconf 85' lang='lat' dir='ltr'>species</span> <span class='ocrx_word' id='word_1_771' title='bbox 512 3599 742 3639; x_wconf 77' lang='lat' dir='ltr'>specialissima.</span> 
     </span>
    </p>
   </div>
   <div class='ocr_carea' id='block_1_28' title="bbox 1390 2850 1394 2982">
    <p class='ocr_par' dir='ltr' id='par_1_41' title="bbox 1390 2850 1394 2982">
     <span class='ocr_line' id='line_1_126' title="bbox 1390 2850 1394 2982; baseline 0 0"><span class='ocrx_word' id='word_1_772' title='bbox 1390 2850 1394 2982; x_wconf 95' lang='lat' dir='ltr'> </span> 
     </span>
    </p>
   </div>
   <div class='ocr_carea' id='block_1_29' title="bbox 1420 2850 2492 2935">
    <p class='ocr_par' dir='ltr' id='par_1_42' title="bbox 1420 2850 2492 2935">
     <span class='ocr_line' id='line_1_127' title="bbox 1476 2850 2492 2891; baseline 0.001 -10"><span class='ocrx_word' id='word_1_773' title='bbox 1476 2851 1513 2882; x_wconf 91' lang='grc' dir='ltr'>ΙΙ.</span> <span class='ocrx_word' id='word_1_774' title='bbox 1538 2851 1589 2881; x_wconf 84' lang='lat' dir='ltr'>Ad</span> <span class='ocrx_word' id='word_1_775' title='bbox 1613 2850 1674 2881; x_wconf 88' lang='lat' dir='ltr'>hoc</span> <span class='ocrx_word' id='word_1_776' title='bbox 1699 2850 1813 2881; x_wconf 89' lang='lat' dir='ltr'>dicitur</span> <span class='ocrx_word' id='word_1_777' title='bbox 1828 2850 1927 2891; x_wconf 91' lang='lat' dir='ltr'>quod,</span> <span class='ocrx_word' id='word_1_778' title='bbox 1946 2860 2019 2881; x_wconf 91' lang='lat' dir='ltr'>cum</span> <span class='ocrx_word' id='word_1_779' title='bbox 2045 2860 2198 2891; x_wconf 83' lang='lat' dir='ltr'>personae</span> <span class='ocrx_word' id='word_1_780' title='bbox 2218 2850 2399 2882; x_wconf 83' lang='lat' dir='ltr'>naturaliter</span> <span class='ocrx_word' id='word_1_781' title='bbox 2421 2861 2492 2882; x_wconf 89' lang='lat' dir='ltr'>coe-</span> 
     </span>
     <span class='ocr_line' id='line_1_128' title="bbox 1420 2895 2491 2935; baseline 0.001 -10"><span class='ocrx_word' id='word_1_782' title='bbox 1420 2902 1511 2926; x_wconf 90' lang='lat' dir='ltr'>untes</span> <span class='ocrx_word' id='word_1_783' title='bbox 1528 2902 1749 2926; x_wconf 86' lang='lat' dir='ltr'>consummate</span> <span class='ocrx_word' id='word_1_784' title='bbox 1765 2901 1951 2935; x_wconf 90' lang='lat' dir='ltr'>reputentur</span> <span class='ocrx_word' id='word_1_785' title='bbox 1962 2895 1994 2926; x_wconf 91' lang='lat' dir='ltr'>in</span> <span class='ocrx_word' id='word_1_786' title='bbox 2009 2895 2194 2926; x_wconf 87' lang='lat' dir='ltr'>huiusmodi</span> <span class='ocrx_word' id='word_1_787' title='bbox 2207 2905 2274 2926; x_wconf 83' lang='lat' dir='ltr'>una</span> <span class='ocrx_word' id='word_1_788' title='bbox 2286 2895 2398 2932; x_wconf 84' lang='lat' dir='ltr'>caro*,</span> <span class='ocrx_word' id='word_1_789' title='bbox 2415 2905 2491 2927; x_wconf 87' lang='lat' dir='ltr'>con-</span> 
     </span>
    </p>
   </div>
   <div class='ocr_carea' id='block_1_30' title="bbox 2627 373 2742 418">
    <p class='ocr_par' dir='ltr' id='par_1_43' title="bbox 2627 373 2742 418">
     <span class='ocr_line' id='line_1_129' title="bbox 2627 373 2742 396; baseline 0.009 -7"><span class='ocrx_word' id='word_1_790' title='bbox 2627 373 2682 394; x_wconf 86' lang='lat' dir='ltr'>1,.n</span> <span class='ocrx_word' id='word_1_791' title='bbox 2697 374 2742 396; x_wconf 83' lang='lat'>¹5·-</span> 
     </span>
     <span class='ocr_line' id='line_1_130' title="bbox 2628 395 2729 418; baseline 0.02 -2"><span class='ocrx_word' id='word_1_792' title='bbox 2628 395 2729 418; x_wconf 64' lang='lat' dir='ltr'>lecturi.</span> 
     </span>
    </p>
   </div>
   <div class='ocr_carea' id='block_1_31' title="bbox 2529 960 2699 987">
    <p class='ocr_par' dir='ltr' id='par_1_44' title="bbox 2529 960 2699 987">
     <span class='ocr_line' id='line_1_131' title="bbox 2529 960 2699 987; baseline 0 -6"><span class='ocrx_word' id='word_1_793' title='bbox 2529 961 2539 970; x_wconf 77' lang='lat'>⁸</span> <span class='ocrx_word' id='word_1_794' title='bbox 2553 960 2578 981; x_wconf 87' lang='lat' dir='ltr'>In</span> <span class='ocrx_word' id='word_1_795' title='bbox 2593 965 2699 987; x_wconf 82' lang='lat' dir='ltr'>corpore.</span> 
     </span>
    </p>
   </div>
   <div class='ocr_carea' id='block_1_32' title="bbox 2527 1646 2694 1676">
    <p class='ocr_par' dir='ltr' id='par_1_45' title="bbox 2527 1646 2694 1676">
     <span class='ocr_line' id='line_1_132' title="bbox 2527 1646 2694 1676; baseline -0.006 -6"><span class='ocrx_word' id='word_1_796' title='bbox 2527 1648 2537 1657; x_wconf 80' lang='grc'><strong>”</strong></span> <span class='ocrx_word' id='word_1_797' title='bbox 2550 1646 2609 1676; x_wconf 75' lang='lat' dir='ltr'>Cep.</span> <span class='ocrx_word' id='word_1_798' title='bbox 2623 1652 2694 1669; x_wconf 67' lang='lat' dir='ltr'>nvn.</span> 
     </span>
    </p>
   </div>
   <div class='ocr_carea' id='block_1_33' title="bbox 2519 2896 2733 2953">
    <p class='ocr_par' dir='ltr' id='par_1_46' title="bbox 2520 2896 2733 2953">
     <span class='ocr_line' id='line_1_133' title="bbox 2520 2896 2733 2926; baseline 0 -18"><span class='ocrx_word' id='word_1_799' title='bbox 2520 2896 2609 2920; x_wconf 45' lang='grc' dir='ltr'>,σω</span> <span class='ocrx_word' id='word_1_800' title='bbox 2711 2904 2733 2926; x_wconf 85' lang='lat'>,</span> 
     </span>
     <span class='ocr_line' id='line_1_134' title="bbox 2519 2925 2732 2953; baseline 0.01 -7.162"><span class='ocrx_word' id='word_1_801' title='bbox 2519 2930 2637 2953; x_wconf 44' lang='lat' dir='ltr'>mei-024</span> <span class='ocrx_word' id='word_1_802' title='bbox 2690 2925 2732 2948; x_wconf 79' lang='lat' dir='ltr'>tth.</span> 
     </span>
    </p>
   </div>
   <div class='ocr_carea' id='block_1_34' title="bbox 1419 2939 2732 2991">
    <p class='ocr_par' dir='ltr' id='par_1_47' title="bbox 1419 2939 2732 2991">
     <span class='ocr_line' id='line_1_135' title="bbox 1419 2939 2732 2991; baseline 0.003 -21"><span class='ocrx_word' id='word_1_803' title='bbox 1419 2950 1555 2991; x_wconf 80' lang='lat' dir='ltr'>sequens</span> <span class='ocrx_word' id='word_1_804' title='bbox 1579 2946 1625 2970; x_wconf 91' lang='lat' dir='ltr'>est</span> <span class='ocrx_word' id='word_1_805' title='bbox 1648 2940 1737 2980; x_wconf 92' lang='lat' dir='ltr'>quod</span> <span class='ocrx_word' id='word_1_806' title='bbox 1762 2939 1895 2970; x_wconf 85' lang='lat' dir='ltr'>affinitas</span> <span class='ocrx_word' id='word_1_807' title='bbox 1924 2939 1968 2970; x_wconf 84' lang='lat' dir='ltr'>nil</span> <span class='ocrx_word' id='word_1_808' title='bbox 1992 2939 2078 2970; x_wconf 88' lang='lat' dir='ltr'>aliud</span> <span class='ocrx_word' id='word_1_809' title='bbox 2110 2939 2149 2971; x_wconf 88' lang='lat' dir='ltr'>sit</span> <span class='ocrx_word' id='word_1_810' title='bbox 2171 2949 2270 2981; x_wconf 87' lang='lat' dir='ltr'>quam</span> <span class='ocrx_word' id='word_1_811' title='bbox 2301 2939 2492 2981; x_wconf 75' lang='lat' dir='ltr'>consangui-</span> <span class='ocrx_word' id='word_1_812' title='bbox 2518 2956 2570 2979; x_wconf 73' lang='lat' dir='ltr'>cap</span> <span class='ocrx_word' id='word_1_813' title='bbox 2580 2957 2629 2978; x_wconf 74' lang='lat' dir='ltr'>m,</span> <span class='ocrx_word' id='word_1_814' title='bbox 2639 2957 2698 2974; x_wconf 74' lang='lat' dir='ltr'>ven.</span> <span class='ocrx_word' id='word_1_815' title='bbox 2709 2951 2732 2974; x_wconf 81' lang='lat'>⁶.</span> 
     </span>
    </p>
   </div>
   <div class='ocr_carea' id='block_1_35' title="bbox 1417 2983 2492 3645">
    <p class='ocr_par' dir='ltr' id='par_1_48' title="bbox 1417 2983 2492 3645">
     <span class='ocr_line' id='line_1_136' title="bbox 1419 2983 2490 3025; baseline 0.001 -11"><span class='ocrx_word' id='word_1_816' title='bbox 1419 2984 1500 3015; x_wconf 87' lang='lat' dir='ltr'>nitas</span> <span class='ocrx_word' id='word_1_817' title='bbox 1524 2984 1624 3015; x_wconf 88' lang='lat' dir='ltr'>carnis</span> <span class='ocrx_word' id='word_1_818' title='bbox 1649 2994 1734 3015; x_wconf 86' lang='lat' dir='ltr'>suae.</span> <span class='ocrx_word' id='word_1_819' title='bbox 1759 2986 1806 3015; x_wconf 90' lang='lat' dir='ltr'>Ac</span> <span class='ocrx_word' id='word_1_820' title='bbox 1830 2993 1886 3025; x_wconf 87' lang='lat' dir='ltr'>per</span> <span class='ocrx_word' id='word_1_821' title='bbox 1908 2984 1985 3020; x_wconf 83' lang='lat' dir='ltr'>hoc,</span> <span class='ocrx_word' id='word_1_822' title='bbox 2011 2984 2154 3015; x_wconf 87' lang='lat' dir='ltr'>eiusdem</span> <span class='ocrx_word' id='word_1_823' title='bbox 2178 2983 2307 3015; x_wconf 82' lang='lat' dir='ltr'>rationis</span> <span class='ocrx_word' id='word_1_824' title='bbox 2331 2990 2379 3015; x_wconf 85' lang='lat' dir='ltr'>est</span> <span class='ocrx_word' id='word_1_825' title='bbox 2400 2983 2490 3015; x_wconf 75' lang='lat' dir='ltr'>inde-</span> 
     </span>
     <span class='ocr_line' id='line_1_137' title="bbox 1419 3027 2492 3070; baseline 0 -11"><span class='ocrx_word' id='word_1_826' title='bbox 1419 3029 1519 3059; x_wconf 87' lang='lat' dir='ltr'>centia</span> <span class='ocrx_word' id='word_1_827' title='bbox 1549 3028 1737 3070; x_wconf 86' lang='lat' dir='ltr'>utrobique,</span> <span class='ocrx_word' id='word_1_828' title='bbox 1762 3027 1880 3059; x_wconf 84' lang='lat' dir='ltr'>scilicet</span> <span class='ocrx_word' id='word_1_829' title='bbox 1902 3028 2020 3059; x_wconf 84' lang='lat' dir='ltr'>violare</span> <span class='ocrx_word' id='word_1_830' title='bbox 2052 3028 2360 3069; x_wconf 83' lang='lat' dir='ltr'>consanguinitatem</span> <span class='ocrx_word' id='word_1_831' title='bbox 2389 3028 2492 3059; x_wconf 87' lang='lat' dir='ltr'>carnis</span> 
     </span>
     <span class='ocr_line' id='line_1_138' title="bbox 1418 3072 2489 3114; baseline 0 -11"><span class='ocrx_word' id='word_1_832' title='bbox 1418 3082 1508 3104; x_wconf 88' lang='lat' dir='ltr'>suae:</span> <span class='ocrx_word' id='word_1_833' title='bbox 1534 3072 1680 3114; x_wconf 84' lang='lat' dir='ltr'>quamvis</span> <span class='ocrx_word' id='word_1_834' title='bbox 1700 3072 1911 3103; x_wconf 86' lang='lat' dir='ltr'>diversimode</span> <span class='ocrx_word' id='word_1_835' title='bbox 1935 3083 2008 3104; x_wconf 85' lang='lat' dir='ltr'>caro</span> <span class='ocrx_word' id='word_1_836' title='bbox 2025 3083 2081 3114; x_wconf 88' lang='lat' dir='ltr'>per</span> <span class='ocrx_word' id='word_1_837' title='bbox 2098 3072 2336 3114; x_wconf 81' lang='lat' dir='ltr'>generationem</span> <span class='ocrx_word' id='word_1_838' title='bbox 2352 3080 2489 3114; x_wconf 82' lang='lat' dir='ltr'>accepta,</span> 
     </span>
     <span class='ocr_line' id='line_1_139' title="bbox 1418 3116 2490 3159; baseline 0.001 -11"><span class='ocrx_word' id='word_1_839' title='bbox 1418 3125 1449 3148; x_wconf 93' lang='lat' dir='ltr'>et</span> <span class='ocrx_word' id='word_1_840' title='bbox 1472 3127 1528 3158; x_wconf 88' lang='lat' dir='ltr'>per</span> <span class='ocrx_word' id='word_1_841' title='bbox 1542 3117 1806 3148; x_wconf 88' lang='lat' dir='ltr'>commixtionem</span> <span class='ocrx_word' id='word_1_842' title='bbox 1822 3117 1861 3148; x_wconf 88' lang='lat' dir='ltr'>sit</span> <span class='ocrx_word' id='word_1_843' title='bbox 1878 3126 1952 3154; x_wconf 87' lang='lat' dir='ltr'>sua;</span> <span class='ocrx_word' id='word_1_844' title='bbox 1975 3117 2064 3159; x_wconf 89' lang='lat' dir='ltr'>quod</span> <span class='ocrx_word' id='word_1_845' title='bbox 2083 3123 2204 3158; x_wconf 74' lang='lat' dir='ltr'>spectat</span> <span class='ocrx_word' id='word_1_846' title='bbox 2226 3117 2266 3148; x_wconf 85' lang='lat' dir='ltr'>ad</span> <span class='ocrx_word' id='word_1_847' title='bbox 2282 3116 2490 3149; x_wconf 85' lang='lat' dir='ltr'>differentiam</span> 
     </span>
     <span class='ocr_line' id='line_1_140' title="bbox 1417 3160 2489 3203; baseline 0 -11"><span class='ocrx_word' id='word_1_848' title='bbox 1417 3162 1498 3193; x_wconf 89' lang='lat' dir='ltr'>inter</span> <span class='ocrx_word' id='word_1_849' title='bbox 1521 3161 1606 3202; x_wconf 86' lang='lat' dir='ltr'>ipsas</span> <span class='ocrx_word' id='word_1_850' title='bbox 1629 3171 1781 3203; x_wconf 84' lang='lat' dir='ltr'>personas</span> <span class='ocrx_word' id='word_1_851' title='bbox 1808 3168 1975 3198; x_wconf 89' lang='lat' dir='ltr'>coeuntes,</span> <span class='ocrx_word' id='word_1_852' title='bbox 2000 3171 2067 3192; x_wconf 89' lang='lat' dir='ltr'>non</span> <span class='ocrx_word' id='word_1_853' title='bbox 2090 3161 2131 3192; x_wconf 80' lang='lat' dir='ltr'>ad</span> <span class='ocrx_word' id='word_1_854' title='bbox 2154 3160 2362 3192; x_wconf 84' lang='lat' dir='ltr'>differentiam</span> <span class='ocrx_word' id='word_1_855' title='bbox 2387 3161 2489 3192; x_wconf 82' lang='lat' dir='ltr'>carnis</span> 
     </span>
     <span class='ocr_line' id='line_1_141' title="bbox 1417 3205 2488 3248; baseline 0 -11"><span class='ocrx_word' id='word_1_856' title='bbox 1417 3207 1457 3237; x_wconf 88' lang='lat' dir='ltr'>ad</span> <span class='ocrx_word' id='word_1_857' title='bbox 1482 3206 1539 3237; x_wconf 87' lang='lat' dir='ltr'>sibi</span> <span class='ocrx_word' id='word_1_858' title='bbox 1564 3206 1762 3243; x_wconf 89' lang='lat' dir='ltr'>coniunctos,</span> <span class='ocrx_word' id='word_1_859' title='bbox 1783 3206 1938 3248; x_wconf 87' lang='lat' dir='ltr'>quoniam</span> <span class='ocrx_word' id='word_1_860' title='bbox 1954 3205 2126 3247; x_wconf 85' lang='lat' dir='ltr'>utrobique</span> <span class='ocrx_word' id='word_1_861' title='bbox 2149 3212 2196 3236; x_wconf 90' lang='lat' dir='ltr'>est</span> <span class='ocrx_word' id='word_1_862' title='bbox 2219 3206 2488 3246; x_wconf 78' lang='lat' dir='ltr'>consanguinitas.</span> 
     </span>
     <span class='ocr_line' id='line_1_142' title="bbox 1417 3249 2489 3291; baseline 0.001 -10"><span class='ocrx_word' id='word_1_863' title='bbox 1417 3251 1503 3288; x_wconf 84' lang='lat' dir='ltr'>Quia</span> <span class='ocrx_word' id='word_1_864' title='bbox 1526 3251 1621 3291; x_wconf 85' lang='lat' dir='ltr'>igitur</span> <span class='ocrx_word' id='word_1_865' title='bbox 1645 3250 1779 3282; x_wconf 85' lang='lat' dir='ltr'>affinitas</span> <span class='ocrx_word' id='word_1_866' title='bbox 1803 3251 1843 3281; x_wconf 82' lang='lat' dir='ltr'>ad</span> <span class='ocrx_word' id='word_1_867' title='bbox 1866 3249 2174 3290; x_wconf 81' lang='lat' dir='ltr'>consanguinitatem</span> <span class='ocrx_word' id='word_1_868' title='bbox 2198 3250 2364 3281; x_wconf 88' lang='lat' dir='ltr'>ordinatur</span> <span class='ocrx_word' id='word_1_869' title='bbox 2390 3257 2426 3282; x_wconf 92' lang='lat' dir='ltr'>ut</span> <span class='ocrx_word' id='word_1_870' title='bbox 2449 3251 2489 3282; x_wconf 86' lang='lat' dir='ltr'>ad</span> 
     </span>
     <span class='ocr_line' id='line_1_143' title="bbox 1417 3293 2490 3338; baseline 0 -12"><span class='ocrx_word' id='word_1_871' title='bbox 1417 3295 1585 3336; x_wconf 85' lang='lat' dir='ltr'>proprium</span> <span class='ocrx_word' id='word_1_872' title='bbox 1608 3294 1705 3326; x_wconf 86' lang='lat' dir='ltr'>finem</span> <span class='ocrx_word' id='word_1_873' title='bbox 1730 3293 1900 3338; x_wconf 86' lang='lat' dir='ltr'>(quoniam</span> <span class='ocrx_word' id='word_1_874' title='bbox 1925 3294 1964 3325; x_wconf 86' lang='lat' dir='ltr'>ad</span> <span class='ocrx_word' id='word_1_875' title='bbox 1987 3294 2049 3325; x_wconf 91' lang='lat' dir='ltr'>hoc</span> <span class='ocrx_word' id='word_1_876' title='bbox 2082 3294 2197 3325; x_wconf 89' lang='lat' dir='ltr'>directe</span> <span class='ocrx_word' id='word_1_877' title='bbox 2221 3301 2252 3325; x_wconf 92' lang='lat' dir='ltr'>et</span> <span class='ocrx_word' id='word_1_878' title='bbox 2275 3295 2419 3335; x_wconf 88' lang='lat' dir='ltr'>proxime</span> <span class='ocrx_word' id='word_1_879' title='bbox 2443 3302 2490 3326; x_wconf 81' lang='lat' dir='ltr'>est</span> 
     </span>
     <span class='ocr_line' id='line_1_144' title="bbox 1417 3338 2489 3382; baseline 0 -12"><span class='ocrx_word' id='word_1_880' title='bbox 1417 3346 1453 3370; x_wconf 91' lang='lat' dir='ltr'>ut</span> <span class='ocrx_word' id='word_1_881' title='bbox 1477 3339 1734 3380; x_wconf 81' lang='lat' dir='ltr'>consanguinitas</span> <span class='ocrx_word' id='word_1_882' title='bbox 1757 3339 1858 3370; x_wconf 86' lang='lat' dir='ltr'>carnis</span> <span class='ocrx_word' id='word_1_883' title='bbox 1882 3338 1940 3369; x_wconf 86' lang='lat' dir='ltr'>sibi</span> <span class='ocrx_word' id='word_1_884' title='bbox 1964 3338 2156 3369; x_wconf 87' lang='lat' dir='ltr'>commixtae</span> <span class='ocrx_word' id='word_1_885' title='bbox 2180 3338 2380 3382; x_wconf 90' lang='lat' dir='ltr'>honoretur),</span> <span class='ocrx_word' id='word_1_886' title='bbox 2398 3346 2429 3370; x_wconf 92' lang='lat' dir='ltr'>et</span> <span class='ocrx_word' id='word_1_887' title='bbox 2452 3349 2489 3370; x_wconf 86' lang='lat' dir='ltr'>ex</span> 
     </span>
     <span class='ocr_line' id='line_1_145' title="bbox 1417 3382 2488 3425; baseline -0.001 -10"><span class='ocrx_word' id='word_1_888' title='bbox 1417 3384 1548 3424; x_wconf 89' lang='lat' dir='ltr'>proprio</span> <span class='ocrx_word' id='word_1_889' title='bbox 1571 3383 1634 3414; x_wconf 84' lang='lat' dir='ltr'>fine</span> <span class='ocrx_word' id='word_1_890' title='bbox 1657 3382 1855 3424; x_wconf 88' lang='lat' dir='ltr'>specificetur</span> <span class='ocrx_word' id='word_1_891' title='bbox 1879 3382 2062 3414; x_wconf 85' lang='lat' dir='ltr'>ordinatum</span> <span class='ocrx_word' id='word_1_892' title='bbox 2087 3383 2126 3414; x_wconf 86' lang='lat' dir='ltr'>ad</span> <span class='ocrx_word' id='word_1_893' title='bbox 2149 3382 2263 3414; x_wconf 89' lang='lat' dir='ltr'>finem:</span> <span class='ocrx_word' id='word_1_894' title='bbox 2288 3393 2488 3425; x_wconf 80' lang='lat' dir='ltr'>consequens</span> 
     </span>
     <span class='ocr_line' id='line_1_146' title="bbox 1417 3427 2488 3459; baseline 0 0"><span class='ocrx_word' id='word_1_895' title='bbox 1417 3435 1463 3459; x_wconf 89' lang='lat' dir='ltr'>est</span> <span class='ocrx_word' id='word_1_896' title='bbox 1487 3435 1523 3459; x_wconf 94' lang='lat' dir='ltr'>ut</span> <span class='ocrx_word' id='word_1_897' title='bbox 1547 3428 1689 3459; x_wconf 81' lang='lat' dir='ltr'>eiusdem</span> <span class='ocrx_word' id='word_1_898' title='bbox 1714 3427 1844 3458; x_wconf 85' lang='lat' dir='ltr'>rationis</span> <span class='ocrx_word' id='word_1_899' title='bbox 1866 3427 2119 3458; x_wconf 87' lang='lat' dir='ltr'>inconvenientia</span> <span class='ocrx_word' id='word_1_900' title='bbox 2143 3427 2182 3458; x_wconf 87' lang='lat' dir='ltr'>sit</span> <span class='ocrx_word' id='word_1_901' title='bbox 2202 3427 2399 3459; x_wconf 81' lang='lat' dir='ltr'>dehonorare</span> <span class='ocrx_word' id='word_1_902' title='bbox 2422 3427 2488 3459; x_wconf 86' lang='lat' dir='ltr'>affi-</span> 
     </span>
     <span class='ocr_line' id='line_1_147' title="bbox 1418 3471 2488 3512; baseline 0.001 -10"><span class='ocrx_word' id='word_1_903' title='bbox 1418 3472 1548 3503; x_wconf 83' lang='lat' dir='ltr'>nitatem</span> <span class='ocrx_word' id='word_1_904' title='bbox 1572 3479 1603 3503; x_wconf 90' lang='lat' dir='ltr'>et</span> <span class='ocrx_word' id='word_1_905' title='bbox 1626 3471 1942 3511; x_wconf 82' lang='lat' dir='ltr'>consanguinitatem,</span> <span class='ocrx_word' id='word_1_906' title='bbox 1960 3472 2048 3512; x_wconf 93' lang='lat' dir='ltr'>quod</span> <span class='ocrx_word' id='word_1_907' title='bbox 2072 3471 2107 3502; x_wconf 87' lang='lat' dir='ltr'>fit</span> <span class='ocrx_word' id='word_1_908' title='bbox 2130 3482 2186 3512; x_wconf 90' lang='lat' dir='ltr'>per</span> <span class='ocrx_word' id='word_1_909' title='bbox 2209 3472 2382 3509; x_wconf 83' lang='lat' dir='ltr'>incestum;</span> <span class='ocrx_word' id='word_1_910' title='bbox 2408 3473 2488 3504; x_wconf 89' lang='lat' dir='ltr'>sicut</span> 
     </span>
     <span class='ocr_line' id='line_1_148' title="bbox 1417 3515 2487 3557; baseline 0 -11"><span class='ocrx_word' id='word_1_911' title='bbox 1417 3516 1513 3547; x_wconf 90' lang='lat' dir='ltr'>etiam</span> <span class='ocrx_word' id='word_1_912' title='bbox 1537 3516 1576 3546; x_wconf 87' lang='lat' dir='ltr'>ad</span> <span class='ocrx_word' id='word_1_913' title='bbox 1600 3515 1743 3546; x_wconf 83' lang='lat' dir='ltr'>adulterii</span> <span class='ocrx_word' id='word_1_914' title='bbox 1768 3515 1905 3556; x_wconf 89' lang='lat' dir='ltr'>speciem</span> <span class='ocrx_word' id='word_1_915' title='bbox 1929 3523 2048 3556; x_wconf 81' lang='lat' dir='ltr'>spectat</span> <span class='ocrx_word' id='word_1_916' title='bbox 2072 3516 2229 3557; x_wconf 89' lang='lat' dir='ltr'>quidquid</span> <span class='ocrx_word' id='word_1_917' title='bbox 2246 3523 2376 3557; x_wconf 89' lang='lat' dir='ltr'>propter</span> <span class='ocrx_word' id='word_1_918' title='bbox 2398 3516 2487 3547; x_wconf 87' lang='lat' dir='ltr'>adul-</span> 
     </span>
     <span class='ocr_line' id='line_1_149' title="bbox 1417 3559 2485 3601; baseline -0.001 -10"><span class='ocrx_word' id='word_1_919' title='bbox 1417 3561 1531 3591; x_wconf 89' lang='lat' dir='ltr'>terium</span> <span class='ocrx_word' id='word_1_920' title='bbox 1555 3559 1600 3591; x_wconf 86' lang='lat' dir='ltr'>fit.</span> <span class='ocrx_word' id='word_1_921' title='bbox 1633 3561 1707 3590; x_wconf 93' lang='lat' dir='ltr'>Non</span> <span class='ocrx_word' id='word_1_922' title='bbox 1732 3560 1837 3590; x_wconf 88' lang='lat' dir='ltr'>solum</span> <span class='ocrx_word' id='word_1_923' title='bbox 1867 3570 1942 3600; x_wconf 88' lang='lat' dir='ltr'>ergo</span> <span class='ocrx_word' id='word_1_924' title='bbox 1975 3561 2132 3601; x_wconf 89' lang='lat' dir='ltr'>dependet</span> <span class='ocrx_word' id='word_1_925' title='bbox 2159 3560 2293 3592; x_wconf 82' lang='lat' dir='ltr'>affinitas</span> <span class='ocrx_word' id='word_1_926' title='bbox 2316 3571 2333 3591; x_wconf 84' lang='lat' dir='ltr'>a</span> <span class='ocrx_word' id='word_1_927' title='bbox 2354 3570 2485 3592; x_wconf 88' lang='lat' dir='ltr'>consan-</span> 
     </span>
     <span class='ocr_line' id='line_1_150' title="bbox 1417 3604 2485 3645; baseline 0 -10"><span class='ocrx_word' id='word_1_928' title='bbox 1417 3605 1568 3645; x_wconf 82' lang='lat' dir='ltr'>guinitate</span> <span class='ocrx_word' id='word_1_929' title='bbox 1592 3604 1622 3634; x_wconf 91' lang='lat' dir='ltr'>in</span> <span class='ocrx_word' id='word_1_930' title='bbox 1642 3604 1712 3640; x_wconf 88' lang='lat' dir='ltr'>hoc,</span> <span class='ocrx_word' id='word_1_931' title='bbox 1730 3604 1805 3645; x_wconf 89' lang='lat' dir='ltr'>quia</span> <span class='ocrx_word' id='word_1_932' title='bbox 1822 3615 1886 3635; x_wconf 87' lang='lat' dir='ltr'>non</span> <span class='ocrx_word' id='word_1_933' title='bbox 1912 3611 1992 3635; x_wconf 86' lang='lat' dir='ltr'>esset</span> <span class='ocrx_word' id='word_1_934' title='bbox 2016 3605 2082 3635; x_wconf 91' lang='lat' dir='ltr'>sine</span> <span class='ocrx_word' id='word_1_935' title='bbox 2105 3605 2173 3636; x_wconf 80' lang='lat' dir='ltr'>illa:</span> <span class='ocrx_word' id='word_1_936' title='bbox 2199 3605 2253 3636; x_wconf 90' lang='lat' dir='ltr'>sed</span> <span class='ocrx_word' id='word_1_937' title='bbox 2270 3611 2305 3636; x_wconf 90' lang='lat' dir='ltr'>ut</span> <span class='ocrx_word' id='word_1_938' title='bbox 2320 3615 2338 3636; x_wconf 88' lang='lat' dir='ltr'>a</span> <span class='ocrx_word' id='word_1_939' title='bbox 2354 3604 2485 3645; x_wconf 88' lang='lat' dir='ltr'>proprio</span> 
     </span>
    </p>
   </div>
  </div>
 </body>
</html>
