2768 4198
70 624 80 635 ⁸
93 623 181 646 nomn.
195 623 213 645 1.

69 677 79 687 ⁸
95 676 161 698 Vere.
175 681 206 703 ¹⁴·

69 781 80 792 ⁸
93 779 159 802 Vm.
174 786 190 802 1.

68 913 80 925 ⁸
93 911 159 935 Vero.
173 918 210 940 ²4·
223 917 256 941 ²5·

80 1710 160 1758 'Vnt
175 1740 192 1758 ι.

69 1947 161 1972 ’νει-ι.
173 1953 204 1972 u.

68 2059 79 2072 ⁸
91 2057 160 2081 Vm.
173 2064 195 2087 ⁷·

67 2213 80 2227 ⁸
92 2213 160 2237 Ven-
173 2219 196 2243 9.

962 275 1230 321 QUAESTIO
1260 276 1434 323 CLXXI,
1466 277 1763 315 ARTICULUS
1794 279 1843 314 111

309 354 511 404 prophetia
538 353 730 403 quaedam
759 353 805 389 sit
834 353 880 390 de
905 353 1036 390 futuris
1057 354 1371 402 contingentibus,

310 407 499 457 quaedam
537 414 666 444 autem
705 408 752 444 de
781 406 1010 454 quibusdam
1048 407 1128 444 aliis
1158 409 1289 455 rebus,
1318 409 1371 445 vi-

311 461 420 498 detur
452 459 560 508 sequi
598 459 703 508 quod
740 471 818 496 non
851 459 896 496 sit
935 459 1069 497 eadem
1108 461 1253 509 species
1287 475 1373 511 pro-

309 513 470 563 phetiae.

364 567 438 603 SED
465 577 611 602 CONTRA
637 577 703 601 EST
731 565 836 614 quod
874 565 1081 613 Gregorius
1119 567 1225 614 dicit,
1263 580 1376 617 super

308 620 442 667 Erech.
463 618 494 665 ³¹⁸,
525 618 629 667 quod
649 618 848 667 prophetia
869 619 1059 667 quaedam
1079 627 1135 656 est
1161 621 1206 657 de
1222 622 1373 669 futuro,

310 672 406 708 sicut
424 671 462 708 id
483 672 587 720 quod
609 670 742 708 dicitur
762 672 879 709 Isaiae
895 684 942 709 vn
962 672 992 719 ³¹⁶,
1021 674 1131 719 Ecce,
1151 674 1263 723 virgo
1287 686 1375 711 con-

310 725 420 773 cipiet
454 730 491 761 et
519 725 647 772 pariet
667 725 821 773 filium,·
858 726 1050 773 quaedam
1083 727 1129 762 de
1155 728 1374 775 praeterito,
1402 739 1404 745 ’

310 777 405 814 sicut
433 777 469 815 id
498 777 603 825 quod
630 777 764 815 dicitur
795 779 887 815 Gen.
910 778 969 825 1²¹²,
999 779 1045 816 In
1060 780 1248 829 principio
1271 792 1375 818 crea-

308 831 363 867 vit
388 831 494 867 Deus
529 831 675 868 caelum
705 837 739 868 et
771 837 936 876 terram‚·
965 832 1155 881 quaedam
1191 834 1236 870 de
1263 846 1376 882 prae-
1402 858 1404 864 ι

309 884 413 930 senti,
444 884 539 921 sicut
560 889 576 905 α
606 884 642 921 id
671 885 776 933 quod
805 885 940 922 dicitur
969 887 981 921 I
1011 886 1063 922 ad
1089 886 1176 923 Cor.
1196 899 1257 923 xiv
1275 887 1306 934 *,
1337 887 1378 924 Si
1432 888 1531 935 bilia,
1553 888 1620 924 sed
1648 895 1804 937 propter
1825 889 2015 926 defectum
2036 890 2259 938 cognitionis
2287 892 2496 930 humanae:

309 949 440 974 omnes
461 938 695 986 prophetent,
725 938 837 975 intret
862 944 987 975 autem
1015 939 1098 986 quis
1126 939 1294 987 infidelis,
1316 952 1376 977 oc·
1402 950 1405 976 ι

309 990 408 1028 culta
437 991 560 1027 cordis
597 991 676 1028 eius
711 992 910 1039 manifesta
927 993 1043 1039 fiunt.
1080 993 1171 1029 Non
1202 1005 1290 1041 ergo
1321 1000 1377 1030 est
1403 1017 1404 1026 2

308 1044 510 1092 prophetia
539 1044 664 1080 solum
694 1044 740 1081 de
771 1044 1075 1093 contingentibus
1105 1045 1249 1082 futuris.

307 1150 351 1186 fit
378 1162 448 1198 per
476 1150 629 1199 aliquod
658 1151 804 1197 lumen,
835 1150 883 1188 ad
921 1150 1051 1186 omnia
1087 1150 1148 1187 illa
1177 1164 1217 1187 se
1252 1158 1378 1188 exten—

309 1203 399 1240 dere
433 1211 557 1252 potest
584 1215 682 1252 quae
720 1203 770 1240 illi
808 1203 940 1240 lumini
976 1202 1243 1240 subiiciuntur:
1283 1204 1378 1241 sicut

307 1256 404 1293 visio
441 1256 648 1305 corporalis
686 1269 726 1293 se
755 1256 922 1293 extendit
958 1256 1006 1293 ad
1041 1268 1178 1293 omnes
1216 1258 1376 1305 colores,

309 1362 369 1399 illa
407 1375 507 1412 quae
545 1363 760 1399 subduntur
796 1362 929 1399 lumini
970 1361 1179 1399 intellectus
1222 1363 1376 1410 agentis.

310 1415 486 1464 Cognitio
515 1423 643 1453 autem
680 1415 903 1464 prophetica
932 1422 988 1452 est
1015 1427 1084 1464 per
1119 1416 1250 1452 lumen
1281 1415 1375 1453 divi-

309 1480 425 1516 num,
455 1481 533 1518 quo
562 1476 724 1517 possunt
752 1468 882 1506 omnia
912 1467 1109 1516 cognosci,
1139 1476 1218 1505 tam
1249 1469 1378 1506 divina

309 1533 428 1570 quam
457 1523 638 1568 humana,
667 1529 746 1558 tam
775 1521 980 1570 spiritualia
1010 1533 1127 1569 quam
1152 1522 1375 1571 corporalia.

309 1575 359 1613 Et
378 1574 466 1612 ideo
487 1575 667 1612 revelatio
696 1574 920 1624 prophetica
940 1574 988 1612 ad
1010 1575 1137 1612 omnia
1157 1575 1377 1613 huiusmodi
1404 1595 1405 1600 =

309 1640 350 1665 se
379 1628 554 1665 extendit.
586 1627 692 1664 Sicut
719 1629 766 1665 de
795 1628 854 1665 his
883 1640 982 1676 quae
1011 1628 1199 1677 pertinent
1227 1629 1276 1666 ad
1305 1629 1378 1666 Dei

309 1681 569 1718 excellentiam
591 1688 627 1718 et
646 1682 881 1729 angelorum,
904 1681 1104 1730 spirituum
1135 1681 1342 1719 ministerio
1362 1681 1378 1712 β

309 1734 492 1772 revelatio
521 1734 745 1783 prophetica
771 1736 869 1772 facta
897 1743 968 1771 est:
998 1743 1040 1772 ut
1061 1734 1178 1772 Isaiae
1197 1747 1232 1772 vi
1251 1735 1283 1782 ²¹⁸,
1313 1735 1377 1772 ubi
1404 1769 1406 1786 :

271 1803 273 1807 ⁴
309 1787 460 1826 dicitur:
491 1788 576 1826 Vidi
592 1788 802 1825 Dominum
820 1789 1006 1825 sedentem
1025 1800 1139 1836 super
1157 1788 1293 1825 solium
1313 1801 1378 1825 ex-
1404 1791 1405 1813 ³

308 1841 448 1878 celsum
477 1847 512 1878 et
538 1841 735 1878 elevatum.
767 1841 860 1878 Eius
879 1846 895 1869 Υ
922 1841 1035 1878 etiam
1062 1842 1263 1890 prophetia
1287 1854 1377 1879 con·
1404 1842 1406 1878 Ξ

308 1894 401 1932 tinet
421 1907 466 1931 ea
495 1907 592 1943 quae
621 1894 811 1943 pertinent
830 1894 878 1931 ad
908 1906 1069 1943 corpora
1090 1894 1289 1931 naturalia:
1320 1907 1376 1932 se·
1405 1927 1406 1938 ἢ

311 1948 480 1985 cundum
496 1947 587 1984 illud
607 1948 727 1984 Isaiae
746 1960 792 1984 XL·
811 1947 851 1984 *ε
886 1947 976 1989 Quis
995 1951 1146 1985 mensus
1165 1954 1218 1985 est
1230 1949 1378 1998 pugillo

309 2012 441 2050 aquas,
472 1999 569 2038 etc.‘?
605 2001 784 2038 Continet
821 2000 933 2038 etiam
963 2013 1008 2038 ea
1038 2013 1136 2050 quae
1165 2001 1212 2039 ad
1251 2014 1379 2039 mores

309 2108 467 2158 Frange
485 2107 663 2144 esurienti
675 2119 818 2156 panem
838 2114 955 2153 tuum,
977 2115 1046 2145 ete.
1068 2108 1247 2145 Continet
1267 2108 1378 2145 etiarn

311 2173 356 2198 ea
385 2173 484 2209 quae
503 2161 692 2209 pertinent
710 2161 758 2198 ad
778 2161 924 2198 futuros
954 2168 1134 2198 eventus:
1165 2162 1378 2198 secundum

310 2214 400 2252 illud
421 2214 540 2251 Isaiae
558 2214 707 2251 XLV11*:
740 2214 895 2251 Venient
912 2214 979 2251 tibi
994 2214 1114 2251 subito
1134 2215 1227 2251 haec
1245 2215 1319 2252 duo
1340 2216 1377 2251 in

310 2267 371 2305 die
398 2280 486 2313 una,
514 2267 689 2304 sterilitas
716 2273 752 2304 et
778 2267 949 2305 viduitas.

310 2381 366 2410 est
393 2374 442 2411 de
470 2373 529 2410 his
557 2386 657 2421 quae
684 2374 819 2422 procul
839 2386 861 2411 a
882 2381 1011 2411 nostra
1035 2373 1250 2422 cognitione
1279 2382 1377 2421 sunt,

308 2434 413 2464 tanto
443 2427 569 2475 aliqua
597 2427 718 2475 magis
755 2427 908 2477 proprie
938 2427 986 2464 ad
1014 2427 1257 2476 prophetiam
1293 2440 1377 2476 per-

307 2480 438 2527 tinent,
460 2488 605 2529 quanto
634 2481 782 2529 longius
811 2493 833 2518 a
863 2480 1080 2529 cognitione
1104 2482 1275 2518 humana
1304 2481 1379 2518 exi-

309 2541 423 2570 stunt.
453 2534 605 2570 Horum
635 2541 763 2571 autem
785 2542 841 2571 est
859 2534 992 2583 triplex
1019 2534 1169 2582 gradus.
1200 2535 1378 2581 Quorum

308 2599 408 2623 unus
439 2593 494 2623 est
522 2599 657 2623 eorum
695 2599 794 2635 quae
828 2595 915 2624 sunt
951 2588 1083 2635 procul
1113 2599 1135 2624 a
1165 2587 1379 2635 cognitione
1406 2589 1408 2602 ¹

309 2639 422 2677 huius
450 2639 637 2686 hominis,
668 2640 749 2677 sive
778 2641 990 2678 secundum
1019 2653 1174 2677 sensum
1213 2640 1292 2677 sive
1322 2653 1379 2678 se-

311 2693 480 2730 cundum
522 2693 774 2740 intellectum,
814 2705 892 2730 non
937 2700 1064 2730 autem
1104 2706 1126 2730 a
1164 2693 1380 2742 cognitione

311 2746 484 2783 omnium
513 2746 728 2783 hominum.
759 2746 864 2783 Sicut
892 2759 1006 2783 sensu
1026 2747 1220 2795 cognoscit
1247 2747 1380 2795 aliquis

309 2801 431 2837 homo
451 2812 549 2849 quae
570 2807 657 2836 sunt
675 2799 747 2836 sibi
765 2799 979 2848 praesentia
999 2800 1212 2837 secundum
1237 2801 1378 2848 locum,

311 2865 409 2902 quae
438 2861 565 2890 tamen
596 2853 690 2890 alius
709 2853 880 2890 humano
902 2865 1029 2900 sensu,
1050 2860 1182 2902 utpote
1212 2853 1283 2890 sibi
1312 2855 1378 2891 ab·

365 2967 392 2999 α)
411 2967 519 2992 sicut.-
534 2966 681 2991 secundum
701 2965 932 2994 ABDEFH1K1.a;
950 2971 979 2990 ut
998 2974 1046 2990 nos
1067 2967 1098 2992 G.

334 3039 339 3045 .
364 3001 576 3063 ffiflngelfflum»
595 3002 739 3034 spirituum
759 3002 915 3027 ministerio.
927 3015 948 3021 -
964 3002 1148 3035 angelicorum
1167 3002 1310 3034 spirituum
1330 3004 1379 3029 mi-

311 3042 422 3064 nisteria
466 3058 472 3064 .
498 3049 501 3051 ·

2417 282 2486 329 371

1429 356 1560 404 sentia,
1590 369 1669 393 non
1698 357 1911 405 cognoscit:
1951 365 1988 394 et
2016 357 2068 394 sic
2097 358 2245 395 Eliseus
2274 360 2494 409 prophetice

1430 409 1610 457 cognovit
1637 422 1736 458 quae
1766 410 1883 457 Giezi,
1910 410 2114 460 discipulus
2144 412 2236 458 eius,
2258 411 2295 448 in
2326 413 2494 451 absentia

1401 499 1402 503 ,
1429 463 1585 509 fecerat,
1615 470 1656 499 ut
1682 464 1843 500 habetur
1872 464 1923 501 IV
1950 465 2047 514 Reg.
2063 476 2087 501 v
2106 464 2136 501 ³³.
2168 466 2216 502 Et
2235 464 2403 503 similiter
2431 480 2492 504 co-

1401 535 1403 538 .
1430 515 1626 564 gitationes
1656 516 1780 553 cordis
1808 517 1920 554 unius
1949 518 2052 554 alteri
2087 518 2308 567 prophetice
2338 521 2495 557 manife-

1431 577 1595 606 stantur:
1623 577 1665 605 ut
1694 570 1828 606 dicitur
1856 571 1869 606 l
1900 571 1951 607 ad
1982 572 2069 607 Cor.
2090 583 2150 607 xiv
2168 571 2199 608 ²¹⁶.
2231 573 2279 608 Et
2302 584 2375 621 per
2395 574 2496 611 hunc

1431 623 1592 659 modum
1622 623 1736 659 etiam
1767 635 1811 659 ea
1840 635 1939 671 quae
1967 636 2066 661 unus
2087 624 2155 661 scit
2185 625 2495 674 demonstrative,

1431 675 1493 712 alii
1520 683 1681 724 possunt
1708 676 1930 724 prophetice
1960 677 2130 714 revelari.

1486 729 1686 765 Secundus
1724 737 1852 766 autem
1889 730 2027 778 gradus
2057 738 2112 767 est
2141 743 2274 768 eorum
2310 745 2406 781 quae
2437 746 2498 770 ex-

1432 782 1572 819 cedunt
1599 782 1862 819 universaliter
1890 783 2146 831 cognitionem
2176 785 2350 822 omniurn
2375 787 2498 823 homi-

1432 847 1537 882 num,
1559 847 1637 871 non
1666 835 1755 882 quia
1784 836 1994 873 secundum
2026 849 2064 873 se
2095 849 2172 874 non
2203 838 2275 875 sint
2304 840 2498 887 cognosci-

1433 941 1527 978 sicut
1556 941 1778 989 mysterium
1808 942 2012 980 Trinitatis.
2053 944 2169 990 Quod
2203 946 2413 982 revelatum
2444 954 2500 983 est

1431 1006 1500 1043 per
1538 994 1729 1042 seraphim
1767 994 1949 1032 dicentia:
1985 996 2160 1042 Sanctus,
2191 998 2368 1045 Sanctus,
2404 1000 2497 1036 San-

1403 1071 1405 1091 4
1433 1053 1523 1092 ctus,
1554 1054 1637 1093 etc.,
1668 1055 1708 1083 ut
1735 1047 1896 1084 habetur
1924 1048 2041 1085 Isaiae
2061 1061 2096 1085 vt
2115 1049 2146 1086 ²¹³.

362 1098 589 1134 RESPONDEO
623 1109 807 1134 D1CENDUM
841 1097 947 1146 quod
989 1097 1239 1135 manifestatio
1279 1111 1376 1147 quae
1403 1130 1405 1139 ,

1485 1100 1648 1137 Ultimus
1686 1107 1814 1137 autem
1852 1101 1991 1148 gradus
2022 1110 2076 1138 est
2104 1115 2239 1139 eorum
2277 1116 2375 1151 quae
2413 1113 2500 1142 sunt

1432 1153 1565 1201 procul
1594 1153 1642 1189 ab
1672 1153 1844 1189 omnium
1873 1154 2076 1191 hominum
2106 1156 2320 1203 cognitione
2350 1158 2437 1206 quia
2461 1159 2498 1196 in

1433 1205 1566 1254 seipsis
1606 1217 1684 1242 non
1720 1214 1807 1242 sunt
1837 1207 2127 1254 cognoscibilia:
2167 1217 2207 1245 ut
2245 1210 2499 1258 contingentia

1404 1295 1405 1298 ,
1434 1258 1569 1304 futura,
1599 1271 1765 1306 quorum
1795 1260 1933 1296 veritas
1963 1273 2041 1298 non
2071 1269 2127 1298 est
2155 1261 2415 1300 determinata.
2452 1266 2501 1301 Et

262 1356 267 1357 ⁷
289 1317 349 1353 fet
366 1309 730 1357 comniosnaturalis
751 1309 902 1347 animae
931 1321 971 1346 se
992 1309 1157 1346 extendit
1177 1310 1225 1346 ad
1246 1310 1377 1347 omnia
1404 1333 1406 1344 ,

1434 1311 1523 1360 quia
1545 1311 1651 1359 quod
1681 1319 1736 1348 est
1763 1312 2027 1350 universaliter
2056 1322 2091 1350 et
2117 1315 2328 1352 secundum
2358 1329 2409 1363 se,
2431 1330 2499 1365 po-

1404 1367 1406 1406 i
1433 1364 1506 1401 tius
1536 1371 1591 1400 est
1620 1376 1666 1401 eo
1695 1365 1799 1412 quod
1831 1373 1885 1402 est
1912 1366 2186 1414 particulariter
2219 1375 2255 1404 et
2281 1381 2351 1417 per
2378 1370 2499 1415 aliud;

1404 1446 1405 1453 ,
1434 1417 1521 1454 ideo
1552 1417 1599 1454 ad
1627 1418 1869 1466 prophetiam
1903 1420 2160 1468 propriissime
2194 1422 2358 1469 pertinet
2395 1435 2500 1459 reve-

1404 1502 1405 1508 ,
1433 1470 1522 1507 latio
1553 1478 1760 1507 eventuum
1790 1471 2025 1518 futurorum,
2056 1473 2157 1510 unde
2179 1482 2215 1510 et
2243 1487 2385 1512 nomen
2409 1488 2500 1524 pro-

1427 1524 1578 1572 phetiae
1598 1523 1697 1560 sumi
1715 1523 1878 1561 videtur.
1909 1525 2020 1562 Unde
2042 1527 2247 1574 Gregorius
2272 1527 2370 1575 dicit,
2391 1541 2503 1577 super

1432 1578 1567 1626 Ezech.
1587 1576 1619 1623 ²⁸,
1650 1577 1767 1626 quod,
1789 1589 1874 1614 cum
1896 1578 1977 1615 ideo
1992 1580 2189 1628 prophetia
2218 1581 2315 1617 dicta
2338 1582 2385 1618 sit
2403 1584 2503 1630 quod

1433 1684 1528 1720 senti
1555 1683 1730 1731 loquitur,
1760 1685 1945 1721 rationem
1973 1686 2034 1722 sui
2061 1687 2222 1723 nominis
2249 1688 2393 1725 amittit.

1488 1739 1547 1773 An
1583 1748 1718 1773 ptumum
1747 1749 1846 1774 ERGO
1874 1750 2059 1776 DICENDUM
2093 1740 2198 1788 quod
2227 1742 2426 1790 prophetia
2454 1742 2503 1779 ibi

1435 1789 1613 1827 definitur
1656 1791 1867 1828 secundum
1906 1791 1943 1828 id
1981 1793 2086 1840 quod
2129 1793 2280 1842 proprie
2317 1794 2501 1842 significa-

1434 1851 1495 1880 tur
1523 1843 1678 1879 nomine
1702 1844 1938 1893 prophetiae.

1488 1897 1537 1932 Et
1561 1908 1629 1945 per
1647 1897 1748 1933 hunc
1778 1897 1890 1934 etiam
1916 1898 2077 1935 modum
2098 1900 2295 1948 prophetia
2326 1900 2502 1938 dividitur

1405 1985 1407 2002 i
1436 1957 1567 1986 contra
1595 1949 1685 1986 alias
1714 1950 1850 1997 gratias
1870 1951 1980 1998 gratis
2010 1951 2127 1989 datas.
2158 1953 2268 1990 Unde
2297 1962 2399 2002 patet
2428 1967 2503 1991 res-

1405 2007 1407 2043 ζ
1434 2003 1571 2051 ponsio
1601 2004 1647 2040 ad
1676 2004 1902 2041 secundum.

309 2054 513 2091 hominurn
533 2054 735 2102 pertinent:
765 2054 979 2092 secundum
997 2054 1086 2092 illud
1108 2055 1226 2091 Isaiae
1243 2054 1378 2092 LV111*:
1405 2071 1407 2109 2

1488 2055 1678 2102 Quamvis
1697 2057 1816 2105 possit
1832 2057 1903 2094 dici
1923 2058 2027 2106 quod
2049 2059 2178 2095 omnia
2207 2072 2304 2108 quae
2325 2061 2394 2096 sub
2414 2073 2501 2108 pro-

1433 2109 1561 2157 phetia
1581 2109 1733 2155 cadunt,
1751 2110 1984 2147 conveniunt
1998 2111 2036 2148 in
2051 2112 2122 2148 hac
2143 2112 2288 2149 ratione
2304 2113 2408 2161 quod
2425 2126 2502 2150 non

1434 2170 1521 2198 sunt
1549 2163 1597 2198 ab
1625 2163 1781 2200 homine
1811 2164 2081 2212 cognoscibilia
2105 2164 2175 2202 nisi
2204 2178 2271 2214 per
2307 2167 2503 2203 revelatio-

1406 2229 1407 2263 ἦ
1435 2227 1524 2252 nem
1546 2215 1728 2253 divinam.
1760 2217 1817 2253 Ea
1836 2230 1930 2254 vero
1957 2230 2055 2266 quae
2075 2218 2263 2266 pertinent
2291 2220 2339 2256 ad
2358 2220 2503 2267 sapien-

1406 2266 1408 2291 *
1434 2269 1525 2305 tiam
1547 2276 1582 2305 et
1609 2269 1802 2306 scientiam
1833 2278 1868 2306 et
1896 2271 2238 2318 interpretationem
2270 2284 2500 2318 sermonum,

363 2320 699 2358 Considerandum
737 2328 866 2358 tamen
895 2320 1022 2368 quod,
1053 2320 1141 2369 quia
1177 2321 1379 2370 prophetia
1407 2353 1408 2356 ,

1435 2330 1597 2370 possunt
1634 2323 1791 2359 naturali
1813 2323 1957 2360 ratione
1978 2325 2026 2360 ab
2041 2324 2198 2361 homine
2223 2326 2413 2372 cognosci,
2436 2327 2503 2363 sed

1406 2370 1408 2424 J
1436 2375 1554 2412 altiori
1582 2375 1702 2412 modo
1733 2376 2020 2413 manifestantur
2047 2389 2116 2426 per
2136 2378 2421 2415 illustrationem
2452 2379 2504 2415 di-

1406 2459 1408 2470 ,
1434 2428 1514 2465 vini
1543 2429 1707 2466 luminis.
1738 2429 1848 2466 Fides
1876 2438 2003 2467 autem
2026 2430 2092 2467 etsi
2122 2431 2167 2468 sit
2186 2431 2234 2468 de
2254 2432 2504 2469 invisibilibus

1407 2500 1408 2503 ¹
1434 2481 1594 2529 homini,
1615 2490 1744 2519 tamen
1775 2483 1822 2519 ad
1853 2483 1976 2532 ipsam
2000 2496 2078 2521 non
2098 2485 2260 2532 pertinet
2284 2498 2417 2522 eorum
2440 2499 2501 2522 co-

1435 2535 1551 2583 gnitio
1567 2533 1580 2557 ⁶
1610 2547 1708 2583 quae
1730 2536 1954 2573 creduntur:
1985 2537 2051 2574 sed
2071 2538 2176 2585 quod
2195 2538 2315 2575 homo
2335 2551 2404 2587 per
2424 2551 2501 2575 cer-

1435 2588 1636 2625 titudinem
1657 2589 1835 2626 assentiat
1854 2590 1911 2626 his
1932 2602 2031 2639 quae
2061 2598 2147 2627 sunt
2167 2591 2214 2627 ab
2240 2591 2320 2628 aliis
2341 2592 2500 2639 cognita.

1489 2644 1548 2678 AD
1576 2654 1736 2679 TERTIUM
1766 2654 1950 2680 chENDUM
1979 2643 2084 2691 quod
2118 2644 2278 2681 formale
2307 2645 2345 2681 in
2375 2645 2500 2692 cogni-

1435 2694 1538 2732 tione
1566 2695 1788 2744 prophetica
1809 2703 1864 2732 est
1883 2697 2014 2733 lumen
2043 2696 2228 2745 divinum,
2250 2710 2271 2734 a
2292 2697 2398 2734 cuius
2418 2698 2499 2734 uni-

1434 2755 1510 2785 tate
1538 2749 1738 2797 prophetia
1758 2750 1873 2786 habet
1892 2749 2075 2786 unitatem
2096 2750 2235 2799 speciei
2254 2750 2294 2797 ²¹⁸,
2325 2751 2410 2788 licet
2429 2751 2500 2788 sint

1436 2801 1587 2839 diversa
1617 2814 1714 2851 quae
1735 2814 1803 2851 per
1831 2803 1961 2839 lumen
1982 2803 2154 2840 divinum
2179 2804 2399 2852 prophetice
2420 2817 2501 2841 ma-

1435 2855 1667 2892 nifestantur.

1488 2967 1515 3002 γ)
1535 2969 1608 2993 Eius.
1623 2983 1640 2987 -
1663 2969 1743 2993 Cuius
1755 2946 1790 2998 Ῥ,
1810 2972 1850 2994 est
1867 2977 1915 2994 cor
1933 2969 1989 2994 eius
2008 2970 2040 2999 Η,
2059 2978 2111 2995 om.
2133 2971 2172 2995 ed.
2192 2978 2217 2995 a.

1488 3003 1514 3036 δ)
1533 3004 1659 3037 cognitio.
1674 3018 1691 3023 —
1710 3004 1815 3037 agnitio
1834 3005 1968 3030 ABDEIK.

999 3116 1333 3150 commentaria
1355 3117 1608 3151 Garamans
1631 3119 1833 3152 Caietani

342 3206 363 3226 N
386 3196 518 3228 articulo
541 3197 633 3228 tertio
651 3197 793 3228 eiusdem
808 3196 1001 3238 quaestionis
1018 3197 1375 3238 centesimaeseptuage-

315 3208 572 3281 lsimaeprimae,
596 3241 630 3271 in
652 3241 858 3281 responsione
875 3241 914 3271 ad
934 3241 1120 3277 secundum,
1146 3249 1220 3272 nota
1244 3241 1377 3281 diligen—

1433 3198 1492 3228 alia
1516 3198 1656 3238 cognitio
1680 3209 1697 3229 a
1721 3198 1782 3230 fide
1807 3206 1938 3239 negatur
1961 3200 2020 3230 nisi
2045 3200 2234 3231 evidentiam
2257 3201 2385 3232 habens.
2410 3219 2430 3224 -
2454 3202 2501 3232 Ex

1405 3261 1406 3265 =
1432 3242 1574 3273 revelatis
1597 3253 1673 3273 vero
1697 3250 1827 3284 apparet
1850 3244 2046 3284 oppositum.
2071 3245 2154 3275 Nam
2178 3255 2252 3275 cum
2275 3245 2438 3285 prophetis
2455 3256 2501 3276 re-

312 3283 432 3314 tissime
455 3284 662 3316 differentiam
685 3286 765 3316 inter
770 3285 873 3327 fidem
891 3293 922 3316 et
930 3286 1145 3326 prophetiam,
1162 3286 1194 3316 in
1211 3285 1273 3316 hoc
1289 3286 1378 3326 quod
1404 3272 1407 3335 ζ
1431 3287 1534 3317 velata
1557 3287 1597 3317 sit
1611 3287 1759 3323 Trinitas,
1778 3294 1812 3318 ut
1835 3287 1868 3318 in
1891 3288 1992 3319 littera
2006 3288 2024 3307 *
2048 3291 2168 3319 Auctor
2191 3296 2321 3320 testatur
2345 3300 2380 3320 ex
2405 3290 2500 3320 Isaiae

281 3355 285 3359 .
312 3326 389 3358 fides
413 3328 475 3364 dat,
499 3338 566 3358 non
589 3329 804 3369 cognitionem
824 3340 936 3360 eorum
960 3340 1042 3371 quae
1058 3337 1132 3361 sunt
1147 3329 1229 3367 fidei,
1254 3329 1308 3360 sed
1326 3339 1379 3360 as·
1405 3341 1407 3374 ᾗ
1431 3341 1463 3360 VI
1487 3341 1566 3371 cap.,
1592 3331 1646 3361 ubi
1671 3331 1810 3372 supremi
1834 3333 1936 3372 angeli
1960 3332 2047 3363 illam
2072 3333 2223 3364 revelasse
2239 3334 2449 3371 inducuntur3
2470 3342 2502 3365 et

312 3381 441 3403 sensum
465 3372 508 3404 ad
531 3372 588 3403 illa
602 3383 686 3413 quae
706 3380 782 3406 sunt
804 3375 934 3416 cognita
956 3374 996 3405 ab
1019 3375 1103 3412 aliis,
1125 3374 1241 3405 scilicet
1264 3385 1282 3404 a
1305 3374 1378 3404 Per·
1404 3378 1407 3417 j
1433 3382 1556 3406 constat
1588 3375 1753 3406 Trinitatis
1787 3376 1965 3407 evidentem
1990 3377 2136 3408 notitiam
2165 3388 2231 3408 non
2255 3378 2402 3409 habuisse
2426 3389 2500 3419 pro-

313 3416 399 3446 sonis
422 3416 536 3446 divinis
559 3416 685 3453 salterm
710 3418 877 3459 prophetia
899 3425 1007 3449 autem
1030 3419 1083 3449 dat
1106 3418 1331 3459 cognitionem.

1404 3419 1407 3478 ἰ
1433 3419 1543 3459 phetas
1574 3419 1629 3460 qui
1653 3430 1720 3450 non
1743 3420 1889 3451 viderunt
1916 3421 2055 3452 divinam
2086 3422 2272 3459 essentiam;
2305 3429 2336 3453 et
2358 3423 2500 3454 similiter

358 3460 419 3491 Sed
443 3460 579 3491 occurrit
601 3460 651 3491 hic
674 3470 739 3491 non
755 3462 983 3493 dissimulanda
997 3463 1156 3504 quaestio:
1182 3473 1222 3493 an
1239 3463 1378 3503 cognitio
1405 3479 1407 3512 Ξ
1433 3470 1538 3503 potest
1561 3464 1649 3504 argui
1672 3464 1711 3494 de
1733 3464 1948 3495 incarnatione
1971 3465 2077 3501 Verbi,
2094 3473 2151 3497 etc.

313 3512 425 3546 negata
442 3503 517 3535 fidei
540 3510 572 3535 et
585 3505 734 3536 attributa
756 3506 950 3546 prophetiae,
971 3507 1011 3538 sit
1030 3507 1169 3548 cognitio
1194 3507 1378 3539 evidentiae.
1405 3513 1407 3544 ξ

1489 3507 1574 3538 Huic
1597 3508 1775 3549 quaestioni
1792 3509 1823 3539 in
1840 3509 1973 3540 articulo
1996 3510 2109 3551 quinto
2124 3510 2142 3530 *
2165 3511 2423 3551 respondendum
2444 3518 2497 3546 est,

314 3550 354 3580 Et
377 3557 423 3580 est
445 3549 525 3580 ratio
543 3548 631 3580 dubii
654 3548 730 3589 quia
743 3559 781 3580 ex
794 3549 863 3590 ipsa
879 3551 1046 3591 negatione
1061 3551 1250 3592 cognitionis
1267 3563 1286 3582 a
1305 3551 1377 3589 fide,
1405 3545 1407 3569 ¹
1433 3552 1466 3582 in
1491 3562 1557 3592 quo
1582 3562 1619 3583 ex
1642 3553 1807 3593 proposito
1832 3553 1870 3584 de
1887 3553 2073 3586 certitudine
2090 3554 2292 3595 propheticae
2307 3554 2497 3595 cognitionis

314 3600 443 3634 apparet
466 3593 555 3634 quod
577 3593 616 3623 de
640 3592 752 3624 notitia
776 3593 948 3626 evidentiae
971 3602 1017 3626 est
1039 3605 1161 3627 sermo:
1193 3606 1268 3627 nam
1291 3597 1378 3627 nulla
1405 3578 1408 3632 i

1434 3603 1480 3627 est
1504 3606 1619 3627 sermo.

2523 479 2533 488 ⁸
2548 478 2613 500 Vere.
2628 479 2663 500 26.

2525 585 2533 593 ⁸
2548 583 2596 604 Loc
2620 584 2656 605 cit.

2526 1061 2536 1071 ⁸
2550 1060 2616 1081 Vers.
2631 1067 2650 1089 3.

2530 1589 2539 1599 ⁸
2554 1589 2608 1610 Loc.
2623 1589 2660 1610 cit.

1404 1649 1406 1675 [
1428 1631 1564 1678 futura
1589 1630 1796 1678 praedicat,
1826 1632 1977 1679 quando
2006 1633 2052 1669 de
2074 1634 2278 1681 praeterito
2307 1635 2368 1671 vel
2389 1647 2500 1683 prae·
2557 1682 2560 1685 Ι

2529 2759 2538 2769 ⁸
2552 2759 2580 2780 D.
2596 2757 2656 2783 ¹⁰⁶7-

2530 3298 2538 3307 ⁸
2553 3297 2578 3318 In
2594 3303 2699 3325 corpore.

2526 3519 2535 3529 ⁸
2543 3518 2672 3540 Comment.
2682 3524 2704 3540 n.
2711 3524 2735 3540 n.
