2768 4198
86 756 136 777 ·Cf.
147 761 211 777 num.
221 755 296 782 1v‚fin.

175 2483 226 2504 ¹¹›¹¹
245 2489 292 2525 ug-
319 2472 356 2509 in
387 2473 399 2508 Ι
429 2472 549 2509 Ethic.
570 2471 590 2493 '¹‘
620 2471 659 2508 Si
689 2482 778 2518 ergo
809 2471 964 2521 aliquod
990 2471 1095 2509 aliud
1115 2471 1263 2509 bonum
1291 2479 1390 2509 esset

320 2537 434 2562 causa
463 2524 643 2574 martyrii,
666 2524 832 2562 maxime
853 2525 1048 2562 videretur
1075 2524 1182 2574 quod
1211 2524 1261 2562 illi
1290 2537 1389 2562 mar-

81 2961 88 2968 ·
103 2959 159 2980 Ord.

86 3166 92 3173 ”
106 3167 159 3193 Arg.
172 3172 195 3191 2:
211 3170 252 3188 art.
267 3174 289 3192 4·

84 3388 89 3393 “
100 3385 138 3406 Ad
152 3385 195 3406 Τιἰ.
210 3390 261 3412 cap.
273 3391 293 3410 ι,

82 3418 141 3433 vers.
158 3418 174 3432 ι.

324 283 375 317 40

325 350 477 381 sustinere
502 351 719 382 tribulationes
738 353 972 383 continuandas
987 353 1183 382 naturaliter
1198 352 1237 382 ad
1254 359 1392 384 mortem

325 402 371 426 est
394 395 599 436 martyrium:
624 397 678 426 sed
702 396 777 427 dicit
800 396 889 437 quod
913 395 1065 426 sustinere
1081 395 1300 426 tribulationes
1316 406 1392 427 con-

325 441 468 471 tinuatas
497 440 537 470 ad
567 447 703 470 mortem
728 448 774 471 est
807 439 1004 480 martyrium.
1034 439 1076 469 Et
1103 447 1272 480 propterea
1299 449 1392 480 argu-
1419 440 1421 475 ,Ξ

983 274 1252 320 QUAESTIO
1283 274 1462 322 CXXIV,
1490 277 1853 316 ARTICULUS·V

1447 357 1664 396 suspensionis
1676 359 1715 388 ad
1732 365 1870 399 tempuS,
1884 367 1920 390 ut
1941 359 2053 390 accidit
2076 360 2184 390 beatae
2204 359 2360 390 Caeciliae
2387 359 2519 390 dicenti:

1446 398 1622 439 Impetravi
1642 411 1662 432 a
1686 402 1825 433 Domino
1849 404 1991 435 indutias
2014 405 2169 444 martyrii
2192 405 2254 434 mei
2269 403 2296 434 *.
2326 403 2367 434 Et
2396 403 2522 434 videtur

1445 442 1509 473 hoc
1531 444 1679 476 accidisse
1703 445 1884 488 frequenter
1907 448 2022 479 sanctis
2047 448 2246 489 martyribus,
2261 457 2298 478 ex
2321 457 2361 478 eo
2381 448 2470 488 quod
2486 448 2520 478 in

2548 413 2759 436 'VideBrev.Rom.

2548 440 2570 461 in
2581 439 2622 462 off.
2632 440 2656 462 S.
2667 440 2760 468 Luc-iae,

2548 467 2603 488 Dec.
2619 472 2647 495 ¹3·
2661 478 2672 483 —
2687 467 2721 488 De
2735 467 2760 490 S.

325 491 485 522 mentum,
509 485 598 524 quod
623 485 661 515 de
685 484 916 520 continuandis,
934 491 964 514 et
984 493 1049 514 non
1074 483 1266 514 continuatis
1288 484 1393 525 loqui-
1419 478 1421 494 ¹
1445 486 1560 518 talibus
1583 491 1750 521 tormentis
1773 491 1884 522 tandiu
1908 493 2007 523 vitam
2031 493 2211 523 habuerunt
2233 492 2372 532 integrae
2395 492 2520 523 virtutis
2547 493 2689 541 ᾖξ’-ΑΜΕ
2703 493 2760 515 ibid·

324 535 384 564 tur,
411 538 476 558 non
501 535 547 559 est
569 536 678 559 contra
701 528 845 564 litteram,
871 535 979 558 contra
1001 537 1100 567 quam
1123 528 1181 558 iste
1204 528 1317 568 arguit.

373 572 496 603 Dicitur
508 572 716 603 nihilominus
729 572 880 607 secundo,
894 572 933 601 ad
949 572 1154 611 propositum
1170 582 1290 608 casum,
1304 573 1392 613 quod

324 616 490 656 dupliciter
520 617 674 656 contingit
702 616 846 656 impediri
872 616 1020 646 mortales
1044 616 1207 655 passiones
1238 627 1255 646 a
1278 624 1393 647 morte.
1419 612 1420 636 ἶ

325 661 398 691 Uno
423 661 540 696 modo,
566 671 621 701 per
644 661 727 690 viam
750 659 971 700 impedimenti
995 659 1195 699 simpliciter,
1220 667 1256 691 ut
1281 661 1393 691 accidit
1419 648 1421 688 i

323 705 415 735 beato
440 705 549 735 Ioanni
574 704 801 744 Evangelistae,
826 713 901 734 cum
922 710 994 733 ante
1010 704 1138 734 Portam
1155 704 1302 734 Latinam
1317 705 1392 735 mis·
1418 709 1420 745 j

323 759 377 779 sus
401 756 447 779 est
475 749 507 778 in
531 748 677 779 ferventis
693 748 755 778 olei
780 748 905 778 dolium
920 747 952 777 *z
978 747 1133 788 quoniam
1157 748 1217 779 fuit
1239 748 1392 788 impedita
1418 758 1420 783 ε

323 802 409 823 mors
433 793 584 828 totaliter,
610 802 649 822 ne
672 792 789 822 scilicet
815 799 891 822 tunc
913 792 964 822 vel
988 792 1055 822 ullo
1079 802 1223 833 unquam
1247 799 1392 832 tempore
1418 797 1419 827 l

323 847 359 867 ex
374 836 430 866 illo
446 837 517 867 oleo
541 836 678 867 fervente
701 843 886 866 moreretur.
914 836 955 866 Et
971 845 1045 867 cum
1064 836 1108 866 sic
1122 836 1391 876 impedimentum

322 887 506 921 praestatur,
531 881 702 911 dicendum
725 888 772 912 est
795 880 883 921 quod
907 880 978 911 talis
1002 890 1067 910 non
1092 888 1139 911 est
1161 881 1289 921 proprie
1308 890 1391 911 mar-

322 931 385 965 tyr:
411 932 447 955 ut
461 925 500 955 de
515 925 585 965 ipso
602 926 696 955 beato
712 925 830 955 Ioanne
846 931 941 965 patet.
966 942 987 948 —
1011 925 1086 956 Alio
1101 926 1211 962 modo,
1236 935 1292 966 per
1306 925 1390 955 viam
1417 918 1419 959 4

1419 534 1421 570 ξ
1445 530 1557 568 vitalis,
1582 539 1618 563 ut
1640 533 1771 574 loquela
1793 543 1825 567 et
1847 543 1936 567 actus
1951 546 2066 567 eorum
2082 537 2289 568 manifestare.
2298 536 2456 567 videntur.
2481 536 2521 567 Et

1419 581 1421 602 1
1446 574 1507 605 tale
1530 575 1808 616 impedimentum,
1825 580 1901 620 quia
1920 581 1961 611 ad
1984 588 2112 621 tempus
2137 589 2199 617 est,
2224 591 2290 611 non
2313 580 2449 621 impedit
2472 591 2520 611 ra-

1446 618 1568 650 tionem
1592 622 1750 662 martyrii:
1782 624 1938 664 quoniam
1967 626 2103 656 omnino
2135 626 2266 656 tandem
2290 625 2396 666 passio
2420 635 2519 665 quam

1445 663 1579 713 sustinet
1602 665 1807 698 continuatur
1829 668 1869 698 ad
1889 676 2036 706 mortem,
2060 670 2103 700 ita
2126 670 2216 711 quod
2241 680 2277 700 ex
2300 669 2354 700 illa
2377 670 2521 710 sequitur

1447 716 1543 757 mors,
1567 709 1800 748 impedimento
1822 713 1912 752 quod
1935 714 2149 753 suspendebat
2171 714 2299 745 sublato
2325 714 2364 744 ab
2380 714 2520 754 ipsomet

1446 760 1502 790 qui
1517 751 1598 782 illud
1613 762 1816 793 apposuerat,
1829 756 1899 786 Deo
1915 756 2034 788 scilicet
2047 757 2203 797 glorioso;
2223 758 2256 789 in
2273 758 2364 789 cuius
2380 758 2518 799 signum,

1445 796 1642 836 quandoque
1671 807 1779 828 orasse
1809 799 1925 839 legitur
1947 809 2099 842 martyres
2128 809 2165 834 ut
2190 803 2254 833 iam
2277 803 2425 843 spiritum
2448 803 2519 833 Deo

1445 839 1611 888 redderent
1625 841 1652 872 *.
1678 842 1719 872 Et
1741 850 1910 883 propterea
1932 845 2059 876 nullum
2075 856 2113 876 ex
2127 846 2186 877 hac
2208 847 2353 878 doctrina
2376 847 2520 888 sequitur

1444 885 1686 916 inconveniens:
1711 886 1766 916 sed
1790 896 1916 927 semper
1933 895 1996 920 stat
2009 889 2150 920 solidum
2165 891 2245 921 illud
2260 891 2520 928 fundamentum,

1444 929 1533 968 quod
1558 930 1597 959 ad
1621 930 1809 971 martyrium
1833 932 2003 972 requiritur
2025 934 2156 965 actualis
2178 935 2284 975 passio
2307 936 2430 967 mortis.

1113 1086 1432 1130 ARTICULUS
1463 1085 1723 1137 QUINTUS

953 1189 1109 1220 UTRUM
1133 1189 1245 1220 som
1269 1188 1391 1220 FmEs
1415 1188 1482 1220 SIT
1507 1188 1649 1220 CAUSA
1673 1189 1886 1221 MARTYRII

779 1269 812 1294 lV
831 1269 916 1299 sent„
936 1269 995 1294 dist.
1014 1277 1080 1299 xux,
1100 1277 1146 1302 qu.
1163 1277 1188 1301 V,
1208 1274 1254 1294 art.
1275 1269 1298 1299 3,
1319 1268 1370 1302 qu⁸
1390 1276 1413 1298 2.
1433 1269 1465 1294 ad
1485 1276 1502 1303 9
1522 1276 1595 1302 sqq.;
1614 1269 1658 1294 Ad
1676 1269 1766 1300 Rom„
1788 1277 1843 1302 cap.
1861 1276 1917 1300 vm,
1937 1269 1996 1295 lect.
2016 1277 2062 1294 vn.

439 1365 478 1392 ss,
510 1370 511 1373 =
534 1362 557 1387 D
578 1362 741 1393 Qumrum
761 1362 814 1388 sm
834 1361 1076 1388 moeson-ua.
1106 1349 1267 1387 Videtur
1285 1350 1392 1398 quod

454 1391 500 1450 ²}
535 1404 616 1441 sola
653 1404 750 1441 fides
793 1404 839 1441 sit
871 1415 987 1441 causa
1024 1403 1206 1452 martyrii.
1246 1403 1392 1440 Dicitur

340 1456 462 1510 31¹⁷:
473 1440 505 1495 ’ᾗ
535 1457 637 1494 enim
660 1459 672 1494 1
694 1457 774 1494 Pet.
791 1469 827 1494 iv
840 1456 875 1494 *ε
896 1457 1024 1494 Nemo
1043 1462 1208 1494 vestrum
1222 1457 1394 1505 patiatur

344 1502 354 1510 ”
380 1483 469 1536 (3'2'
494 1501 644 1560 &quasi
668 1511 855 1548 homicida
881 1516 948 1548 aut
962 1512 1049 1560 fur,
1071 1517 1136 1548 aut
1154 1509 1296 1559 aliquid
1323 1511 1392 1547 hu-

320 1564 508 1602 iusmodi:
535 1565 571 1602 si
595 1570 720 1601 autem
750 1570 790 1601 ut
813 1565 1059 1610 Christianus,
1079 1575 1154 1601 non
1186 1565 1392 1609 erubescat,

318 1618 506 1668 glorificet
533 1624 658 1655 autem
686 1618 812 1655 Deum
842 1617 879 1654 in
908 1618 976 1655 isto
997 1623 1014 1639 ²
1043 1619 1205 1655 nomine.
1240 1618 1318 1655 Sed
1347 1629 1392 1654 ex

319 1672 394 1708 hoc
423 1671 558 1708 dicitur
585 1671 719 1720 aliquis
749 1671 986 1708 Christianus
1015 1671 1121 1719 quod
1143 1678 1246 1708 tenet
1273 1671 1391 1708 fidem

320 1725 469 1762 Christi.
505 1726 607 1773 Ergo
646 1725 726 1761 sola
762 1725 858 1762 fides
897 1724 1036 1762 Christi
1071 1724 1136 1761 dat
1162 1724 1392 1773 patientibus

320 1777 489 1826 martyrii
517 1778 691 1826 gloriam.

374 1843 408 1868 2.
432 1833 664 1878 PRAETEREA,
695 1836 846 1880 martyr
874 1830 1011 1868 dicitur
1038 1829 1148 1878 quasi
1176 1830 1284 1867 testis.
1315 1830 1391 1867 Te-
1417 1854 1419 1876 ff

319 1884 541 1921 stimonium
566 1892 695 1921 autern
720 1896 798 1920 non
827 1883 998 1921 redditur
1017 1882 1088 1920 nisi
1106 1882 1268 1920 veritati.
1299 1883 1392 1921 Non

318 1945 446 1974 autern
475 1937 611 1985 aliquis
649 1937 783 1974 dicitur
814 1945 959 1985 martyr
992 1949 1037 1974 ex
1071 1936 1289 1974 testimonio
1326 1948 1391 1973 cu-

317 1991 467 2028 iuslibet
493 1991 681 2037 veritatis,
711 1990 779 2027 sed
813 1991 937 2027 solum
966 2002 1011 2027 ex
1044 1990 1263 2027 testimonio
1291 1990 1391 2027 veri-

317 2044 401 2081 tatis
422 2044 584 2081 divinae.
614 2043 807 2093 Alioquin,
825 2044 855 2081 si
875 2044 959 2093 quis
979 2051 1194 2081 moreretur
1212 2055 1283 2093 pro
1301 2055 1390 2081 con—

317 2098 480 2135 fessione
509 2097 675 2135 veritatis
703 2097 936 2145 geometriae
955 2095 982 2144 β,
1011 2097 1072 2134 vel
1094 2096 1245 2134 alterius
1269 2097 1390 2134 scien-

317 2151 390 2188 tiae
428 2151 707 2200 speculativae,
748 2159 847 2188 esset
888 2159 1052 2199 martyr:
1095 2151 1200 2199 quod
1238 2150 1391 2188 videtur

318 2204 518 2242 ridiculum
539 2209 566 2241 Υ.
607 2205 709 2252 Ergo
739 2204 818 2241 sola
846 2204 943 2241 fides
973 2212 1028 2241 est
1061 2203 1229 2252 martyrii
1262 2216 1389 2242 causa.

375 2259 409 2295 3.
439 2259 679 2304 PRAETEREA,
717 2257 812 2294 inter
847 2257 920 2295 alia
953 2257 1137 2294 virtutum
1175 2269 1294 2306 opera
1330 2257 1390 2294 illa

318 2310 498 2349 videntur
526 2323 608 2348 esse
627 2310 777 2360 potiora
796 2323 896 2361 quae
926 2310 1149 2348 ordinantur
1173 2313 1220 2348 ad
1241 2311 1388 2348 bonum

320 2377 548 2402 commune:
587 2363 676 2414 quia
704 2364 845 2401 bonum
877 2364 1000 2414 gentis
1033 2364 1166 2401 melius
1193 2370 1248 2400 est
1273 2375 1388 2413 quam

319 2419 460 2456 bonum
489 2418 599 2455 unius
632 2417 814 2464 hominis,
844 2418 1058 2455 secundum
1093 2417 1387 2467 Philosophum,

318 2586 419 2627 tyres
449 2586 574 2616 essent
602 2578 666 2628 qui
694 2590 765 2627 pro
795 2578 1017 2616 defensione
1046 2577 1278 2628 reipublicae
1307 2590 1391 2615 mo-

319 2631 474 2669 riuntur.
513 2631 630 2679 Quod
669 2631 864 2669 Ecclesiae
894 2631 1114 2670 observatio
1148 2644 1227 2669 non
1256 2632 1388 2669 habet:

319 2698 397 2723 non
427 2685 530 2722 enim
560 2684 722 2722 militum
751 2685 815 2735 qui
845 2685 882 2723 in
911 2685 1012 2723 bello
1041 2685 1139 2723 iusto
1176 2685 1390 2723 moriuntur

319 2739 499 2788 martyria
518 2739 769 2776 celebrantur.
796 2739 898 2787 Ergo
919 2739 1000 2776 sola
1018 2739 1116 2776 fides
1135 2738 1288 2776 videtur
1307 2751 1390 2776 esse
1416 2754 1417 2785 2

318 2792 487 2841 martyrii
517 2804 643 2829 causa.

373 2846 448 2883 Sei)
473 2857 619 2883 CONTRA
643 2857 710 2883 asr
732 2845 838 2894 quod
864 2845 999 2883 dicitur
1018 2845 1153 2883 Matth.
1173 2857 1198 2881 v
1215 2844 1252 2882 *ε
1281 2846 1392 2882 Beati

319 2900 385 2949 qui
392 2900 690 2948 persecutionem
696 2899 895 2948 patiuntur
902 2904 1058 2948 propter
1068 2899 1245 2936 iustitiam
1255 2912 1267 2936 :
1283 2898 1389 2948 quod

318 2953 480 3003 pertinet
508 2954 556 2990 ad
591 2952 826 3001 martyrium,
846 2960 888 2989 ut
916 2953 1054 2990 Glossa
1072 2952 1092 2974 ²⁸¹
1120 2951 1264 2990 ibidem
1289 2951 1388 2990 dicit.
1416 2968 1417 2983 ι

319 3007 379 3044 Ad
417 3006 597 3043 iustitiam
633 3013 761 3043 autem
799 3005 961 3054 pertinet
1002 3018 1082 3043 non
1117 3006 1243 3043 solum
1272 3006 1389 3053 fides,

318 3060 386 3098 sed
414 3059 528 3096 etiam
558 3059 653 3096 aliae
681 3059 851 3096 virtutes.
882 3060 985 3107 Ergo
1006 3059 1119 3096 etiarn
1149 3059 1245 3096 aliae
1274 3059 1389 3096 virtu—

318 3121 374 3151 tes
403 3121 563 3162 possunt
591 3124 673 3150 esse
703 3112 871 3162 martyrii
902 3125 1027 3150 causa.

373 3168 600 3204 Respoumso
621 3178 807 3204 nicENDUM
827 3166 950 3216 quod,
981 3166 1076 3203 sicut
1105 3165 1247 3203 dictum
1278 3174 1333 3204 est
1350 3165 1389 3212 ⁸⁸,
1416 3206 1418 3218 Ι

320 3226 509 3269 martyres
538 3220 714 3258 dicuntur
742 3220 851 3268 quasi
872 3225 999 3257 testes:
1027 3218 1116 3269 quia
1144 3218 1285 3257 scilicet
1308 3232 1390 3257 cor·
1416 3223 1418 3252 Ι

320 3273 514 3322 poralibus
543 3273 621 3310 suis
649 3273 891 3323 passionibus
919 3284 1043 3321 usque
1071 3272 1120 3310 ad
1143 3280 1308 3311 mortem
1337 3281 1390 3310 te—

322 3326 542 3364 stimonium
562 3327 763 3375 perhibent
781 3326 942 3372 veritati,
959 3338 1038 3364 non
1060 3326 1302 3375 cuicumque,
1322 3327 1390 3364 sed

322 3379 470 3416 veritati
495 3390 592 3427 quae
618 3381 823 3417 secundum
846 3380 1023 3430 pietatem
1053 3385 1107 3417 est
1123 3379 1159 3425 ³⁸,
1189 3392 1289 3429 quae
1322 3391 1391 3429 per
1416 3382 1417 3396 ¹

322 3432 515 3469 Christum
537 3432 647 3469 nobis
667 3433 844 3479 innotuit;
875 3434 977 3471 unde
1005 3441 1041 3470 et
1059 3439 1250 3482 martyres
1283 3433 1390 3470 Chri-

376 3547 403 3577 α)
423 3545 449 3569 in
470 3545 562 3570 istm·
581 3545 651 3570 iusto
670 3545 846 3579 BCEFKLpA
865 3552 891 3571 et
909 3555 934 3572 a.

377 3579 400 3612 si)
420 3580 591 3613 geometriae.
605 3595 622 3599 -
640 3581 818 3614 geometricae
837 3581 1005 3615 PDHKLpA.

376 3619 402 3650 γ)
422 3616 605 3642 ridiculum.—
622 3616 796 3642 ridiculosum
816 3617 847 3640 Α.

1446 1350 1494 1386 sti
1512 1350 1701 1397 dicuntur,
1723 1350 1830 1398 quasi
1850 1357 1964 1387 testes
1984 1349 2113 1400 ipsius.
2139 1350 2372 1390 Huiusmodi
2391 1361 2520 1391 autem

1449 1411 1504 1440 est
1530 1402 1672 1441 veritas
1690 1402 1794 1441 fidei.
1824 1403 1873 1440 Et
1891 1402 1979 1441 ideo
2001 1403 2200 1441 cuiuslibet
2217 1404 2386 1454 martyrii
2406 1419 2521 1449 causa

1448 1465 1504 1494 est
1522 1457 1613 1494 fidei
1631 1457 1784 1494 veritas.
1805 1477 1830 1484 -
1850 1457 1928 1494 Sed
1947 1457 1998 1494 ad
2016 1457 2107 1495 fidei
2125 1457 2327 1496 veritatem
2352 1471 2432 1497 non
2460 1473 2522 1505 so·-

1447 1510 1526 1547 lum
1565 1510 1726 1559 pertinet
1762 1510 1844 1559 ipsa
1881 1511 2082 1548 credulitas
2119 1511 2263 1559 cordis,
2302 1513 2371 1550 sed
2405 1513 2519 1551 etiam

1448 1563 1611 1601 exterior
1638 1564 1872 1613 protestatio.
1904 1564 2016 1612 Quae
2045 1564 2202 1614 quidem
2222 1565 2265 1603 fit
2282 1577 2364 1604 non
2392 1566 2519 1605 solum

1446 1629 1516 1667 per
1543 1618 1663 1655 verba
1698 1617 1838 1666 quibus
1872 1617 2008 1667 aliquis
2043 1619 2247 1657 confitetur
2278 1619 2414 1668 fidem,
2451 1621 2520 1662 sed

1448 1671 1562 1708 etiarn
1591 1683 1660 1720 per
1689 1670 1785 1708 facta
1821 1670 1962 1719 quibus
1996 1671 2130 1721 aliquis
2159 1671 2278 1710 fidem
2309 1685 2349 1710 se
2377 1674 2520 1717 habere

1447 1724 1629 1762 ostendit:
1660 1725 1874 1762 secundum
1894 1724 1986 1762 illud
2006 1726 2080 1763 lac.
2102 1737 2124 1763 11
2143 1725 2185 1763 *z
2212 1726 2301 1776 Ego
2325 1728 2519 1766 ostendam

1418 1819 1419 1825 ¹
1446 1778 1513 1815 tibi
1537 1789 1589 1814 ex
1624 1778 1799 1826 operibus
1815 1778 1939 1826 fidem
1972 1789 2110 1816 meam.
2146 1779 2261 1817 Unde
2295 1788 2332 1817 et
2360 1782 2409 1818 de
2437 1781 2520 1830 qui-

1446 1831 1610 1868 busdam
1649 1830 1786 1868 dicitur
1823 1831 1893 1868 Tit.
1928 1843 1937 1868 ι
1956 1830 1994 1868 ⁸:
2029 1832 2264 1880 Confitentur
2289 1831 2304 1855 ⁸
2337 1846 2378 1871 se
2411 1845 2521 1883 nosse

1445 1884 1584 1930 Deum,
1591 1884 1713 1932 factis
1732 1889 1858 1921 autem
1887 1890 2040 1935 negant.
2071 1885 2120 1922 Et
2139 1884 2228 1923 ideo
2248 1886 2425 1933 omnium
2443 1887 2520 1927 vir-

1444 1944 1568 1974 tutum
1589 1949 1720 1984 opera,
1737 1934 1953 1975 secundum
1973 1937 2079 1986 quod
2099 1937 2311 1977 referuntur
2324 1940 2364 1978 in
2376 1934 2520 1990 Deum,

1445 1998 1533 2028 sunt
1552 1990 1745 2038 quaedam
1775 1990 2068 2039 protestationes
2091 1990 2194 2037 fidei,
2214 2004 2284 2041 per
2309 2005 2428 2042 quam
2450 2006 2522 2039 nm

1416 2048 1417 2093 ζ
1446 2043 1503 2081 bis
1522 2043 1724 2081 innotescit
1742 2043 1849 2092 quod
1864 2044 1972 2081 Deus
1991 2044 2214 2082 huiusmodi
2232 2057 2352 2095 opera
2367 2056 2391 2084 a
2409 2046 2521 2086 nobi!

1444 2096 1612 2146 requirit,
1634 2105 1671 2134 et
1691 2109 1763 2134 nos
1791 2108 1863 2147 pro
1893 2098 1947 2134 eis
1977 2105 2206 2136 remunerat.
2237 2098 2287 2136 Et
2305 2100 2520 2140 secundum

1443 2151 1519 2188 hoc
1546 2159 1708 2200 possunt
1738 2163 1821 2188 esse
1851 2150 2020 2200 martyrii
2051 2163 2178 2190 causa.
2213 2151 2326 2192 Unde
2356 2160 2392 2192 et
2420 2152 2521 2195 beati

1445 2205 1598 2242 Ioannis
1635 2204 1830 2253 Baptistae
1873 2203 2098 2254 martyrium
2137 2205 2175 2244 in
2212 2204 2387 2245 Ecclesia
2423 2208 2522 2251 cele„

1445 2259 1592 2304 bratur‚
1622 2257 1687 2306 qui
1715 2269 1794 2294 non
1822 2269 1892 2307 pro
1921 2259 2098 2306 neganda
2131 2259 2232 2307 fide,
2261 2261 2330 2298 sed
2358 2273 2429 2310 pro
2460 2274 2520 2300 re-

1443 2311 1696 2361 prehensione
1726 2310 1938 2348 adulterii*
1965 2319 2132 2349 mortem
2159 2312 2336 2350 sustinuit
2353 2313 2406 2352 ⁴¹⁸².

1497 2366 1556 2402 An
1585 2375 1723 2402 ramum
1743 2374 1842 2401 ERGO
1870 2375 2056 2402 niet-:noum
2077 2365 2182 2414 quod
2203 2366 2439 2405 Christianus
2462 2367 2519 2406 dis-

1445 2418 1540 2456 citur
1567 2417 1632 2467 qui
1662 2417 1800 2455 Christi
1834 2425 1900 2455 est.
1938 2418 2085 2456 Dicitur
2112 2426 2241 2456 autern
2271 2419 2406 2470 aliquis
2435 2433 2518 2459 esse

1445 2471 1583 2509 Christi
1610 2483 1688 2509 non
1710 2471 1837 2508 solum
1864 2483 1908 2508 ex
1930 2482 1976 2508 eo
2006 2473 2112 2521 quod
2131 2471 2247 2510 habet
2266 2472 2388 2512 fidem
2408 2472 2518 2517 Chri-

1444 2525 1500 2572 sti,
1521 2525 1589 2562 sed
1609 2525 1725 2562 etiarn
1746 2536 1790 2561 ex
1811 2537 1859 2561 eo
1879 2524 1986 2574 quod
2011 2525 2153 2574 Spiritu
2172 2525 2312 2564 Christi
2331 2527 2382 2565 ad
2400 2539 2519 2578 opera

1442 2578 1614 2615 virtuosa
1650 2577 1843 2628 procedit,
1874 2578 2089 2616 secundum
2127 2578 2219 2616 illud
2251 2580 2365 2618 Rom.
2394 2591 2456 2619 vin
2475 2581 2517 2620 *t

1415 2639 1416 2642 ’
1444 2632 1487 2669 Si
1512 2632 1594 2681 quis
1623 2632 1803 2680 Spiritum
1837 2631 1977 2669 Christi
2011 2643 2086 2669 non
2115 2633 2244 2680 habet,
2273 2633 2335 2670 hic
2362 2646 2438 2672 non
2466 2640 2522 2673 est

1444 2685 1543 2730 eius,·
1571 2692 1608 2722 et
1628 2685 1742 2722 etiam
1764 2697 1809 2722 ex
1829 2685 1904 2722 hoc
1931 2686 2050 2735 quod,
2071 2685 2121 2723 ad
2140 2685 2391 2725 imitationem
2411 2687 2519 2728 Chri—

1445 2739 1500 2785 sti,
1532 2737 1695 2788 peccatis
1724 2738 1897 2785 moritur,
1926 2739 2143 2777 secundum
2171 2739 2265 2777 illud
2292 2739 2417 2780 Galat.
2437 2753 2462 2778 v
2479 2740 2518 2780 *ε

1416 2799 1417 2838 l
1449 2792 1524 2835 Qui
1546 2792 1685 2830 Christi
1704 2797 1801 2838 sunt,
1822 2804 1978 2830 carnem
1996 2804 2106 2830 suam
2125 2794 2411 2842 crucifixerunt,
2430 2806 2519 2833 cum

1444 2846 1540 2883 vitiis
1577 2851 1615 2883 et
1643 2845 1962 2894 concupiscentiis.
1997 2846 2046 2883 Et
2078 2845 2166 2884 ideo
2202 2854 2245 2884 ut
2281 2846 2519 2887 Christianus

1416 2896 1417 2899 ’
1444 2899 1583 2949 patitur
1616 2911 1694 2936 non
1727 2899 1852 2936 solum
1881 2899 1947 2948 qui
1978 2899 2120 2949 patitur
2151 2911 2222 2950 pro
2250 2900 2342 2938 fidei
2370 2901 2518 2940 confes·

1445 2952 1551 2990 sione
1580 2964 1678 3003 quae
1708 2952 1751 2990 fit
1778 2964 1848 3002 per
1874 2952 2011 2999 verba,
2041 2952 2108 2990 sed
2138 2952 2253 2990 etiam
2281 2953 2517 3007 quicumque

1445 3006 1582 3055 patitur
1618 3018 1687 3055 pro
1723 3017 1971 3054 quocumque
2005 3005 2110 3044 bono
2149 3018 2266 3056 opere
2286 3011 2298 3028 ¹
2327 3006 2517 3055 faciendo,

1443 3060 1505 3097 vel
1543 3071 1613 3108 pro
1651 3071 1900 3108 quocumque
1937 3067 2098 3109 peccato
2134 3059 2295 3108 vitando
2311 3089 2321 3108 ,
2360 3068 2518 3111 propter

1446 3112 1659 3150 Christum:
1687 3112 1777 3161 quia
1804 3120 1928 3150 totum
1957 3113 2032 3150 hoc
2060 3112 2222 3162 pertinet
2241 3114 2290 3152 ad
2309 3113 2400 3152 fidei
2429 3126 2518 3164 pro-

1445 3173 1701 3204 testationem.

1497 3221 1556 3257 An
1584 3230 1777 3257 secunnuu
1810 3229 1997 3257 niceunum
2032 3218 2138 3268 quod
2171 3218 2312 3257 veritas
2354 3219 2515 3260 aliarum

1444 3272 1686 3311 scientiarum
1720 3284 1798 3310 non
1835 3271 1997 3321 pertinet
2033 3271 2082 3310 ad
2116 3272 2259 3310 cultum
2298 3272 2517 3313 divinitatis.

1444 3327 1494 3364 Et
1527 3326 1615 3364 ideo
1653 3337 1734 3363 non
1761 3324 1897 3362 dicitur
1925 3337 2008 3363 esse
2027 3323 2039 3351 t
2061 3326 2267 3363 secundum
2290 3327 2467 3375 pietatem
2481 3326 2514 3366 ἢ
2543 3358 2553 3369 .

1443 3379 1557 3417 Unde
1577 3390 1648 3416 nec
1667 3377 1748 3415 eius
1763 3378 1953 3415 confessio
1972 3386 2098 3427 potest
2113 3390 2196 3416 esse
2217 3379 2358 3418 directe
2373 3389 2515 3430 marty.-

1444 3431 1487 3469 rii
1507 3442 1632 3469 causa.
1654 3452 1678 3459 -
1699 3431 1777 3468 Sed
1797 3430 1888 3480 quia
1907 3443 2024 3469 omne
2045 3433 2291 3470 mendacium
2313 3441 2513 3484 peccatum

1498 3545 1523 3578 δ)
1545 3546 1752 3580 Confitentur.—
1770 3546 1857 3572 verbis
1877 3547 1948 3572 addit
1967 3546 1996 3572 Ρ.

1499 3582 1520 3614 ε)
1540 3588 1628 3614 opere.
1640 3595 1658 3601 -
1677 3581 1739 3606 Orn.
1757 3580 1805 3606 Pa.

1498 3615 1523 3648 ζ)
1543 3623 1607 3642 esse.
1619 3630 1638 3636 -
1657 3617 1757 3642 veritas
1776 3617 1846 3642 addit
1865 3618 1891 3644 P.

2547 854 2557 864 ⁴
2572 853 2637 875 Brev.
2654 853 2721 875 Rom.
2736 853 2760 875 in

2547 879 2587 902 off.
2602 880 2627 902 S.
2642 880 2760 907 agath-e,

2547 906 2604 928 Feb.
2618 913 2638 935 5.

2545 1739 2557 1750 ·
2572 1738 2640 1762 ven.
2654 1741 2687 1762 18.

2548 1846 2558 1855 ⁸
2572 1845 2639 1868 ven.
2654 1846 2688 1869 16.

2546 2318 2761 2374 Lffleapmv,

2546 2377 2608 2395 ππ·
2622 2377 2636 2401 ³
2652 2378 2706 2402 ⁸⁴2⁴!-

2551 2586 2638 2610 ’ναι
2650 2593 2675 2616 9.

2547 2745 2688 2774 ‘Venu-
