2768 4198
59 948 69 958 ⁸
90 947 125 969 Cf.
147 954 185 975 qu.
208 952 268 973 mxi,

58 974 143 996 Introd.

49 2972 58 2981 ⁸
75 2971 150 2993 Ethic.
169 2972 210 2993 lib.
229 2973 256 3000 ll,

48 3004 99 3025 cap.
114 3004 152 3020 vn.
160 3011 170 3015 -
179 2999 202 3020 S.
213 2999 256 3020 Th.

48 3025 100 3046 lect.
115 3031 128 3046 v
131 3031 210 3052 1111111

303 320 379 356 256

980 317 1247 364 QUAESTIO
1278 317 1452 364 CLXIX,
1481 318 1780 356 ARTICULUS
1811 320 1823 355 1

554 561 966 640 QUAESTIO
1007 559 2251 622 CENTESIMASEXAGESIMANONA

301 685 385 724 DE
419 682 734 724 MODESTIA
770 679 1107 721 SECUNDUM
1147 679 1322 731 QUOD
1348 680 1668 721 CONSISTIT
1702 681 1762 722 IN
1796 681 2128 725 EXTERIORI
2162 685 2496 728 APPARATU

1128 795 1162 820 IN
1192 795 1288 820 DUOS
1316 795 1520 821 ARTICULOS
1550 796 1666 822 DIVISA

298 893 487 986 Damni-2
512 890 833 928 considerandum
862 898 916 927 est
943 889 990 927 de
1017 889 1211 939 modestia·¹
1231 902 1364 926 secun·
1391 890 1393 918 Ι

380 947 472 983 dum
510 945 614 993 quod
653 943 820 980 consistit
849 943 886 980 in
917 943 1090 980 exteriori
1128 951 1312 992 apparatu
1331 942 1362 980 *.

296 1001 343 1036 Et
372 999 470 1036 circa
498 999 573 1035 hoc
601 1005 837 1046 quaeruntur
866 997 956 1034 duo.

1475 890 1623 927 Primo:
1644 898 1771 927 utrum
1793 891 1892 929 circa
1911 892 2139 930 exteriorem
2159 903 2386 943 apparatum
2404 908 2495 945 pos-

1528 952 1574 980 srt
1602 956 1686 992 ess-e
1713 953 1832 982 virtus
1862 953 1898 982 et
1924 953 2074 983 vitium.

1475 997 1675 1034 Secundo:
1714 1006 1841 1035 utrum
1878 999 2057 1036 mulieres
2093 1000 2300 1037 mortaliter
2334 1010 2495 1051 peccent

1528 1049 1566 1087 in
1595 1051 1791 1100 superfluo
1821 1060 1969 1089 ornatu.

1114 1160 1434 1202 ARTICULUS
1467 1160 1672 1203 PRIMUS

586 1255 743 1287 UTRUM
767 1254 899 1286 cmc».
924 1253 1211 1286 EXTEmoREM
1235 1254 1453 1286 ORNATUM
1476 1254 1624 1286 POSSlT
1648 1255 1749 1286 ESSE
1773 1255 1932 1287 vrnrus
1956 1257 2015 1287 ET
2039 1257 2196 1289 VITIUM

621 1335 696 1365 Infra,
716 1342 760 1367 qu.
779 1341 906 1364 cnxxxvn,
925 1332 1005 1365 art.6;
1028 1334 1125 1364 Quodl.
1144 1335 1176 1364 X,
1196 1342 1241 1367 qu.
1260 1342 1295 1363 vl,
1315 1339 1362 1359 art.
1384 1333 1413 1365 3;
1434 1334 1464 1358 In
1485 1334 1593 1364 Matth„
1613 1342 1668 1367 cap.
1688 1342 1727 1365 κη
1749 1335 1757 1359 l
1776 1335 1814 1360 ad
1837 1334 1915 1367 Tim„
1936 1343 1991 1368 caP.
2010 1344 2039 1366 ιι,
2058 1337 2117 1362 lect.
2135 1344 2163 1362 u.

328 1451 331 1456 ,,
344 1441 349 1443 -
362 1440 394 1457 Ὗ
410 1433 420 1460 Υ

325 1447 478 1525 Ἷὲιά
508 1470 606 1507 circa
649 1469 875 1506 exteriorem
915 1476 1092 1505 ornatum
1131 1481 1207 1506 non
1245 1469 1365 1518 possit

312 1524 315 1529 '
333 1560 336 1570 ἢ
375 1537 434 1565 va
446 1506 477 1563 ’ᾗ
509 1534 590 1560 esse
614 1522 733 1559 virtus
755 1530 790 1559 et
808 1522 956 1559 vitium.
988 1522 1161 1559 Exterior
1182 1522 1283 1559 enim
1304 1535 1362 1560 or-

351 1550 451 1608 §2²53
467 1567 619 1614 Knatus
648 1588 727 1613 non
756 1584 812 1612 est
841 1576 879 1612 in
904 1575 1014 1612 nobis
1035 1588 1056 1612 a
1077 1584 1228 1612 natura:
1260 1576 1362 1613 unde

293 1639 328 1667 et
356 1630 569 1668 secundum
601 1629 859 1667 diversitatem
888 1637 1107 1678 temporum
1132 1637 1167 1666 et
1187 1629 1361 1666 locorum

291 1684 487 1721 variantur
502 1689 530 1720 α.
562 1683 672 1720 Unde
702 1682 935 1731 Augustinus
957 1682 1054 1728 dicit,
1068 1681 1105 1719 in
1122 1683 1170 1719 Ill
1192 1683 1238 1719 de
1253 1683 1360 1720 Doct.

297 1738 430 1774 Christ.
451 1737 492 1784 ²¹⁸,
523 1737 625 1784 quod
656 1736 794 1773 talares
822 1741 857 1772 et
884 1736 1095 1772 manicatas
1122 1736 1268 1773 tunicas
1295 1737 1360 1773 ha-

291 1793 379 1828 bere
406 1791 509 1838 apud
533 1795 675 1827 veteres
697 1791 894 1826 Romanos
911 1789 1110 1838 flagitium
1129 1795 1232 1826 erat:
1261 1802 1362 1826 nunc

289 1850 414 1881 autem
452 1845 604 1880 honesto
642 1843 723 1879 loco
753 1842 850 1879 natis
887 1854 962 1878 non
991 1854 1056 1878 eas
1083 1843 1223 1879 habere
1239 1842 1360 1892 flagi·
1387 1873 1389 1883 ,

178 1906 191 1921 ¹¹
218 1916 235 1948 ,ς
252 1912 261 1916 -
289 1899 380 1934 tium
401 1903 463 1933 est.
487 1896 563 1933 Sed
583 1895 679 1932 sicut
697 1895 955 1943 Philosophus
975 1895 1075 1941 dicit,
1093 1895 1130 1931 in
1147 1896 1178 1931 II
1194 1895 1358 1943 Ethic.*‚

289 1948 507 1987 naturalis?
536 1950 630 1985 inest
656 1950 761 1985 nobis
789 1949 954 1997 aptitudo
984 1949 1035 1984 ad
1061 1949 1224 1985 virtutes.
1257 1950 1358 1997 Ergo

289 2005 386 2041 circa
413 2002 632 2040 huiusmodi
662 2015 739 2039 non
770 2009 826 2038 est
853 2001 971 2038 virtus
1002 2009 1037 2037 et
1064 2002 1214 2038 vitium.

342 2069 377 2094 2.
407 2058 642 2102 PRAETEREA,
673 2055 702 2092 si
733 2055 830 2091 circa
850 2055 1075 2091 exteriorem
1097 2056 1239 2091 cultum
1261 2064 1359 2093 esset

285 2111 404 2147 virtus
435 2118 470 2146 et
497 2109 655 2156 vitium,
685 2116 880 2157 oporteret
915 2108 1020 2156 quod
1049 2108 1290 2157 superfluitas
1320 2109 1357 2146 in

287 2164 422 2200 talibus
457 2171 555 2199 esset
583 2162 738 2208 vitiosa,
770 2169 805 2198 et
838 2162 951 2198 etiam
987 2162 1156 2199 defectus
1184 2162 1355 2200 vitiosus.

288 2217 363 2254 Sed
402 2216 642 2266 superfluitas
676 2215 712 2252 in
750 2216 850 2251 cultu
886 2215 1060 2252 exteriori
1099 2228 1176 2252 non
1206 2217 1358 2254 videtur

287 2283 369 2307 esse
402 2270 558 2307 vitiosa:
597 2269 685 2317 quia
724 2268 837 2305 etiam
877 2269 1094 2306 sacerdotes
1134 2278 1169 2306 et
1198 2270 1358 2308 ministri

285 2325 410 2361 altaris
443 2324 478 2360 in
508 2336 616 2360 sacro
646 2322 855 2359 ministerio
885 2322 1166 2371 pretiosissimis
1186 2324 1357 2361 vestibus

286 2386 451 2414 utuntur.
492 2376 670 2413 Similiter
699 2376 811 2413 etiam
843 2375 1012 2413 defectus
1046 2376 1084 2413 in
1113 2377 1249 2414 talibus
1278 2391 1357 2415 non

285 2431 435 2468 videtur
455 2442 537 2466 esse
556 2429 733 2466 vitiosus:
763 2429 851 2477 quia
877 2429 913 2466 in
934 2429 1087 2467 laudem
1110 2433 1355 2478 quorundam

287 2485 438 2530 dicitur,
468 2484 568 2520 Heb.
592 2495 626 2519 XI
657 2482 697 2519 *t
737 2483 977 2520 Circuierunt
1003 2484 1040 2520 in
1078 2484 1222 2521 melotis
1255 2491 1290 2522 et
1318 2486 1354 2522 in

279 2538 438 2586 pellibus
466 2537 641 2586 caprinis.
679 2537 771 2573 Non
801 2548 891 2584 ergo
921 2536 1073 2573 videtur
1101 2538 1207 2586 quod
1236 2538 1273 2575 in
1303 2547 1356 2576 ta-

285 2592 381 2628 libus
411 2591 529 2639 possit
557 2603 640 2626 esse
670 2590 789 2626 virtus
820 2598 856 2626 et
884 2590 1032 2627 vitium.

339 2646 373 2682 3.
405 2646 640 2687 PRAETEREA,
672 2644 798 2680 omnis
818 2644 938 2681 virtus
968 2652 1032 2680 aut
1053 2652 1109 2680 est
1128 2645 1355 2693 theologica,

284 2706 348 2734 aut
367 2698 532 2743 moralis,
550 2705 614 2734 aut
629 2697 899 2734 intellectualis.
923 2698 998 2734 Sed
1016 2697 1115 2734 circa
1133 2698 1356 2736 huiusmodi

284 2764 362 2788 non
391 2751 557 2788 consistit
584 2751 702 2787 virtus
732 2750 1013 2797 intellectualis,
1045 2763 1143 2800 quae
1173 2753 1322 2800 perficit
1341 2758 1356 2782 Υ

283 2805 321 2841 in
350 2805 475 2853 aliqua
504 2804 718 2852 cognitione
738 2804 918 2841 veritatis.
951 2803 1130 2842 Similiter
1150 2805 1262 2842 etiam
1285 2819 1355 2843 nec

286 2866 340 2895 est
368 2858 418 2895 ibi
448 2858 566 2895 virtus
595 2858 820 2906 theologica,
852 2870 951 2906 quae
981 2858 1096 2895 habet
1125 2860 1252 2896 Deum
1283 2872 1354 2908 pro

285 2911 446 2948 obiecto.
482 2913 564 2948 Nec
595 2911 707 2948 etiam
738 2919 794 2948 est
822 2911 872 2948 ibi
903 2911 1029 2959 aliqua
1058 2912 1241 2949 virtutum
1273 2926 1354 2950 mo-

285 2965 418 3001 ralium
452 2977 546 3013 quas
579 2965 835 3013 Philosophus
868 2965 985 3012 tangit
1003 2964 1034 3002 ³⁸.
1074 2966 1175 3014 Ergo
1204 2967 1355 3004 videtur

285 3018 389 3065 quod
425 3018 522 3054 circa
557 3018 779 3055 huiusmodi
814 3019 957 3055 cultum
997 3031 1075 3055 non
1114 3020 1233 3068 possit
1271 3034 1353 3058 esse

286 3072 403 3107 virtus
433 3079 467 3107 et
496 3071 640 3108 vitium.

339 3125 412 3161 SED
450 3136 616 3170 CONTRA,
655 3125 834 3161 honestas
873 3125 921 3162 ad
961 3125 1140 3163 virtutem
1179 3127 1352 3175 pertinet.

288 3177 363 3214 Sed
392 3177 428 3214 in
458 3177 629 3214 exteriori
660 3179 758 3214 cultu
780 3178 1042 3216 consideratur
1070 3182 1260 3228 quaedam
1286 3181 1354 3218 ho-

288 3238 428 3266 nestas:
466 3231 553 3267 dicit
592 3230 694 3267 enirn
725 3231 964 3278 Ambrosius,
987 3231 1023 3268 in
1055 3234 1066 3269 l
1097 3233 1143 3270 de
1174 3233 1282 3282 Offic.
1311 3234 1351 3272 *z

287 3283 412 3319 Decor
440 3284 608 3332 corporis
645 3296 717 3320 non
746 3285 794 3320 sit
819 3284 1027 3334 affectatus,
1057 3287 1123 3323 sed
1150 3288 1354 3333 naturalis,-

286 3335 455 3383 simplex,
472 3338 660 3385 neglectus
679 3338 803 3386 magis
823 3350 937 3386 quam
954 3340 1164 3387 expeditus;
1179 3353 1253 3378 non
1263 3353 1352 3389 pre—

287 3388 386 3424 tiosis
413 3394 448 3424 et
474 3389 678 3426 albentibus
697 3391 845 3427 adiutus
864 3389 877 3413 δ
906 3393 1142 3439 vestimentis,
1162 3395 1228 3431 sed
1251 3406 1352 3432 com-

341 3535 368 3567 α)
388 3536 538 3561 variantur.
551 3550 568 3555 -
587 3537 710 3562 variatur
730 3539 756 3563 Ρ.

341 3569 366 3603 β)
387 3572 527 3597 naturalis.
540 3585 558 3590 -
577 3573 737 3597 naturaliter
757 3574 802 3599 Ρα.

340 3607 366 3639 γ)
381 3607 524 3640 perficit.—
538 3607 679 3640 perficitur
698 3608 743 3633 Pa.

340 3640 364 3673 δ)
384 3642 502 3667 adiutus.
514 3655 532 3661 ·-
556 3642 663 3667 abintus
682 3643 728 3668 Pa.

382 1433 387 1445 ν
431 1439 481 1476 m<
506 1429 528 1454 D
549 1428 687 1453 PmMUM
716 1428 769 1453 εις
798 1426 1040 1452 PROCEDIUTR.
1070 1414 1230 1452 Videtur
1259 1416 1364 1464 quod
1391 1443 1392 1447 ,

1420 1415 1617 1452 munibus:
1647 1421 1686 1452 ut
1712 1417 1896 1453 honestati
1929 1416 1989 1453 vel
2023 1418 2234 1456 necessitati
2265 1419 2360 1456 nihil
2389 1420 2492 1466 desit,

1419 1469 1512 1505 nihil
1530 1470 1684 1505 accedat
1712 1469 1835 1528 nitori.
1867 1470 1969 1518 Ergo
1990 1470 2027 1507 in
2050 1471 2226 1509 exteriori
2246 1473 2348 1510 cultu
2368 1481 2494 1522 potest

1420 1534 1502 1558 esse
1531 1530 1650 1558 vlrtus
1680 1530 1716 1558 et
1742 1530 1892 1560 vitium.

1473 1576 1702 1612 Raspososo
1721 1587 1908 1613 DICENDUM
1930 1578 2032 1624 quod
2063 1577 2100 1614 in
2129 1578 2220 1627 ipsis
2249 1579 2364 1616 rebus
2393 1577 2493 1618 exte-
2522 1607 2523 1610 η
2676 1581 2677 1584 ’

1418 1628 1582 1665 rioribus
1611 1629 1751 1677 quibus
1779 1629 1900 1667 homo
1929 1630 2056 1678 utitur,
2078 1643 2157 1668 non
2178 1639 2235 1669 est
2261 1633 2417 1682 aliquod
2436 1633 2493 1671 vi-

1417 1681 1532 1719 tium:
1554 1683 1621 1719 sed
1642 1693 1687 1718 ex
1707 1690 1814 1730 parte
1834 1683 2002 1720 hominis
2023 1684 2088 1732 qui
2108 1684 2362 1723 immoderate
2376 1686 2493 1724 utitur

1419 1735 1482 1772 eis.
1505 1735 1616 1782 Quae
1632 1735 1788 1784 quidem
1808 1735 2104 1775 immoderantia
2123 1746 2250 1787 potest
2270 1751 2354 1776 esse
2370 1739 2492 1790 dupli-

1418 1787 1519 1824 citer.
1550 1789 1637 1825 Uno
1665 1788 1821 1837 quidem
1847 1791 1980 1836 modo⁷
2001 1803 2071 1839 per
2091 1793 2421 1841 comparationem
2441 1795 2490 1832 ad

1417 1841 1735 1878 consuetudinem
1751 1842 1955 1880 hominum
1973 1855 2062 1881 cum
2078 1845 2216 1894 quibus
2234 1845 2368 1896 aliquis
2384 1847 2489 1886 vivit.

1415 1893 1528 1931 Unde
1567 1894 1656 1931 dicit
1694 1895 1940 1942 Augustinus,
1971 1897 2008 1934 in
2038 1898 2087 1934 111
2122 1898 2290 1947 Confess.
2309 1899 2351 1937 *ε
2384 1900 2492 1943 Quae

1386 1939 1388 1966 ³
1415 1953 1547 1984 contra
1577 1959 1701 1984 mores
1720 1949 1916 1986 hominum
1935 1956 2025 1986 sunt
2030 1951 2202 1999 flagitia,
2215 1964 2290 2000 pro
2310 1965 2462 1992 morum
2477 1959 2490 1977 ⁸

1414 2001 1628 2038 diversitate
1655 2002 1809 2038 vitanda
1837 2008 2009 2039 sunt:'ut
2029 2009 2186 2052 pactum
2216 2006 2314 2042 inter
2333 2017 2374 2043 se
2401 2007 2490 2044 civi-

1414 2055 1498 2091 tatis
1533 2060 1569 2091 et
1600 2055 1723 2104 gentis
1760 2057 2027 2093 consuetudine
2062 2057 2123 2094 vel
2160 2058 2245 2108 lege
2271 2060 2488 2108 firmatum,

1414 2107 1521 2144 nulla·
1547 2108 1638 2144 civis
1666 2113 1733 2145 aut
1749 2110 1950 2160 peregrini
1975 2110 2126 2148 libidine
2149 2112 2320 2150 violetur.
2354 2114 2491 2163 Turpis

1413 2162 1512 2198 enim
1533 2167 1586 2198 est
1604 2162 1727 2198 omnis
1740 2174 1835 2211 pars
1864 2164 2039 2200 universo
2067 2176 2136 2202 suo
2165 2177 2241 2203 non
2261 2178 2489 2217 congruens.

1467 2215 1553 2251 Alio
1590 2215 1710 2252 modo
1745 2224 1871 2264 potest
1905 2229 1987 2254 esse
2021 2217 2289 2257 immoderatio
2309 2219 2322 2246 t
2350 2220 2389 2258 in
2418 2233 2490 2259 usu

1411 2268 1543 2304 talium
1582 2281 1711 2305 rerum
1743 2281 1787 2306 ex
1821 2269 2037 2308 inordinato
2074 2271 2213 2310 affectu
2251 2274 2412 2321 utentis,
2444 2286 2490 2312 ex

1413 2333 1490 2369 quo
1521 2322 1756 2370 quandoque
1786 2323 1969 2372 contingit
1997 2325 2103 2372 quod
2123 2326 2244 2363 homo
2266 2326 2378 2364 nimis
2407 2327 2488 2366 libi-

1413 2374 1546 2412 dinose
1576 2375 1714 2412 talibus
1743 2384 1887 2422 utatur,
1919 2377 1999 2414 sive
2033 2379 2247 2416 secundum
2285 2389 2489 2419 consuetu-

1412 2428 1543 2465 dinem
1574 2441 1710 2466 eorum
1740 2442 1828 2466 cum
1849 2430 1989 2478 quibus
2009 2431 2115 2478 vivit,
2137 2432 2218 2477 sive
2239 2433 2354 2471 etiarn
2379 2446 2487 2483 prae-

1411 2490 1468 2518 ter
1488 2494 1623 2519 eorum
1646 2484 1978 2521 consuetudinem.
2000 2485 2110 2522 Unde
2131 2486 2366 2534 Augustinus
2387 2487 2486 2536 dicit,

1412 2535 1450 2571 in
1481 2537 1528 2572 111
1559 2536 1605 2572 de
1632 2537 1741 2573 Doct.
1777 2537 1911 2574 Christ.
1941 2537 1981 2573 *ε
2019 2539 2064 2575 In
2096 2551 2164 2575 usu
2199 2551 2328 2577 rerum
2358 2542 2487 2579 abesse

1411 2594 1557 2637 oportet
1591 2589 1804 2626 libidinem:
1843 2602 1941 2639 quae
1978 2603 2053 2628 non
2086 2592 2208 2629 solum
2243 2593 2324 2642 ipsa
2353 2605 2485 2633 eorum

1411 2643 1508 2679 inter
1526 2654 1619 2691 quos
1638 2643 1729 2680 vivit
1747 2644 2014 2681 consuetudine
2032 2646 2202 2694 nequiter
2220 2647 2405 2692 abutitur‚·
2422 2649 2489 2686 sed

1410 2696 1523 2733 etiam
1551 2708 1674 2745 saepe,
1693 2698 1797 2744 fines
1821 2698 1900 2734 eius
1925 2710 2090 2748 egressa,
2109 2699 2334 2747 foeditatem
2362 2713 2484 2748 suam,

1410 2761 1509 2799 quae
1536 2749 1633 2787 inter
1660 2750 1825 2787 claustra
1859 2763 2010 2788 morum
2044 2752 2267 2790 solemnium
2302 2754 2484 2802 latitabat,

1400 2803 1704 2853 flagitiosissima
1733 2805 1928 2853 eruptione
1946 2806 2171 2854 manifestat.

1465 2856 1659 2905 Contingit
1680 2865 1806 2894 autem
1833 2858 1902 2894 ista
1931 2857 2160 2896 inordinatio
2181 2858 2340 2896 affectus
2369 2861 2484 2910 tripli-

1411 2909 1513 2955 citer,
1530 2918 1717 2958 quantum
1739 2911 1787 2948 ad
1807 2912 2210 2960 superabundantiam.
2241 2912 2328 2950 Uno
2348 2914 2481 2962 modo,

1409 2975 1478 3011 per
1507 2964 1581 3000 hoc
1610 2964 1714 3013 quod
1735 2964 1868 3012 aliquis
1889 2977 1931 3002 ex
1962 2965 2159 3014 superfluo
2189 2966 2289 3003 cultu
2318 2967 2482 3004 vestium

1409 3017 1612 3053 hominurn
1634 3023 1651 3044 η
1672 3017 1832 3065 gloriam
1862 3019 2029 3067 quaerit:
2059 3026 2172 3067 prout
2193 3019 2332 3056 scilicet
2356 3029 2482 3058 vestes

1360 3083 1381 3092 ·=
1410 3077 1446 3106 et
1466 3070 1537 3107 alia
1556 3070 1777 3108 huiusmodi
1798 3071 1986 3120 pertinent
2005 3071 2053 3109 ad
2075 3071 2268 3120 quendam
2289 3082 2480 3112 ornatum.

1410 3123 1520 3160 Unde
1542 3124 1750 3172 Gregorius
1771 3124 1869 3170 dicit,
1892 3125 1928 3162 in
1955 3125 2122 3174 quadam
2143 3125 2301 3162 homilia
2320 3125 2358 3162 *τ
2388 3128 2484 3165 Sunt

1409 3177 1582 3214 nonnulli
1600 3178 1666 3226 qui
1691 3177 1832 3214 cultum
1860 3178 2050 3215 subtilium
2069 3178 2400 3228 pretiosarumque
2419 3192 2481 3218 ve-

1407 3231 1519 3267 stium
1544 3243 1618 3267 non
1634 3236 1771 3279 putant
1789 3242 1868 3268 esse
1892 3236 2101 3279 peccatum.
2136 3231 2246 3274 Quod
2263 3233 2433 3271 videlicet
2449 3235 2484 3271 si

1408 3283 1518 3332 culpa
1535 3296 1609 3320 non
1625 3290 1728 3330 esset,
1742 3295 1981 3332 nequaquam
1996 3296 2120 3321 sermo
2138 3285 2213 3321 Dei
2226 3291 2302 3322 tam
2318 3286 2479 3337 vigilan-

1408 3342 1463 3373 ter
1491 3338 1721 3385 exprimeret
1751 3337 1853 3386 quod
1879 3337 1981 3373 dives
2009 3338 2075 3386 qui
2101 3340 2346 3387 torquebatur
2378 3341 2482 3389 apud

1408 3390 1569 3438 inferos,
1599 3391 1711 3438 bysso
1740 3395 1777 3427 et
1795 3401 1970 3438 purpura
2000 3391 2149 3428 indutus
2164 3392 2315 3440 fuisset.
2351 3393 2479 3431 Nemo

1461 3545 1482 3577 ε)
1499 3552 1553 3577 pro
1579 3552 1724 3570 mortun.-
1738 3545 1931 3577 proximorum
1956 3546 2103 3579 AssFpCK;
2124 3555 2171 3580 pro
2195 3549 2277 3579 nulla,
2303 3549 2402 3574 nullius
2426 3550 2480 3579 Pa,-

1407 3580 1494 3605 omm's
1512 3588 1565 3605 orn.
1585 3580 1731 3606 ABCFHK.

1460 3614 1485 3648 ζ)
1505 3615 1700 3640 immoderatio.
1713 3629 1732 3634 -
1751 3615 1958 3642 immoderantia
1978 3617 2023 3643 Pa.

1459 3651 1486 3683 η)
1506 3651 1651 3677 hominum.
1663 3665 1682 3670 -
1700 3651 1778 3676 homo
1798 3651 1960 3685 BEFLpAK,
1979 3661 2032 3679 om.
2052 3653 2083 3679 D.

2519 1909 2529 1919 ⁸
2543 1907 2601 1936 Cap.
2617 1914 2663 1931 vm.

2618 1962 2630 1980 ι

2613 2222 2630 2253 ζ

2514 2549 2524 2559 ⁸
2538 2548 2595 2571 Loe.
2609 2548 2650 2571 cit.

2607 3033 2624 3058 η

2509 3133 2678 3190 ‘Bw-¹¹*
2697 3135 2723 3157 in
