2768 4198
96 3222 164 3250 Quae
173 3200 260 3244 ’igeiu
248 3221 278 3243 it:

66 3274 172 3297 adeam
219 3280 282 3305 gra-

66 3301 132 3324 Ha.-
146 3301 207 3324 Vide
220 3301 280 3323 ami-

14 3324 21 3349 ἵ
66 3328 149 3356 quim
163 3327 280 3353 Μὶειοῑίας

21 3354 27 3362 ’
66 3359 90 3378 et
107 3355 130 3378 fl
147 3361 215 3377 mnos
234 3354 280 3376 Ro-

66 3382 142 3431 5ῗῶ
157 3381 280 3456 &¹5³3ss

90 3441 137 3484 oem
152 3425 279 3487 &libb

945 288 1214 334 QUAESTIO
1245 289 1455 337 CLXXVI,
1485 290 1782 327 ARTICULUS
1814 290 1843 326 Il

2410 303 2482 337 411

302 374 486 416 quantum
526 366 741 416 requirebat
777 365 947 403 doctrina
985 366 1095 403 fidei:
1131 379 1208 403 non
1237 376 1364 404 autern
1393 367 1395 418 l
1422 381 1531 405 aures
1546 369 1800 418 perferrentur
1815 381 1932 418 quam
1949 381 2019 418 ψει
2035 381 2080 406 ea
2093 369 2316 418 proferrent.
2339 371 2387 406 Et
2401 370 2487 406 1deo

302 428 486 469 quantum
516 421 564 457 ad
594 419 723 456 omnia
751 430 849 468 quae
884 430 953 467 per
981 419 1175 456 scientiam
1205 421 1395 470 acquisi-

301 481 379 510 tam
394 479 686 520 cognoscuntur,
698 479 789 520 puta
805 471 852 508 de
869 472 1175 510 conclusionibus
1191 474 1367 511 arithme-

301 526 398 563 ticae
425 527 488 562 vel
517 524 761 573 geometriae.

355 581 414 616 AD
442 589 634 616 SECUNDUM
661 588 846 614 DICENDUM
876 578 992 626 quod,
1023 579 1197 627 quamvis
1225 587 1397 616 utrum-

301 644 377 680 que
405 631 487 668 fieri
516 630 717 679 potuisset,
749 630 888 666 scilicet
921 633 1026 678 quod
1060 644 1129 680 per
1156 644 1274 669 unam
1303 633 1368 670 lin·
1396 647 1397 667 z

301 687 415 733 guam
442 685 642 732 loquentes
674 684 722 720 ab
752 683 932 720 omnibus
965 684 1276 732 intelligerentur,
1307 694 1370 722 aut

301 736 407 786 quod
436 735 651 774 omnibus·⁶
680 737 946 785 loquerentur;
977 745 1107 774 tamen
1137 739 1368 775 convenien-

301 790 374 827 tius
402 789 472 826 fuit
499 790 603 838 quod
630 789 702 838 ipsi
731 790 908 827 omnibus
937 790 1072 837 linguis
1100 792 1367 839 loquerentur:

302 843 391 893 quia
424 844 499 880 hoc
537 843 750 894 pertinebat
787 844 834 880 ad
877 844 1153 891 perfectionem
1190 844 1368 881 scientiae
1397 841 1399 882 ἓ

301 897 486 947 ipsorum,
515 909 585 946 per
612 908 729 946 quam
758 909 837 933 non
866 897 992 933 solum
1022 897 1138 945 loqui,
1169 898 1235 935 sed
1264 898 1370 934 intel-

301 951 416 1000 ligere
444 958 620 999 poterant
651 962 750 1000 quae
779 951 828 987 ab
858 950 937 987 aliis
967 949 1200 987 dicebantur.
1236 951 1275 987 Si
1305 963 1370 988 au·
1398 949 1399 989 ἶ

302 1012 381 1042 tem
411 1017 547 1042 omnes
574 1016 692 1042 unam
723 1015 857 1040 eorum
887 1003 1055 1051 linguam
1084 1004 1369 1050 intellexissent,

302 1059 378 1096 hoc
405 1059 467 1095 vel
495 1058 627 1095 fuisset
653 1069 722 1106 per
744 1057 942 1094 scientiam
962 1056 1114 1094 illorum
1145 1057 1208 1106 qui
1230 1069 1297 1094 eos
1317 1059 1370 1094 lo-

302 1119 462 1161 quentes
490 1111 756 1159 intelligerent:
789 1111 851 1147 vel
880 1110 1010 1147 fuisset
1039 1111 1147 1159 quasi
1176 1111 1401 1160 quaedam

303 1165 444 1212 illusio,
479 1166 572 1203 dum
607 1164 767 1201 aliorum
801 1165 920 1206 verba
953 1164 1061 1200 aliter
1098 1164 1146 1200 ad
1179 1164 1339 1201 aliorum
1359 1169 1371 1185 ⁸

293 1298 562 1360 ffl-ffsgmmbusn-
581 1298 681 1332 linguis
700 1298 770 1323 addit
789 1298 823 1328 Ρ;
843 1298 1059 1331 intelligerentur
1084 1301 1133 1322 aut
1157 1297 1229 1329 quod
1253 1298 1375 1323 omnibus
1400 1297 1402 1307 ¹

397 1341 404 1364 3
423 1337 472 1359 aut
485 1334 558 1367 quod
571 1334 691 1360 omnibus
710 1335 883 1366 loquerentur
897 1341 950 1359 om.
963 1333 1018 1362 CH,
1032 1333 1100 1358 idem
1115 1338 1141 1357 et
1154 1336 1242 1358 tamen
1257 1341 1310 1358 om.
1325 1333 1373 1365 pK.

2544 424 2600 445 Ord.
2616 424 2699 446 Bedae.

1423 423 1560 459 Glossa
1578 422 1599 444 '¹‘
1628 422 1730 466 dicit,
1759 423 1842 459 Act.
1865 435 1887 459 11
1907 422 1964 469 *ἦ
1994 422 2101 472 quod
2133 422 2274 459 maiori
2306 423 2528 460 miraculo:
2531 450 2621 472 ..Vm
2637 458 2658 477 4·

1394 477 1564 523 factum
1594 481 1646 511 est
1673 476 1774 524 quod
1800 476 1871 524 ipsi
1897 476 2065 512 omnium
2095 475 2314 526 linguarum
2342 477 2492 525 generi-

1395 529 1492 565 bus
1516 528 1766 576 loquerentur.
1799 529 1847 566 Et
1872 529 2014 566 Paulus
2035 528 2133 575 dicit,
2156 530 2170 565 Ι
2191 529 2242 566 ad
2264 530 2350 566 Cor.
2371 541 2431 566 xlv
2450 529 2490 566 *t

1427 581 1581 618 Gratias
1596 583 1690 627 Deo,
1707 582 1809 630 quod
1826 583 1995 619 omnium
2014 589 2179 619 vestrum
2194 582 2327 632 lingua
2347 582 2491 631 loquor.

1477 635 1536 670 An
1564 646 1728 672 TERTIUM
1748 647 1934 672 DICENDUM
1954 636 2060 683 quod
2090 635 2289 672 Christus
2281 648 2319 672 in
2338 636 2493 685 propria

1396 696 1398 732 g
1424 699 1589 735 persona
1617 688 1682 724 uni
1711 688 1781 725 soli
1809 689 1909 736 genti
1937 689 2222 737 praedicaturus
2244 697 2334 736 erat,
2355 689 2494 726 scilicet

1397 766 1398 779 η
1423 740 1585 776 Iudaeis.
1612 741 1660 777 Et
1680 741 1780 788 ideo,
1803 742 1980 790 quamvis
2001 743 2081 791 ipse
2103 743 2248 791 absque
2270 742 2388 779 dubio
2408 755 2493 790 per-

1397 823 1398 831 .
1424 793 1628 830 fectissirne
1656 794 1816 831 haberet
1844 794 2042 832 scientiam
2072 795 2247 832 omnium
2266 796 2494 844 linguarum,

1426 858 1504 882 non
1533 854 1663 883 tamen
1685 848 1853 896 oportuit
1883 849 1986 896 quod
2009 848 2189 886 omnibus
2209 849 2344 897 linguis
2364 849 2495 898 loque-

1398 903 1399 939 }
1427 907 1529 935 retur
1548 898 1571 935 t·
2623 899 2637 928 ζ

1480 952 1571 988 Ideo
1593 960 1733 999 autem,
1763 961 1804 989 ut
1832 954 2065 1001 Augustinus
2086 954 2186 1001 dicit,
2206 967 2319 1003 super
2338 956 2445 992 Ioan.
2462 954 2493 1002 *,
2524 955 2625 977 '¹³⁸⁶'-

1398 1006 1400 1027 ¹
1427 1016 1513 1041 cum
1542 1011 1578 1041 et
1603 1006 1715 1042 modo
1745 1006 1903 1066 Spiritus
1941 1006 2099 1043 Sanctus
2127 1008 2354 1056 accipiatur,
2385 1020 2495 1045 nemo

1399 1058 1593 1106 loquitur
1611 1059 1752 1108 linguis
1772 1060 1942 1096 omnium
1961 1061 2143 1109 gentzQum
2165 1062 2252 1109 quia
2272 1066 2290 1088 η
2319 1062 2395 1098 iam
2416 1061 2495 1109 ipsa
2623 1066 2639 1090 ⁷¹

1422 1111 1595 1148 Ecclesia
1625 1112 1766 1161 linguis
1788 1113 1956 1149 omnium
1976 1114 2145 1163 gentium
2165 1114 2340 1162 loquitur,
2361 1114 2398 1151 in
2419 1126 2494 1162 qua

1400 1162 1402 1209 Ξ
1427 1165 1492 1212 qui
1520 1177 1594 1201 non
1625 1171 1689 1211 est,
1721 1177 1795 1202 non
1825 1166 1961 1214 accipit
1987 1167 2166 1214 Spiritum
2196 1168 2387 1204 Sanctum.

2521 529 2611 551 ⁸Vers.
2628 531 2658 551 18.

2641 955 2736 978 xxxn.

1482 1298 1508 1330 ζ)
1527 1299 1691 1331 loqueretur.
1703 1312 1723 1317 -
1741 1299 1915 1331 loquerentur
1933 1300 2061 1333 BFleA.

1483 1334 1510 1365 η)
1530 1334 1602 1366 quia.
1615 1347 1634 1352 -
1649 1334 1694 1366 qui
1713 1334 1788 1359 ΑΒΕ.

357 1370 379 1402 ε)
398 1370 525 1396 aliorum.
536 1383 556 1390 ,-
574 1377 667 1396 eorum
687 1370 733 1395 Pa.
746 1384 766 1389 —
784 1370 835 1395 Pro
850 1370 1049 1402 perferrentur,
1064 1370 1258 1402 proferrentur
1278 1369 1373 1395 PAHa.
1401 1398 1402 1401 Ἴ

964 1448 1324 1491 'Commenta-ia
1348 1457 1601 1491 Cardinalis
1625 1458 1827 1491 Caietam

333 1558 355 1580 N
377 1547 574 1590 quaestionis
598 1546 1143 1588 centesimaeseptuagesimaesextae
1160 1545 1292 1576 articulo
1310 1546 1374 1586 pri-

307 1559 401 1630 Imoq,
418 1592 532 1633 collige
547 1599 592 1628 tu,
609 1591 820 1627 Praedicator,
837 1590 982 1632 quinque
999 1590 1118 1621 motiva
1142 1591 1228 1621 unde
1252 1591 1375 1621 donum

301 1640 484 1679 linguarum
509 1636 652 1677 oportuit
667 1635 701 1666 in
724 1635 884 1676 primitiva
907 1635 1048 1666 Ecclesia
1063 1645 1140 1666 esse.
1166 1635 1322 1673 Primum,
1340 1646 1376 1666 ex
1402 1648 1404 1654 >

302 1682 473 1715 universali
496 1681 603 1713 officio
627 1681 763 1712 docendi
785 1680 916 1711 illorum
941 1679 1057 1712 Christi
1086 1680 1329 1720 discipulorum.
1354 1698 1374 1702 —

300 1728 504 1764 Secundum,
531 1736 568 1757 ex
592 1725 712 1756 unitate
736 1725 874 1756 nationis
907 1725 1094 1756 eorundem.
1111 1742 1132 1747 -
1156 1725 1314 1761 Tertium,
1339 1735 1375 1755 ex

302 1770 486 1815 conditione
509 1770 701 1801 eorundem:
734 1770 810 1810 quia
837 1769 954 1800 scilicet
978 1779 1133 1810 pauperes
1158 1775 1188 1799 et
1218 1769 1376 1809 impoten-

301 1823 358 1849 tes.
375 1834 396 1841 -
420 1816 590 1854 Quartum,
612 1824 648 1845 ex
671 1813 854 1845 infidelitate
879 1814 1099 1844 docendorum
1122 1814 1330 1854 populorum.
1356 1831 1375 1836 —

300 1861 473 1900 Quintum,
490 1870 527 1890 ex
544 1859 752 1890 consonantia
776 1858 906 1889 remedii
922 1859 962 1888 ad
987 1868 1105 1888 casum.
1122 1875 1143 1881 -
1168 1858 1286 1895 Quae
1279 1868 1310 1888 1n
1328 1857 1376 1888 lit—

301 1911 366 1938 tera
390 1906 504 1936 clarius
528 1905 634 1934 habes.

358 1950 456 1981 11.1n
481 1948 689 1989 responsione
713 1948 751 1977 ad
775 1947 927 1988 primum,
946 1955 1020 1977 nota
1044 1947 1185 1986 glossam
1209 1957 1304 1987 super
1319 1947 1376 1978 illo

267 2016 272 2021 .
302 1994 468 2035 communi
492 1993 587 2030 dicto,
603 1993 648 2024 Et
671 1992 867 2022 miraculosa
891 2001 989 2031 opera
1004 1992 1067 2021 Dei
1088 1996 1163 2022 sunt
1180 1991 1375 2033 perfecta&

301 2039 391 2086 quod
406 2037 592 2078 intelligitur
607 2037 658 2067 vel
681 2036 720 2066 de
737 2035 901 2077 perfecto
894 2046 926 2066 m
951 2045 1011 2066 suo
1027 2045 1150 2076 genere,
1167 2035 1249 2066 sicut
1264 2035 1375 2066 vinum

301 2078 422 2115 factum
446 2082 479 2113 in
503 2082 591 2113 Cana
615 2081 765 2117 Galileae,
793 2087 823 2111 et
846 2080 962 2110 sanitas
994 2081 1135 2111 restituta
1165 2086 1214 2110 tot
1243 2080 1376 2111 infirmis

266 2147 273 2153 ·
301 2129 408 2159 statim
423 2126 660 2157 ambulantibus
676 2125 703 2162 *,
721 2132 797 2161 etc.;
822 2125 872 2156 vel
889 2125 927 2155 de
944 2125 1108 2165 perfecto
1100 2135 1133 2155 in
1156 2124 1268 2155 ordine
1283 2126 1323 2156 ad
1338 2124 1377 2155 fi-

253 2174 273 2207 ,“
300 2180 376 2204 hem
399 2172 440 2202 ad
463 2180 561 2212 quern
584 2170 622 2202 fit
644 2170 770 2206 directe,
788 2177 824 2200 ut
847 2170 885 2200 de
910 2170 999 2199 dono
1021 2169 1204 2209 linguarum
1227 2169 1278 2200 hic
1302 2169 1376 2200 dici-

301 2224 353 2249 tur
375 2216 464 2258 quod
489 2215 549 2246 fuit
572 2215 750 2255 perfectum
764 2214 804 2244 ad
828 2213 925 2244 finem
949 2214 1005 2254 qui
1029 2221 1094 2244 erat
1111 2213 1276 2244 conversio
1299 2224 1376 2253 gen-

301 2262 400 2298 tium,
425 2267 456 2292 et
478 2270 545 2291 non
568 2259 601 2290 in
624 2269 657 2290 se
688 2259 851 2295 absolute;
877 2265 907 2289 et
930 2265 1097 2298 propterea
1125 2258 1262 2294 Paulus,
1285 2265 1320 2288 ut
1342 2258 1376 2288 in

300 2306 403 2337 littera
426 2303 550 2340 dicitur,
566 2303 681 2334 melius
704 2303 896 2344 loquebatur
918 2302 1062 2333 hebraice
1086 2313 1184 2344 quam
1208 2312 1327 2342 graece.

357 2349 462 2380 111.1n
486 2348 693 2389 responsione
717 2348 757 2378 ad
781 2347 910 2379 tertium
930 2347 1073 2378 eiusdem
1090 2346 1223 2382 articuli,
1241 2346 1376 2377 dubium

300 2400 348 2426 eet
362 2403 460 2436 quare
474 2393 570 2424 hodie
587 2392 728 2423 Ecclesia
752 2402 817 2422 non
835 2392 930 2422 habet
946 2392 1069 2422 donum
1086 2391 1277 2431 linguarum.
1293 2391 1376 2421 Nam

300 2438 474 2479 Augustini
497 2437 577 2468 ratio
591 2437 626 2467 in
649 2437 751 2468 littera
770 2437 864 2468 allata
887 2436 1030 2468 sufficere
1054 2446 1120 2466 non
1143 2436 1278 2472 videtur,
1295 2435 1375 2467 scili-

302 2491 359 2521 cet,
377 2484 453 2524 quia
477 2483 541 2512 iam
575 2483 644 2522 ipsa
667 2482 813 2513 Ecclesia
838 2482 961 2522 linguis
984 2483 1126 2512 omnium
1156 2482 1303 2522 gentium
1328 2481 1374 2511 lo-

301 2528 422 2570 quitur.
445 2526 672 2567 Experimento
706 2526 793 2556 enim
820 2533 950 2567 apparet
981 2526 1155 2557 Ecclesiam
1186 2526 1295 2565 lingua
1325 2525 1375 2555 vel

302 2571 419 2612 linguis
444 2581 547 2602 carere
571 2570 744 2601 multarum
768 2570 914 2610 gentium
929 2570 1128 2610 temporibus
1151 2570 1217 2601 istis
1241 2576 1376 2609 reperta·
1401 2586 1404 2604 1

1429 1556 1511 1582 rum,
1529 1546 1645 1587 quibus
1663 1554 1790 1587 oportet
1806 1556 1861 1587 per
1877 1547 2060 1588 interpretes
2079 1547 2175 1578 fidem
2191 1548 2348 1584 declarari,
2366 1555 2396 1578 et
2412 1559 2499 1588 prae-

1430 1591 1583 1622 dicatores
1608 1591 1725 1621 discere
1749 1592 1787 1621 ab
1812 1591 1872 1621 illis
1896 1592 2050 1632 linguam.

1486 1636 1535 1666 Ad
1560 1636 1623 1666 hoc
1646 1636 1761 1666 dicitur
1784 1637 1883 1676 quod,
1908 1647 1982 1667 curn
1999 1636 2169 1672 Dominus,
2189 1636 2286 1667 Marci
2310 1637 2367 1667 ult.
2379 1637 2406 1673 *,
2431 1647 2502 1676 pro·
2529 1638 2540 1649 ³
2554 1637 2708 1664 Vers.17,·s.

1430 1680 1550 1711 miserit
1574 1681 1698 1710 donum
1725 1680 1919 1719 linguarum,
1943 1681 2024 1712 sicut
2047 1688 2078 1712 et
2100 1681 2231 1720 gratiam
2263 1681 2501 1717 miraculorum,

1430 1725 1582 1755 dicendo:
1613 1725 1717 1765 Signa
1744 1730 1851 1755 autem
1881 1735 1934 1755 eos
1961 1727 2016 1766 qui
2043 1726 2239 1756 crediderint
2266 1726 2345 1756 haec
2371 1735 2502 1766 sequen—

1403 1792 1404 1799 .
1430 1774 1494 1808 tur,
1512 1775 1588 1804 etc.;
1607 1777 1636 1800 et
1653 1769 1839 1799 huiusmodi
1864 1769 1948 1799 dona
1972 1770 2052 1800 inter
2067 1770 2180 1810 gratias
2195 1770 2289 1810 gratis
2310 1771 2396 1800 datas
2417 1780 2501 1800 com-

1430 1819 1591 1853 putentur,
1609 1820 1639 1843 et
1655 1823 1692 1843 ex
1708 1813 1813 1843 divina
1837 1814 1960 1844 actione
1983 1813 2069 1850 fiant,
2088 1823 2169 1854 quae
2189 1814 2310 1845 nullam
2334 1814 2503 1854 praeexigit

1431 1857 1675 1897 dispositionem
1700 1857 1876 1888 naturalem
1900 1865 1955 1888 aut
1979 1859 2149 1888 moralem:
2176 1859 2261 1888 nulla
2290 1858 2414 1889 videtur
2437 1858 2501 1888 effi-

1431 1912 1487 1933 cax
1511 1901 1590 1932 ratio
1615 1902 1654 1931 ad
1679 1902 1887 1942 quietandum
1918 1903 2112 1933 intellectum
2138 1913 2252 1943 quare,
2277 1913 2351 1933 cum
2376 1910 2502 1943 oportet

1429 1947 1511 1977 sicut
1533 1946 1648 1982 hodie,
1674 1956 1740 1976 non
1765 1953 1811 1977 est
1834 1946 1865 1976 in
1897 1947 2036 1978 Ecclesia
2066 1948 2188 1977 donum
2217 1947 2416 1987 linguarum,
2442 1948 2498 1977 nisi

1403 1999 1404 2027 ξ
1430 1991 1507 2032 quia
1522 1991 1601 2022 haec
1624 1992 1732 2021 omnia
1757 1997 1912 2031 operatur
1927 1991 2067 2031 Spiritus
2090 1986 2228 2023 Sanctus
2251 1992 2396 2023 dividens
2418 1993 2500 2022 sicut

1431 2036 1499 2066 vult
1513 2035 1540 2071 *‚
1566 2042 1596 2065 et
1619 2035 1749 2076 quando
1774 2035 1852 2066 vult.

1485 2080 1560 2110 Non
1585 2079 1712 2110 modica
1727 2086 1834 2110 tamen
1858 2080 2021 2120 persuasio
2039 2087 2085 2110 est
2100 2087 2191 2119 tepor
2215 2090 2270 2110 seu
2287 2080 2427 2111 defectus
2445 2089 2500 2110 no-

1431 2132 1493 2155 ster
1516 2124 1555 2154 ad
1579 2124 1780 2164 implendum
1805 2124 1883 2154 illud
1906 2124 2040 2154 Domini
2057 2126 2259 2154 mandatum:
2283 2125 2411 2165 Rogate
2432 2125 2493 2154 Do·

1431 2170 1554 2199 minum
1579 2170 1691 2199 messis
1714 2174 1749 2199 ut
1772 2170 1877 2199 mittat
1899 2170 2066 2209 operarios
2090 2170 2121 2199 in
2145 2178 2278 2200 messem
2301 2179 2394 2199 suam
2412 2169 2440 2199 *.

1488 2213 1636 2244 Defectus
1652 2223 1783 2253 quoque
1800 2219 1925 2243 nostrae
1950 2213 2109 2250 bonitatis,
2127 2221 2158 2243 et
2174 2213 2341 2253 praecipue
2365 2213 2397 2243 in
2414 2223 2500 2253 prae-

1430 2257 1510 2293 latis,
1528 2258 1668 2288 multum
1685 2257 1849 2297 cooperari
1865 2257 2003 2288 videtur:
2029 2258 2182 2298 quoniam
2205 2257 2328 2287 bonitas
2345 2267 2426 2297 quae
2443 2258 2501 2287 tol-

1403 2320 1405 2325 *
1429 2302 1507 2332 leret
1530 2301 1758 2342 impedimenta
1781 2302 1898 2342 gratiae
1918 2302 2113 2338 huiusmodi,
2131 2303 2227 2332 abest.
2253 2302 2394 2332 Gratiam
2418 2301 2502 2331 enim

1431 2352 1555 2377 constat
1585 2346 1767 2386 regulariter
1798 2356 1863 2376 non
1889 2346 1954 2376 dari
1990 2346 2226 2386 apponentibus
2255 2346 2500 2386 impedimenta:

1430 2390 1577 2431 quamvis
1594 2401 1659 2421 non
1684 2391 1776 2421 detur
1799 2400 1836 2421 ex
1852 2390 1980 2421 meritis.
2006 2391 2098 2421 Unde
2123 2397 2153 2421 et
2169 2391 2355 2431 prophetiae
2379 2391 2500 2420 donum

1430 2435 1595 2475 prophetis
1626 2435 1702 2475 ipsis
1726 2443 1871 2475 tempore
1903 2435 2078 2484 coniugalis
2106 2442 2193 2466 actus
2223 2435 2424 2475 impedientis
2449 2445 2501 2465 ne-

2549 2024 2601 2046 lad
2610 2024 2664 2046 Cor.
2672 2043 2680 2052 ,
2688 2031 2738 2053 cap.

2528 2058 2569 2078 ιιι,
2584 2057 2642 2073 vers.
2657 2058 2680 2073 n.

2529 2173 2629 2195 ⁴Matth.
2646 2179 2738 2201 oap.1x‚

2528 2206 2586 2221 vers.
2614 2200 2655 2228 383
2683 2200 2738 2221 Luc.

2529 2232 2577 2254 cap
2598 2233 2623 2251 x
2641 2232 2698 2248 vers.
2719 2233 2739 2248 2.

1430 2487 1523 2520 gatur
1538 2479 1564 2510 *.
2529 2469 2596 2524 ati-5¹3,
2602 2475 2648 2523 2³:943.
2655 2474 2739 2523 ξἰωεοὲῖ

1487 2523 1570 2554 Divi
1584 2530 1691 2555 autem
1722 2523 1894 2563 Augustini
1925 2523 2004 2554 ratio
2029 2534 2064 2554 ex
2095 2523 2316 2564 suppositione
2349 2523 2501 2563 procedit.
2529 2522 2591 2550 ³⁴³5·

1041 2727 1394 2785 ARTICULUS
1433 2742 1767 2785 SECUNDUS

551 2838 707 2870 UTRUM
728 2837 887 2868 DONUM
911 2836 1170 2868 LINGUARUM
1194 2836 1260 2866 SIT
1284 2835 1614 2867 EXCELLENTIUS
1643 2835 1770 2873 QUAM
1794 2836 1957 2867 GRATIA
1982 2835 2257 2866 PROPHETIAE

1160 2915 1169 2940 l
1188 2915 1225 2940 ad
1245 2916 1315 2944 cor„
1335 2922 1390 2948 cap.
1408 2923 1459 2946 nv,
1479 2915 1536 2940 lect.
1560 2923 1568 2939 1
1592 2922 1652 2947 sqq.

426 3040 429 3046 ,
446 3029 478 3045 .
455 3021 495 3067 ἢ(
516 3011 539 3036 1)
559 3009 750 3036 SECUNDUM
766 3008 819 3034 sic
834 3007 1074 3032 PROCEDlTUR.
1091 2994 1252 3031 Videtur
1266 2994 1371 3043 quod

334 3044 497 3114 ›¹21ae
519 3052 666 3090 donum
685 3051 899 3098 linguarum
922 3049 967 3085 sit
990 3048 1232 3085 excellentius
1254 3059 1371 3096 quarn

327 3109 407 3185 ,ἵζ’
384 3122 439 3140 *n*

365 3135 433 3185 “”’ἶ
442 3170 453 3185 ”
478 3152 673 3195 Ἂίἰονίῦιιε
694 3157 867 3206 propria,
888 3156 1061 3192 videntur
1088 3166 1165 3191 esse
1190 3154 1374 3190 meliora:

307 3211 520 3248 secundum
549 3212 842 3260 Philosophum,
872 3209 910 3246 in
939 3210 988 3245 III
1014 3209 1050 3245 Τ
1045 3219 1140 3256 opzc
1161 3206 1181 3228 ’¹‘
1209 3206 1285 3243 Sed
1307 3207 1374 3243 do-

309 3275 402 3300 num
431 3263 645 3312 linguarum
674 3273 730 3302 est
765 3263 964 3313 proprium
995 3261 1086 3298 novi
1115 3259 1372 3297 Testamenti.

307 3317 411 3353 unde
440 3324 610 3355 cantatur
644 3317 683 3354 in
713 3316 920 3365 Sequentia
948 3316 1192 3351 Pentecostes
1215 3313 1254 3349 *.
1288 3314 1373 3361 Ipse

308 3369 418 3406 hodie
443 3370 653 3419 Apostolos·
674 3371 811 3407 Christi
837 3371 982 3407 donans
1005 3379 1161 3405 munere
1189 3366 1334 3403 insolito
1356 3371 1372 3387 α

309 3429 344 3460 et
370 3423 511 3460 cunctis
535 3423 701 3460 inaudito
719 3423 890 3460 saeculis.
921 3421 1125 3471 Prophetia
1144 3428 1271 3457 autem
1292 3431 1372 3456 ma-

309 3476 364 3525 gis
393 3476 575 3525 competit
592 3476 714 3513 veteri
741 3477 1010 3513 Testamento:
1041 3473 1255 3511 secundum
1284 3472 1372 3509 illud

466 3104 635 3154 fi‘gratia
662 3103 898 3154 prophetiae.
932 3102 1038 3144 Quae
1067 3100 1170 3138 enim
1187 3106 1275 3138 sunt
1295 3112 1372 3137 me·
1400 3110 1402 3140 ξ

1427 2994 1528 3031 Heb.
1552 3006 1562 3030 1
1581 2993 1618 3030 *t
1649 2993 1907 3040 Multifariam
1930 2992 2127 3041 multisque
2146 2992 2266 3029 modis
2285 2992 2373 3028 olim
2393 2992 2496 3028 Deus
2526 2996 2535 3004 ⁴
2549 2994 2616 3016 Vm·
2632 3001 2646 3015 ¹-

1430 3048 1584 3096 loquens
1603 3046 1778 3083 Patribus
1803 3047 1840 3083 in
1860 3046 2065 3094 Prophetis.
2097 3046 2199 3093 Ergo
2220 3045 2371 3083 videtur
2391 3045 2494 3092 quod

1429 3101 1578 3138 donum
1606 3100 1821 3147 linguarum
1850 3099 1896 3136 sit
1924 3099 2165 3136 excellentius
2200 3110 2319 3146 quam
2349 3098 2493 3135 donum

1428 3153 1663 3202 prophetiae.

1483 3218 1517 3242 2.
1554 3207 1798 3252 PRAETEREA,
1828 3205 1919 3242 illud
1955 3218 2024 3254 per
2057 3204 2162 3253 quod
2191 3204 2414 3241 ordinamur
2447 3205 2495 3241 ad

1428 3260 1570 3305 Deum,
1593 3259 1746 3295 videtur
1766 3258 2006 3295 excellentius
2027 3270 2110 3294 esse
2131 3270 2177 3294 eo
2205 3270 2274 3306 per
2301 3258 2406 3306 quod
2437 3270 2495 3294 or-

1429 3312 1607 3349 dinamur
1635 3312 1683 3349 ad
1707 3311 1895 3348 homines.
1927 3311 2004 3348 Sed
2024 3323 2092 3359 per
2112 3311 2258 3348 donum
2278 3311 2493 3359 linguarum

1427 3366 1547 3402 homo
1578 3364 1773 3401 ordinatur
1801 3365 1848 3401 ad
1878 3365 2027 3410 Deum,
2058 3377 2126 3413 per
2159 3363 2400 3413 prophetiam
2430 3377 2495 3401 au-

1427 3426 1506 3455 tem
1535 3418 1584 3455 ad
1613 3417 1810 3454 homines:
1842 3417 1975 3454 dicitur
2004 3417 2106 3454 enim
2136 3419 2149 3453 Ι
2179 3418 2230 3454 ad
2259 3418 2346 3455 Cor.
2373 3429 2433 3454 xtv
2456 3417 2494 3453 *ε

1432 3472 1506 3514 Qui
1531 3471 1697 3520 loquitur
1724 3471 1868 3520 lingua,
1899 3483 1973 3507 non
2002 3471 2215 3508 hominihus
2236 3470 2411 3520 loquitur,
2431 3472 2497 3507 sed

2523 3422 2534 3432 ⁸
2549 3421 2614 3443 Vers.
2629 3427 2649 3448 2,
2663 3428 2683 3450 3.

363 3620 390 3651 α)
410 3625 520 3644 munere
539 3618 654 3643 insolito.
666 3631 685 3636 —
702 3623 814 3642 munera
832 3616 941 3642 insolita
958 3615 1166 3648 BDEFKLpAC,
1179 3621 1288 3640 munere
1305 3614 1412 3639 insolita
1431 3613 1468 3644 H;
1489 3620 1537 3646 pro
1556 3613 1688 3642 inaudito,
1708 3611 1831 3637 inaudita
1850 3612 1905 3642 CH,
1925 3612 1952 3637 in
1971 3612 2075 3638 auditis
2093 3613 2124 3638 D.
