2768 4198
32 374 40 382 ⁸
57 372 86 393 (ΣΥ
108 378 172 393 num.
189 377 218 393 ιν.

33 594 42 603 ⁸
63 592 98 614 Cf.
121 592 245 614 Constitut.

32 619 79 640 FF.
86 619 144 640 Ord.
149 618 244 645 Praed„

32 646 85 667 dist.
99 648 117 671 l,
132 652 181 673 cap.
197 652 244 672 xvi,

31 679 88 694 xvii.

31 731 41 741 ⁸
57 730 92 751 Cf-
108 735 170 751 num.
186 735 207 750 v.

31 862 40 871 ⁸
56 861 91 883 Cf.
107 866 169 881 num.
185 865 216 880 vr.

34 948 43 957 ⁸
60 947 94 968 Cf.
118 951 180 967 num.
201 951 242 966 vn.

35 2064 42 2072 ⁸
58 2062 101 2082 An,
118 2061 177 2089 1236.

32 2200 42 2208 ⁴
57 2198 126 2219 Num.
142 2204 176 2219 ιιι.

35 2333 43 2340 ·
60 2330 186 2352 Constimt.
201 2330 247 2351 FF.

36 2357 248 2382 Ord.Praed.,dist.

35 2384 52 2409 Ι,
58 2390 107 2411 cap.
115 2390 159 2411 xvi,
165 2387 220 2406 text.
227 2390 248 2405 v,

38 2512 48 2523 ⁴
58 2512 124 2538 lbid.,
133 2517 184 2539 cap.
195 2517 251 2538 xvn,

38 2543 93 2561 text.
108 2545 143 2560 m.

44 3175 52 3183 ⁰
68 3175 135 3201 1ῑυίςίἼ
150 3181 201 3204 eap-
216 3183 254 3202 ιιι,

43 3206 97 3224 text.
115 3207 140 3224 n.

44 3270 52 3278 ·
67 3267 137 3290 Num.
155 3274 187 3290 m,

276 245 346 280 502

272 324 440 361 venialem,
458 323 515 354 sed
529 323 633 354 solum
652 323 694 353 ad
703 331 843 363 poenam
861 326 1006 351 taxatam
1023 319 1257 356 sustinendam,
1273 325 1343 354 etc.‚

272 368 406 397 dubium
425 369 534 408 primo
559 367 694 398 occurrit
722 365 888 406 dupliciter
903 365 930 395 *.
955 364 1074 400 Primo,
1100 363 1175 404 quia
1199 362 1344 393 absolute

270 412 394 442 videtur
416 412 577 452 implicare
593 411 682 452 quod
706 410 745 440 sit
761 410 912 449 obligatio
937 408 970 438 in
990 408 1126 448 propriis
1151 408 1272 438 actibus
1288 417 1343 437 vo-

270 456 414 487 luntariis
430 457 470 486 ad
486 466 624 497 poenam
641 462 672 485 et
687 465 751 484 non
769 454 912 493 culpam:
939 463 1014 483 cum
1029 462 1135 493 poena
1154 452 1214 482 soli
1232 451 1344 491 culpae

273 501 432 531 debeatur.
457 518 478 523 -
509 500 673 535 Secundo,
703 498 777 539 quia
806 498 838 527 in
870 497 993 528 statutis
1024 496 1185 537 religionis
1214 496 1344 527 Ordinis

270 545 538 580 Praedicatorum,
555 544 588 574 in
604 553 668 584 qua
685 542 834 572 dicuntur
854 541 988 582 obligari
1012 542 1051 572 ad
1067 551 1208 582 poenam
1229 548 1259 571 et
1279 551 1344 571 non

272 589 410 629 culpam,
429 588 620 619 contrarium
639 587 834 627 exprimitur,
853 586 932 617 dum
947 586 1064 626 pluries
1081 586 1196 616 dicitur
1207 585 1234 621 *,
1251 586 1345 616 Levis

273 634 367 673 culpa
391 639 454 670 est,
482 633 598 663 Gravis
621 632 716 671 culpa
741 636 810 662 est:
840 638 871 661 et
894 638 1000 661 tamen
1032 638 1079 661 est
1102 630 1145 660 ibi
1170 640 1276 660 sermo
1306 630 1345 660 de

271 677 458 708 huiusmodi
484 675 702 706 observantiis.

327 721 470 752 Dubium
499 720 638 751 secundo
662 719 798 750 occurrit
816 719 848 749 *z
880 722 931 750 An
960 719 1113 759 obligatio
1142 719 1181 749 ad
1205 729 1345 759 poenam

270 766 472 805 intelligatur,
497 765 522 795 si
542 763 728 805 imponatur
751 774 768 794 a
793 764 950 804 praelato:
975 764 1026 794 vel
1045 764 1142 795 etiam
1163 764 1187 794 si
1205 774 1271 794 non
1287 763 1346 794 im-

270 816 418 850 ponatur.

325 853 469 884 Dubium
492 854 586 884 tertio
605 853 743 884 occurrit
757 853 789 884 *2
815 855 877 889 An,
895 853 920 884 si
937 864 1003 884 non
1018 853 1211 884 sustineatur
1230 863 1345 893 poena,

269 898 448 928 incurratur
473 898 578 938 culpa.

325 943 470 973 Dubium
485 947 601 983 quarto
618 942 754 974 occurrit
766 942 792 979 *,
810 943 886 984 quia
902 942 1015 973 ultima
1030 943 1125 973 verba
1141 943 1347 973 adversantur

269 987 390 1027 primis,
416 987 495 1017 dum
519 987 634 1018 dicitur
657 988 745 1029 quod
770 997 812 1018 ex
827 987 1041 1029 negligentia,
1059 988 1190 1019 libidine
1207 988 1257 1018 vel
1273 997 1346 1018 con-

269 1037 389 1072 temptu
412 1038 553 1072 possunt
583 1033 666 1063 tales
688 1033 836 1074 religiosi
858 1042 999 1073 peccare
1027 1034 1058 1063 in
1083 1033 1152 1064 istis
1176 1033 1347 1063 venialiter

269 1077 319 1107 vel
340 1075 537 1118 {mortalitem
571 1077 655 1108 Nam
685 1077 739 1108 ubi
762 1077 942 1108 voluntaria
969 1077 1177 1117 transgressio
1210 1087 1276 1108 non
1300 1084 1346 1108 est

269 1121 374 1161 culpa,
398 1121 442 1152 ibi
466 1121 657 1162 negligentia
681 1122 785 1153 multo
810 1122 919 1153 minus
943 1130 989 1154 est
1013 1123 1122 1162 culpa:
1148 1132 1224 1153 cum
1248 1122 1346 1162 negli-

268 1166 373 1205 gentia
396 1166 470 1197 ideo
495 1166 535 1197 sit
558 1174 726 1207 peccatum
750 1167 824 1208 quia
849 1174 895 1198 est
918 1167 1109 1198 voluntaria.

326 1210 378 1241 IV.
405 1211 455 1241 Ad
479 1211 622 1251 primum
639 1211 774 1242 dubium
798 1212 911 1243 dicitur
934 1213 1023 1253 quod
1048 1212 1081 1242 in
1105 1211 1347 1253 particularibus

268 1255 392 1295 legibus
409 1262 537 1296 oportet
560 1256 790 1296 particulariter
804 1257 906 1298 loqui.
932 1257 973 1288 Et
988 1257 1072 1294 ideo,
1090 1257 1166 1298 quia
1182 1264 1249 1287 tota
1266 1257 1346 1287 ratio

268 1299 347 1339 legis
371 1300 542 1340 obligantis
567 1311 632 1331 non
657 1302 696 1331 ad
721 1302 850 1342 culpam
874 1302 928 1332 sed
950 1302 989 1332 ad
1010 1312 1147 1342 poenam
1173 1309 1228 1338 est,
1254 1309 1290 1332 ut
1314 1302 1346 1332 in

269 1344 371 1375 littera
395 1345 520 1382 dicitur,
538 1346 614 1386 quia
629 1346 682 1376 tali
700 1347 799 1377 modo
816 1346 936 1387 placuit
952 1346 1101 1387 obligari;
1126 1353 1255 1387 oportet
1274 1357 1348 1377 con-

270 1396 439 1430 sequenter
462 1390 575 1427 dicere,
601 1391 639 1421 ad
657 1390 828 1422 efficaciam
845 1391 923 1431 legis
940 1392 1103 1428 tuendam,
1129 1392 1218 1432 quod
1242 1402 1348 1432 poena

270 1434 332 1464 hoc
356 1434 388 1464 in
412 1435 485 1465 loco
510 1445 576 1465 non
601 1435 739 1466 sumitur
772 1442 807 1467 ut
837 1436 1041 1476 distinguitur
1068 1443 1177 1467 contra
1205 1437 1347 1476 poenali-

269 1485 387 1514 tatem,
419 1480 473 1510 sed
504 1486 540 1510 ut
564 1480 768 1520 distinguitur
792 1487 902 1511 contra
926 1481 1070 1522 culpam;
1104 1489 1202 1522 prout
1224 1482 1348 1524 malum

270 1533 393 1563 poenae
418 1524 623 1564 distinguitur
647 1532 756 1556 contra
781 1526 903 1556 malum
928 1525 1049 1566 culpae,
1075 1533 1106 1557 et
1129 1525 1272 1557 continet
1288 1527 1347 1557 sub

271 1578 303 1598 se
328 1579 393 1598 non
418 1569 526 1599 solum
551 1580 689 1610 poenam
714 1570 842 1611 proprie
867 1570 1000 1607 dictam,
1030 1571 1084 1601 sed
1109 1570 1205 1601 etiam
1228 1581 1347 1612 poena-

270 1612 382 1644 litates.
408 1613 606 1644 Afflictiones
624 1624 763 1655 namque
780 1625 862 1655 quae
879 1625 944 1645 non
961 1625 1020 1655 pro
1038 1615 1133 1655 culpa
1149 1615 1347 1655 infliguntur,

271 1657 327 1688 etsi
346 1668 411 1688 non
427 1657 489 1689 sint
512 1659 640 1699 proprie
661 1669 793 1699 poenae,
815 1666 890 1690 sunt
906 1666 1012 1690 tamen
1029 1659 1238 1700 poenalitates
1254 1671 1349 1702 quae-

271 1702 355 1738 dam,
380 1712 463 1743 quae
488 1703 654 1734 communi
679 1703 810 1734 nomine
834 1713 957 1743 poenae
980 1710 1146 1740 vocantur,
1171 1704 1247 1744 quia
1271 1715 1348 1736 con·

271 1746 386 1777 sistunt
408 1746 441 1776 in
466 1747 540 1787 pati,
566 1754 597 1778 et
619 1747 798 1787 privatione
815 1748 892 1779 boni
908 1748 1086 1788 aliqualiter
1103 1748 1209 1785 debiti,
1227 1756 1258 1780 et
1273 1757 1348 1781 sunt

272 1798 381 1821 contra
405 1791 582 1822 naturalem
606 1792 817 1823 voluntatem.

327 1836 378 1866 Ad
408 1837 582 1866 secundam
609 1847 685 1867 vero
720 1836 935 1868 obiectionem
966 1837 1080 1868 dicitur
1111 1838 1201 1879 quod
1231 1844 1348 1870 statuta

270 1880 324 1910 illa
349 1880 387 1910 de
411 1880 512 1921 culpis
543 1880 673 1912 fuerunt
701 1881 783 1912 edita
807 1881 840 1912 in
864 1881 986 1912 Ordine
1010 1882 1269 1914 Praedicatorum
1294 1894 1347 1914 an-

271 1932 403 1965 tequam
426 1925 521 1956 fuerit
545 1925 666 1957 factum
691 1932 846 1957 statutum
869 1926 955 1957 istud
980 1927 1019 1957 de
1035 1937 1100 1957 non
1119 1926 1292 1967 obligando
1309 1928 1348 1959 ad

272 1969 412 2010 culpam.
438 1970 602 2008 Quoniam
626 1971 687 2004 hoc
712 1977 867 2002 statutum
892 1981 957 2002 non
982 1981 1000 2001 a
1024 1971 1182 2013 principio
1208 1971 1348 2014 Ordinis,

273 2015 326 2045 sed
352 2014 411 2045 fuit
435 2014 557 2046 editum
581 2015 614 2046 in
639 2016 780 2046 secundo
801 2015 953 2057 Capitulo
978 2015 1238 2053 Generalissimo,
1262 2028 1348 2049 anno

273 2059 405 2090 Domini
428 2060 510 2101 1237
523 2059 549 2096 *‚
566 2067 640 2100 post
656 2060 753 2091 editas
771 2060 1016 2092 constitutiones
1032 2061 1106 2092 dicti
1118 2061 1258 2093 Ordinis.
1274 2061 1349 2094 Ideo

273 2114 329 2144 per
353 2103 497 2135 accidens
521 2112 741 2136 remanserunt
764 2105 818 2136 illa
841 2106 974 2136 nomina
997 2107 1111 2147 gravis
1136 2114 1166 2138 et
1185 2107 1265 2138 levis
1283 2108 1350 2138 cul-

267 2159 342 2190 pae.
368 2148 408 2180 Et
432 2148 504 2180 ideo
529 2149 667 2180 obiectio
693 2149 781 2180 nulla
806 2157 861 2182 est.

331 2194 368 2223 V.
389 2193 440 2223 Ad
456 2194 635 2225 secundum
651 2194 812 2225 dubium*
829 2194 943 2226 dicitur
959 2195 1049 2236 quod
1067 2195 1229 2236 tripliciter
1245 2206 1350 2236 poena
1376 2215 1377 2223 η

274 2238 306 2268 in
324 2237 511 2269 huiusmodi
524 2238 694 2270 invenitur.
711 2239 927 2280 Quandoque,
942 2250 1007 2270 non
1020 2246 1133 2276 taxata,
1146 2240 1201 2271 sed
1217 2241 1350 2272 taxanda

275 2292 311 2313 ac
334 2283 530 2322 imponenda
554 2293 572 2314 a
596 2283 754 2324 praelato:
781 2291 817 2315 ut
840 2284 996 2324 contingit
1019 2284 1253 2324 professoribus
1277 2285 1350 2317 dicti

276 2326 407 2358 Ordinis
424 2327 462 2358 de
479 2337 585 2368 poena
600 2327 678 2358 levis
694 2328 807 2368 culpae
818 2328 844 2359 *.
863 2328 904 2359 Et
920 2329 959 2359 ad
976 2328 1072 2359 talem
1089 2339 1154 2359 non
1170 2329 1352 2370 obligantur

277 2371 337 2402 nisi
362 2371 558 2411 imponatur.

334 2415 549 2457 Quandoque,
574 2423 686 2453 taxata,
703 2417 757 2447 sed
773 2416 984 2458 imponenda:
1010 2424 1046 2448 ut
1061 2417 1216 2458 contingit
1232 2418 1351 2450 eisdem

278 2461 316 2491 de
340 2470 445 2500 poena
468 2461 572 2500 gravis
595 2461 717 2501 culpae,
743 2471 826 2502 quae
850 2461 982 2503 quidem
1007 2468 1110 2493 taxata
1133 2469 1188 2499 est,
1213 2463 1268 2493 sed
1291 2463 1351 2495 im-

278 2505 428 2546 ponenda
451 2512 555 2536 restat.
590 2505 756 2542 Quoniam
785 2505 817 2536 in
846 2505 987 2546 capitulo
1011 2506 1066 2537 illo
1085 2506 1103 2526 *
1126 2505 1256 2538 dicitur:
1287 2509 1352 2540 Pro

278 2549 462 2581 huiusmodi
492 2551 618 2581 veniam
644 2550 839 2591 petentibus,
872 2555 902 2581 et
935 2561 998 2582 non
1017 2551 1251 2592 proclamatis,
1275 2553 1350 2584 den-

279 2601 334 2626 tur
350 2601 407 2625 etc.
428 2594 462 2624 In
482 2594 545 2625 hoc
565 2594 650 2625 enim
666 2595 756 2636 quod
773 2594 858 2632 dicit,
874 2595 1004 2633 dentur,
1022 2595 1253 2637 imponendam
1278 2597 1353 2629 dicit

278 2650 295 2670 a
320 2638 471 2679 praelato.
501 2639 541 2670 Et
564 2639 602 2670 ad
627 2639 815 2671 huiusmodi
838 2639 933 2671 etiam
957 2650 1023 2671 non
1047 2647 1195 2672 tenentur
1218 2641 1268 2673 isti
1293 2642 1351 2674 nisi

277 2684 496 2724 imponantur.

334 2728 375 2759 Et
399 2727 564 2770 utriusque
587 2728 738 2760 libertatis
762 2736 808 2760 est
832 2728 923 2765 ratio,
948 2729 1023 2770 quia
1047 2739 1114 2760 non
1134 2736 1259 2761 tenetur
1283 2731 1351 2762 reli-

277 2773 387 2813 giosus
411 2773 450 2803 ad
474 2773 547 2813 plus
571 2783 671 2814 quam
695 2783 752 2804 sua
776 2773 826 2804 lex
841 2773 977 2805 ordinat.
1002 2773 1043 2804 Et
1062 2773 1145 2811 ideo,
1163 2784 1201 2806 ex
1216 2785 1284 2816 quo
1303 2776 1351 2807 lex

279 2828 344 2848 non
375 2817 502 2848 ordinat
533 2817 678 2849 absolute
711 2819 801 2859 quod
831 2818 947 2850 faciant
979 2818 1209 2859 poenitentiam
1236 2820 1350 2857 talem,

279 2862 333 2893 sed
357 2862 446 2903 quod
470 2862 562 2894 detur
584 2862 687 2893 taliter
703 2862 878 2895 errantibus
902 2862 972 2894 talis
990 2870 1020 2894 et
1036 2870 1122 2895 tanta
1139 2864 1350 2904 poenitentia3

279 2917 345 2937 non
370 2913 415 2937 est
439 2903 511 2937 reus
534 2906 670 2938 violatae
694 2907 771 2948 legis
795 2908 851 2949 qui
871 2918 889 2938 a
906 2917 971 2938 non
989 2907 1060 2939 data
1077 2907 1134 2939 sibi
1156 2909 1351 2949 poenitentia

279 2951 423 2982 abstinet.

336 2995 542 3036 Quandoque
567 3002 674 3026 autem
705 3006 810 3037 poena
833 2995 993 3028 invenitur
1022 3003 1125 3028 taxata
1148 3004 1179 3029 et
1201 2997 1352 3039 imposita

280 3041 319 3070 ab
344 3041 412 3080 ipsa
435 3040 519 3081 lege:
546 3047 582 3071 ut
605 3040 760 3082 contingit
783 3040 902 3072 eisdem
927 3040 1007 3072 circa
1031 3051 1171 3082 poenam
1194 3041 1281 3074 fracti
1306 3054 1352 3074 se-

281 3084 362 3125 pties
385 3084 500 3116 silentii
524 3084 605 3116 inter
628 3085 694 3116 duo
719 3085 866 3126 capitula.
891 3085 967 3116 Non
986 3085 1072 3116 enim
1092 3086 1168 3118 dicit
1190 3086 1240 3118 lex
1263 3088 1352 3130 quod

282 3130 476 3170 imponatur,
501 3135 557 3160 aut
579 3129 693 3161 detur:
722 3130 777 3160 sed
800 3130 890 3171 quod
914 3130 969 3172 qui
993 3129 1119 3171 fregerit
1142 3131 1235 3163 toties
1259 3132 1351 3164 silen-

281 3174 373 3213 tium,
397 3174 507 3205 sedeat
529 3174 560 3204 in
586 3184 650 3205 uno
668 3174 812 3215 prandio
837 3175 869 3206 in
894 3179 984 3206 terra
998 3175 1024 3206 *.
1051 3175 1091 3206 Et
1108 3175 1147 3206 ad
1164 3175 1351 3208 huiusmodi

282 3217 493 3257 poenitentias
519 3225 667 3249 tenentur
696 3219 792 3250 etiam
823 3219 849 3250 si
877 3219 985 3250 nullus
1013 3220 1171 3261 praelatus
1194 3221 1351 3263 imponat.

338 3263 391 3293 Vl.
415 3263 465 3293 Ad
490 3263 618 3294 tertium
643 3263 777 3294 dubium
793 3263 820 3300 *,
842 3264 941 3305 quod,
960 3271 995 3295 ut
1024 3271 1109 3305 patet
1132 3275 1169 3296 ex
1192 3265 1352 3298 solutione

283 3306 496 3346 praecedentis
519 3307 618 3344 dubii,
643 3307 749 3339 solum
774 3308 868 3340 habet
883 3309 993 3340 locum
1009 3309 1140 3350 quando
1157 3310 1352 3351 poenitentia

283 3351 424 3390 pervenit
447 3351 484 3381 ad
511 3358 679 3394 utramque
697 3352 926 3390 conditionem,
944 3353 1060 3385 scilicet
1079 3354 1169 3395 quod
1185 3362 1231 3386 est
1251 3361 1352 3387 taxata

284 3401 314 3424 et
337 3394 495 3434 imposita,
521 3396 585 3427 sive
609 3407 627 3427 a
650 3397 717 3428 iure
741 3397 867 3438 scripto,
893 3397 957 3428 sive
973 3408 991 3429 a
1006 3397 1074 3429 iure
1093 3398 1245 3436 animato,
1263 3401 1353 3442 quod

283 3445 330 3470 est
353 3439 524 3479 praelatus:
551 3441 759 3481 respondetur
782 3442 882 3483 quod,
899 3442 970 3473 licet
986 3442 1118 3484 quidam
1135 3443 1240 3475 dicant
1263 3445 1352 3486 quod

283 3489 450 3523 peccatum
473 3483 641 3515 incurritur
665 3485 690 3515 si
715 3485 910 3526 poenitentia
933 3497 999 3517 non
1024 3485 1075 3523 fit,
1105 3487 1180 3529 quia
1204 3488 1248 3520 sic
1271 3489 1352 3520 obli—

283 3534 398 3567 gantur
428 3528 468 3558 ad
496 3528 674 3559 evitandam
702 3530 830 3571 culpam
862 3537 896 3561 ut
926 3531 1060 3562 subeant
1091 3541 1251 3572 poenam;
1276 3532 1352 3574 quia

283 3578 390 3603 tamen
414 3571 481 3603 sine
505 3572 624 3603 ratione
649 3573 710 3604 hoc
734 3573 863 3610 dicitur,
889 3581 919 3606 et
945 3575 1023 3615 legis
1047 3575 1272 3608 universalitati
1296 3577 1351 3608 de-

284 3622 383 3656 rogat,
407 3615 480 3647 ideo
500 3615 670 3647 dicendum
688 3624 734 3648 est
754 3618 853 3658 quod,
870 3617 951 3649 sicut
965 3629 1031 3649 non
1048 3626 1157 3659 peccat
1176 3619 1350 3660 frangendo

893 241 1162 289 QUAESTIO
1193 239 1441 285 CLXXXVI,
1471 241 1772 280 ARTICULUS
1803 243 1855 280 lX

1399 318 1583 359 silentium,
1614 321 1657 352 ita
1681 331 1746 351 non
1771 328 1880 361 peccat
1908 321 2088 353 omittendo
2119 331 2259 362 poenam
2283 328 2421 353 taxatam
2445 328 2476 352 et

1398 363 1594 403 impositam.
1619 365 1660 396 Et
1683 365 1763 396 ratio
1788 372 1835 396 est
1857 366 1933 407 quia
1956 366 2006 396 lex
2026 365 2211 397 universalis
2235 374 2266 398 et
2289 375 2356 397 non
2380 366 2475 407 parti-

1399 407 1513 438 cularis
1542 416 1605 445 est,
1631 420 1705 440 cum
1730 409 1883 441 dicimus:
1916 411 2079 442 Nolumus
2108 411 2195 452 quod
2216 416 2339 442 statuta
2363 416 2475 442 nostra

1398 452 1542 493 obligent
1556 453 1601 484 ad
1616 454 1756 494 culpam,
1772 454 1829 485 sed
1843 455 1947 486 solum
1964 455 2008 486 ad
2016 465 2158 496 poenam
2169 455 2197 486 *.
2215 455 2352 487 Constat
2366 462 2475 486 autem

1399 497 1499 537 quod,
1525 497 1551 527 si
1574 499 1781 538 transgressio
1805 499 1838 529 in
1862 501 2026 539 operando
2049 507 2251 531 excusaretur
2273 511 2292 531 a
2315 499 2420 540 culpa,
2446 506 2477 530 et

1400 541 1532 572 omissio
1557 543 1772 582 poenitentiae
1796 553 1862 574 non
1887 552 2087 576 excusaretur
2111 555 2128 575 a
2152 545 2262 586 culpa,
2293 545 2358 575 iam
2382 544 2476 585 parti-

1400 586 1513 616 cularis
1538 593 1620 617 esset
1641 587 1692 617 lex
1718 587 1778 618 ista
1809 594 1839 618 et
1862 595 2007 629 respectu
2037 590 2252 629 agendorum,
2283 596 2314 620 et
2337 599 2404 620 non
2427 598 2475 619 re-

1400 637 1511 671 spectu
1535 631 1772 671 patiendorum.
1806 632 1847 662 Et
1870 641 2118 674 consequenter,
2149 644 2223 665 cum
2247 633 2385 674 religiosi
2410 643 2476 664 non

1400 675 1491 706 aliter
1513 682 1682 707 teneantur
1705 676 1745 706 ad
1768 676 1956 707 huiusmodi
1980 678 2192 717 poenitentias
2223 679 2283 709 nisi
2306 689 2344 709 ex
2366 678 2476 718 vigore

1401 726 1593 750 statutorum
1619 731 1763 758 suorum,
1789 727 1973 762 sequeretur
1997 722 2086 763 quod
2109 729 2226 754 statuta
2242 723 2418 763 obligarent
2437 722 2477 752 ad

1401 764 1530 806 culpam
1555 765 1622 796 sine
1646 772 1834 807 contemptu
1859 771 1890 796 et
1912 773 2098 807 praecepto:
2123 767 2215 798 cuius
2230 768 2420 809 oppositum
2443 767 2477 798 in

1402 809 1445 839 eis
1469 809 1613 841 habetur.

1457 854 1497 885 Et
1520 854 1592 885 licet
1615 854 1749 894 speciale
1773 855 1958 896 exemplum
1977 855 2110 886 allatum
2133 855 2174 886 sit
2196 866 2234 887 ex
2257 856 2379 888 Ordine
2402 857 2477 887 Fra-

1401 904 1488 928 trum
1504 899 1773 936 Praedicatorum,
1787 899 1871 930 dicta
1887 907 1962 931 sunt
1976 907 2085 931 tamen
2101 900 2178 931 haec
2195 901 2236 931 ad
2251 901 2478 932 declarandum

1402 950 1503 974 cetera
1531 944 1648 974 similia
1675 944 1707 974 in
1732 943 1991 985 quibuscumque
2022 944 2247 985 religionibus,
2273 945 2355 977 sicut
2381 946 2477 976 etiarn

1402 988 1523 1029 reliqua
1542 988 1746 1029 intelligenda
1765 995 1849 1025 sunt,
1865 995 1932 1019 tam
1947 989 2113 1030 sequentia
2128 999 2228 1030 quam
2243 990 2476 1021 antecedentia:

1401 1033 1558 1073 quoniam
1582 1034 1621 1064 de
1645 1033 1802 1064 similibus
1825 1033 1912 1064 idem
1936 1041 1982 1065 est
2005 1034 2172 1065 iudicium.

1457 1078 1526 1109 VII.
1551 1079 1602 1109 Ad
1626 1085 1778 1119 quartum
1802 1078 1938 1109 dubium
1954 1078 1971 1098 *
1994 1079 2231 1119 respondendo,
2256 1085 2385 1120 oportet
2408 1078 2477 1110 dili-

1400 1129 1518 1164 genter·
1534 1130 1644 1154 notare
1666 1123 1802 1154 verbum
1817 1123 1967 1154 Auctoris
1991 1123 2024 1154 in
2040 1123 2140 1154 littera
2157 1123 2216 1155 hac
2239 1123 2372 1156 dicentis
2387 1123 2478 1165 quod

1400 1167 1588 1198 huiusmodi
1613 1167 1876 1208 transgressiones
1901 1178 1967 1198 non
1991 1175 2065 1199 sunt
2082 1168 2195 1209 culpae
2211 1178 2254 1199 ex·
2267 1178 2327 1199 suo
2342 1178 2475 1210 genere.

1402 1212 1447 1243 lta
1459 1213 1549 1254 quod
1563 1222 1674 1243 sensus
1687 1212 1764 1253 legis
1777 1212 1947 1253 obligantis
1963 1213 2002 1243 ad
2015 1223 2155 1254 poenam
2168 1219 2199 1244 et
2211 1222 2278 1244 non
2290 1213 2330 1244 ad
2348 1213 2478 1254 culpam

1401 1264 1448 1288 est
1471 1257 1560 1298 quod
1585 1257 1694 1288 statuit
1716 1264 1824 1288 actum
1843 1257 1936 1288 illum
1961 1268 2028 1288 esse
2044 1265 2128 1290 extra
2145 1267 2246 1298 genus
2261 1258 2385 1299 culpae,
2411 1267 2478 1288 non

1401 1302 1688 1343 qualitercumque,
1713 1303 1768 1333 sed
1793 1312 1830 1333 ex
1853 1312 1913 1333 suo
1937 1311 2068 1342 genere:
2094 1303 2157 1334 hoc
2174 1310 2229 1340 est,
2253 1313 2319 1333 non
2337 1313 2375 1334 ex
2390 1309 2479 1343 parte

1401 1347 1573 1388 operantis,
1599 1347 1654 1378 sed
1678 1348 1856 1378 secundum
1880 1357 1973 1378 suam
1997 1354 2154 1379 naturam.
2179 1347 2220 1379 Et
2239 1354 2406 1388 propterea
2426 1346 2479 1378 tri-

1402 1391 1513 1422 fariam
1537 1399 1642 1432 potest
1666 1402 1703 1422 ex
1718 1399 1805 1432 parte
1825 1392 1986 1433 operantis
2002 1392 2124 1432 ingredi
2139 1402 2242 1434 genus
2259 1392 2372 1434 culpae
2389 1398 2479 1423 actus

1402 1436 1456 1478 qui
1491 1435 1668 1467 secundum
1699 1446 1732 1467 se
1764 1443 1848 1467 extra
1871 1446 1972 1477 genus
1996 1437 2109 1477 culpae
2133 1447 2151 1468 a
2173 1437 2243 1478 lege
2272 1436 2397 1478 positus
2420 1443 2478 1468 est.

1401 1482 1617 1512 Numerantur
1649 1489 1758 1512 autem
1786 1481 1818 1512 in
1846 1482 1948 1512 littera
1976 1488 2038 1512 tres
2063 1482 2152 1512 modi
2183 1481 2301 1523 quibus
2329 1492 2367 1512 ex
2390 1488 2479 1522 parte

1402 1526 1563 1567 operantis
1587 1533 1675 1557 actus
1699 1526 1887 1557 huiusmodi
1912 1526 1951 1557 sit
1975 1527 2080 1567 culpa.

1457 1571 1594 1608 Primus,
1619 1571 1675 1612 qui
1697 1570 1884 1602 manifestus
1901 1578 1957 1608 est,
1978 1571 2093 1602 dicitur
2112 1581 2149 1602 ex
2165 1578 2366 1612 contemptu.
2390 1571 2480 1603 Patet

1402 1615 1489 1646 enim
1510 1616 1610 1657 quod,
1631 1615 1657 1646 si
1673 1615 1746 1657 quis
1763 1626 1800 1646 ex
1817 1622 2004 1656 contemptu
2029 1615 2152 1656 frangat
2167 1615 2340 1653 silentium,
2358 1620 2479 1656 peccat.

1402 1659 1442 1690 Et
1457 1660 1519 1691 hoc
1535 1660 1631 1691 etiam
1655 1660 1768 1691 eratin
1786 1660 1855 1700 lege
1879 1667 2011 1692 cautum
2024 1660 2051 1692 *.
2076 1661 2138 1692 Sed
2162 1667 2412 1692 connumeratus
2431 1667 2480 1693 est

1401 1705 1440 1735 ab
1464 1706 1605 1735 Auctore
1629 1704 1680 1736 hic
1704 1705 1823 1736 modus
1846 1705 1928 1736 inter
1947 1705 2039 1743 alios,
2064 1705 2140 1746 quia
2156 1715 2194 1736 ex
2212 1712 2300 1746 parte
2317 1703 2480 1747 operantis

1391 1766 1393 1768 ·
1403 1758 1435 1779 se
1460 1755 1555 1779 tenet.

1458 1793 1625 1824 Secundus
1641 1800 1688 1824 est
1703 1803 1740 1824 ex
1753 1793 1935 1834 cupiditate.
1949 1793 1990 1825 Et
2001 1793 2053 1824 hic
2065 1794 2286 1827 manifestatur
2301 1804 2358 1836 per
2369 1795 2480 1826 locum

1402 1847 1422 1868 a
1443 1839 1569 1869 maiori.
1595 1837 1773 1869 Comedere
1797 1837 1884 1869 enim
1904 1844 1992 1869 actus
2017 1845 2064 1869 est
2084 1846 2170 1870 extra
2183 1848 2284 1879 genus
2309 1838 2431 1880 culpae,
2450 1845 2482 1870 et

1403 1881 1607 1918 necessarius,
1633 1892 1668 1912 ac
1692 1882 1752 1913 sub
1782 1889 1951 1923 praecepto
1982 1882 2118 1914 naturali
2149 1883 2281 1914 cadens:
2307 1889 2338 1914 et
2361 1890 2480 1921 tamen,

1402 1927 1427 1957 si
1448 1927 1605 1968 cupiditas
1625 1926 1782 1958 excessiva
1799 1927 1890 1964 adsit,
1912 1934 2078 1968 peccatum
2094 1926 2140 1959 fit.
2164 1927 2270 1959 Multo
2286 1937 2362 1970 ergo
2379 1926 2481 1970 magis

1403 1980 1492 2004 actus
1516 1982 1582 2002 non
1606 1979 1803 2013 praeceptus,
1827 1972 1883 2003 sed
1907 1979 2074 2004 excusatus
2098 1972 2277 2004 secundum
2291 1982 2324 2004 se
2341 1983 2359 2004 a
2375 1973 2480 2014 culpa,

1403 2023 1482 2058 puta
1511 2017 1679 2048 comedere
1709 2026 1834 2053 carneS,
1860 2016 1885 2048 si
1917 2027 1954 2048 ex
1985 2016 2242 2058 concupiscentia
2272 2016 2340 2054 fiat,
2369 2027 2480 2059 pecca-

1403 2069 1474 2093 tum
1499 2069 1566 2092 erit.
2458 2096 2462 2101 ‚

1459 2106 1598 2143 Tertius,
1623 2116 1661 2137 ex
1685 2105 1885 2147 negligentia.
1918 2106 1984 2145 Qui
2015 2113 2120 2147 potest
2145 2106 2313 2148 dupliciter
2336 2102 2480 2148 intelligi.

1403 2151 1530 2187 Primo,
1555 2158 1591 2182 ut
1613 2150 1887 2192 quandocumque
1911 2151 2079 2182 omissioni
2105 2157 2193 2185 actus
2216 2150 2401 2194 adiungitur
2416 2151 2480 2184 'ne-

1403 2195 1554 2237 gligentia
1579 2203 1614 2226 ut
1637 2205 1732 2226 causa
1755 2195 1850 2232 illius,
1875 2202 1952 2228 tunc
1975 2195 2026 2228 isti
2049 2195 2189 2236 religiosi
2212 2202 2360 2238 peccant:
2388 2195 2481 2236 sicut,

1404 2250 1480 2272 cum
1504 2240 1660 2281 cupiditas
1684 2247 1731 2271 est
1754 2249 1849 2271 causa
1873 2247 1971 2278 actus,
1992 2240 2087 2272 etiam
2102 2250 2238 2283 peccare
2254 2240 2414 2273 dicuntur.
2438 2239 2482 2277 Et

1404 2285 1482 2316 haec
1506 2284 1638 2326 quidem
1654 2283 1811 2325 expositio
1835 2295 1908 2316 vera
1924 2292 1971 2317 est
1994 2285 2108 2326 procul
2132 2285 2252 2317 dubio:
2278 2286 2435 2328 quoniam
2454 2285 2481 2322 si

1404 2340 1476 2361 vere
1504 2329 1672 2360 intervenit
1695 2329 1738 2360 ibi
1763 2329 1954 2370 negligentia
1978 2337 2014 2360 ut
2037 2340 2142 2366 causa,
2158 2340 2226 2362 non
2249 2329 2393 2362 evaditur
2415 2330 2481 2363 cul-

1404 2385 1456 2416 pa.
1480 2391 1501 2396 -
1525 2373 1587 2404 Sed
1611 2373 1687 2414 quia
1710 2373 1742 2404 in
1768 2373 1902 2405 dubium
1926 2374 2019 2406 vertit
2046 2381 2272 2415 argumentum
2295 2385 2336 2406 an
2359 2373 2482 2418 incuria

1405 2425 1494 2450 actus
1518 2417 1686 2458 regularis,
1711 2425 1790 2458 puta
1813 2418 1910 2450 eundi
1933 2418 1973 2449 ad
1996 2418 2167 2450 lectionem
2199 2418 2279 2450 hora
2301 2419 2418 2457 debita,
2442 2419 2483 2452 sit

1405 2473 1477 2494 vere
1494 2462 1683 2503 negligentia
1699 2472 1739 2493 an
1757 2473 1832 2499 non,
1846 2469 1974 2504 oportet
1986 2463 2089 2494 dicere
2106 2463 2146 2495 ad
2162 2463 2234 2495 hoc.
2249 2463 2292 2495 Et
2307 2465 2480 2506 responde-

1405 2515 1457 2540 tur
1480 2506 1680 2539 affirmative:
1706 2507 1797 2548 quod
1821 2514 1867 2539 est
1889 2517 1961 2539 vere
1986 2508 2177 2549 negligentia
2200 2518 2283 2550 quae
2306 2515 2354 2540 est
2374 2508 2480 2550 culpa.

1462 2552 1513 2583 Ad
1537 2552 1627 2584 cuius
1651 2551 1853 2589 evidentiam,
1878 2552 1957 2584 scito
1981 2553 2070 2594 quod
2096 2563 2162 2584 non
2186 2552 2294 2584 minus
2322 2553 2482 2590 invenitur

1406 2597 1500 2638 culpa
1530 2597 1670 2628 volendo
1702 2597 1857 2634 indebite,
1891 2607 1991 2639 quam
2025 2597 2189 2639 operando
2214 2597 2369 2630 indebite:
2405 2608 2481 2642 cum

1405 2642 1499 2683 culpa
1523 2641 1738 2683 principaliter
1761 2641 1800 2673 sit
1814 2641 1847 2672 in
1864 2642 2038 2674 voluntate.
2065 2642 2099 2674 ln
2116 2642 2356 2684 operationibus
2371 2649 2481 2676 autem

1406 2687 1467 2717 hoc
1491 2686 1659 2723 invenitur,
1684 2686 1774 2728 quod
1797 2686 1870 2718 licet
1893 2686 2007 2729 aliquis
2031 2686 2099 2719 sine
2123 2686 2218 2728 culpa
2241 2687 2344 2729 possit
2363 2687 2480 2723 voluu-

1405 2731 1481 2763 tarie
1497 2741 1581 2772 opus
1598 2731 1748 2773 aliquod,
1758 2738 1835 2772 puta
1851 2730 2031 2764 orationem
2051 2732 2101 2763 vel
2116 2731 2299 2770 lectionem,
2316 2732 2480 2770 omittere3

1405 2776 1430 2807 si
1455 2774 1561 2807 tamen
1586 2782 1655 2807 orat
1678 2776 1728 2807 vel
1751 2776 1837 2817 legit,
1862 2784 1971 2817 peccat
1995 2775 2191 2818 negligenter
2213 2777 2336 2809 orando
2359 2785 2415 2810 aut
2437 2777 2480 2811 le-

1404 2821 1520 2862 gendo.
1546 2820 1639 2852 Unde
1664 2820 1808 2852 similiter
1831 2820 1863 2852 in
1884 2821 2093 2853 volitionibus
2117 2821 2290 2855 dicendum
2310 2828 2356 2853 est
2378 2822 2479 2864 quod,

1377 2882 1379 2895 ι
1404 2865 1477 2896 licet
1500 2865 1615 2907 aliquis
1639 2865 1742 2906 possit
1764 2865 1832 2897 sine
1856 2866 1951 2908 culpa
1974 2866 2096 2908 aliquid
2119 2865 2216 2903 nolle,
2233 2865 2260 2897 si
2276 2872 2384 2899 tamen
2399 2865 2479 2904 vult,

1406 2917 1515 2951 peccat
1544 2909 1604 2941 nisi
1632 2917 1714 2942 recte
1742 2909 1827 2943 velit.
1862 2910 1947 2943 Inter
1977 2910 2163 2952 religiosum
2192 2916 2300 2942 autem
2333 2910 2480 2944 absolute

1406 2954 1607 2986 omittentem
1623 2955 1802 2987 voluntarie
1817 2954 1861 2986 ire
1877 2955 1917 2986 ad
1932 2955 2104 2987 lectionem
2127 2954 2206 2987 hora
2225 2954 2338 2992 debita,
2355 2961 2387 2988 et
2402 2965 2480 2988 eun-

1405 2999 1478 3030 dem
1504 2999 1698 3040 negligenter
1725 3000 1927 3032 omittentem
1950 3000 1995 3031 ire
2011 3000 2051 3032 ad
2066 2999 2237 3032 lectionem
2259 2999 2339 3030 hora
2362 2999 2480 3041 debita,

1405 3044 1482 3076 haec
1498 3051 1546 3076 est
1561 3043 1745 3084 differentia,
1762 3044 1851 3086 quod
1867 3044 1920 3076 ille
1936 3044 2081 3076 absolute
2100 3053 2167 3076 non
2183 3043 2252 3075 vult
2266 3043 2321 3081 ire,
2339 3054 2394 3076 seu
2411 3045 2481 3077 vult

1406 3099 1472 3120 non
1495 3089 1539 3120 ire
1563 3089 1603 3120 ad
1627 3088 1815 3121 lectionem:
1841 3089 1899 3120 iste
1914 3096 2023 3121 autem
2037 3087 2132 3120 vellet
2145 3088 2200 3126 ire,
2218 3088 2274 3120 sed
2290 3089 2480 3131 negligentia

1405 3133 1564 3165 detinetur
1588 3143 1627 3164 ne
1651 3140 1711 3166 eat.
1742 3134 1784 3165 Et
1813 3139 1980 3175 propterea
2009 3133 2042 3164 in
2065 3132 2121 3164 ino
2150 3133 2237 3164 nulla
2261 3133 2341 3165 ratio
2366 3133 2480 3176 culpae

1405 3177 1564 3210 invenitur
1587 3177 1647 3209 nisi
1670 3188 1707 3210 ex
1729 3188 1843 3219 genere
1867 3185 1966 3215 actus,
1983 3187 2066 3219 quae
2083 3177 2195 3218 culpae
2215 3178 2295 3210 ratio
2312 3189 2349 3210 ex
2365 3189 2479 3210 eorum

1405 3222 1474 3263 lege
1498 3222 1621 3254 sublata
1645 3229 1709 3254 est:
1734 3222 1767 3254 in
1790 3222 1852 3254 isto
1876 3229 1983 3254 autem
2008 3221 2120 3263 culpae
2137 3222 2216 3254 ratio
2233 3222 2361 3254 aliunde
2377 3222 2479 3265 ingre-

1405 3266 1500 3304 ditur,
1525 3266 1644 3298 scilicet
1666 3277 1704 3298 ex
1727 3267 1789 3299 hoc
1811 3266 1902 3308 quod
1924 3266 1994 3298 vult
2022 3273 2052 3298 et
2082 3267 2218 3307 segniter
2240 3267 2324 3302 vult:
2353 3274 2479 3300 tenetur

1406 3311 1502 3348 enim,
1527 3322 1564 3342 ex
1587 3321 1654 3354 quo
1670 3311 1749 3349 vult,
1766 3311 1833 3343 sine
1849 3311 1914 3342 ulla
1929 3310 2012 3342 mala
2029 3311 2212 3350 conditione
2228 3312 2318 3344 velle.
2342 3312 2384 3344 Et
2402 3313 2479 3344 haec

1406 3363 1453 3387 est
1476 3356 1616 3388 secunda
1638 3355 1805 3397 expositio.

1462 3400 1503 3432 Et
1527 3400 1571 3432 sic
1590 3399 1728 3441 religiosi
1744 3399 1795 3430 isti
1819 3399 1986 3441 dupliciter
2009 3407 2145 3443 possunt
2161 3400 2194 3432 in
2211 3401 2406 3442 regularibus
2422 3402 2478 3433 ob-

1407 3444 1570 3476 servantiis
1600 3454 1637 3476 ex
1665 3442 1854 3484 negligentia
1881 3443 2012 3476 deficere
2045 3444 2260 3487 culpabiliter:
2294 3445 2412 3478 scilicet
2441 3455 2479 3478 ex

1406 3487 1596 3530 negligentia
1618 3487 1808 3525 extrinseca,
1839 3488 1925 3520 iuxta
1956 3489 2093 3531 primam
2123 3489 2375 3531 expositionem.
2400 3496 2478 3532 puta

1406 3542 1482 3564 cum
1505 3542 1542 3563 ex
1566 3532 1680 3563 mentis
1704 3539 1832 3573 torpore
1857 3533 1976 3566 omittit
2003 3534 2047 3566 ire
2075 3534 2116 3565 ad
2141 3533 2330 3572 lectionenn
2363 3534 2414 3566 vel
2441 3543 2478 3566 ex

1405 3576 1596 3617 negligentia
1618 3575 1796 3614 intrinseca,
1820 3577 1906 3610 iuxta
1930 3579 2103 3611 secundam
2127 3578 2375 3620 expositionem,
2400 3585 2478 3620 puta

1405 3630 1479 3651 cum
1503 3630 1539 3651 ex
1563 3620 1691 3652 affectus
1715 3621 1876 3662 tepiditate
1900 3622 2019 3654 omittit
2042 3622 2086 3654 ire
2109 3622 2150 3654 ad
2173 3622 2356 3655 lectionem.

2504 459 2514 469 ⁶
2533 458 2570 480 Cf.
2590 458 2716 481 Constitut-

2503 484 2548 507 FF.
2554 484 2717 513 mammea„

2503 511 2601 540 Protog.
2615 515 2671 533 text.
2686 518 2717 534 iv.

2504 1085 2516 1098 ⁸
2529 1085 2600 1108 Nam.
2614 1091 2650 1108 nr.

2765 966 2768 981 ,„-
2763 930 2768 950 -
2763 901 2768 919 .-
2760 844 2768 893 ,εἰ
2760 700 2768 837 μηκ-..ᾳ
2764 684 2768 691 .
2764 659 2768 662 .
2762 631 2768 645 ,Α
2764 584 2768 592 -
