2768 4198
62 774 71 783 ⁸
81 772 118 794 Cf.
130 778 194 793 num.
206 778 227 798 v,
236 771 274 792 Ad

60 801 178 827 quartum·

59 1130 70 1140 ³
119 1144 125 1149 .
145 1127 214 1151 ibid..
233 1127 272 1148 Ad

59 1155 169 1183 quintam.

57 1839 66 1847 ⁸
81 1837 147 1859 Vers.
163 1839 184 1859 8.

55 2111 62 2118 '
81 2108 126 2130 Off.
144 2108 235 2136 ilartyr.

62 3038 69 3045 ¹
85 3037 149 3058 toan,
167 3042 217 3063 cap.
236 3042 270 3061 ιιι,

60 3068 120 3083 vers.
136 3068 160 3084 ιι.

112 3621 134 3635 u.
145 3619 226 3640 cxxiii,
235 3617 278 3635 arl-

141 3644 236 3662 minent.
254 3646 276 3661 n.

307 288 355 324 30

304 420 394 442 nem:
420 418 455 441 ut
474 410 554 440 velle
578 409 745 440 adulterari
770 418 864 439 causa
890 407 1072 437 divitiarum
1096 406 1376 447 acquirendarum,

303 455 438 506 pertinet
462 455 500 485 ad
518 454 695 489 avaritiam;
721 453 800 483 velle
825 451 920 482 furari
946 458 981 481 ut
1003 450 1210 491 intemperate
1226 450 1320 486 vivat,
1337 450 1377 480 ad

965 284 1234 330 QUAESTlo
1265 283 1443 332 cxxw,
1472 286 1770 324 ARTmULUs
1801 287 1831 323 11

303 367 381 397 tinet
403 366 444 396 ad
467 366 547 396 illud
569 375 670 406 genus
694 365 733 395 ad
757 364 846 405 quod
870 369 991 403 spectat
1013 362 1066 392 ille
1089 361 1146 402 qui
1169 369 1215 392 est
1239 362 1319 392 circa
1342 361 1376 392 fi·
1402 363 1404 405 J

1402 407 1404 438 ἑ
1429 408 1544 439 ritatis:
1569 408 1625 448 qui
1649 408 1735 439 enim
1758 409 1858 439 vitam
1882 409 1974 450 ponit
1997 419 2056 450 pro
2070 409 2152 445 Deo,
2176 408 2261 439 facto
2279 407 2380 448 diligit
2395 408 2502 438 Deum

1430 370 1524 394 tenus
1548 371 1595 395 est
1617 364 1650 394 in
1673 364 1817 395 favorem
1840 371 1871 396 et
1885 365 2022 405 gloriam
2038 364 2155 395 Christi
2179 374 2234 394 seu
2259 363 2328 400 Dei,
2346 370 2435 394 actus
2452 373 2502 394 ca-

1430 462 1525 492 supra
1550 451 1669 489 omnia,
1693 453 1780 484 iuxta
1799 453 1879 484 illud
1903 454 1990 484 Ioan-
2007 453 2091 484 xv*:
2116 453 2276 483 Maiorem
2300 452 2501 483 dilectionem

302 499 589 540 intemperantiam.
622 498 662 528 Et
693 497 774 527 hanc
803 496 958 526 maiorem
988 495 1082 525 habet
1105 494 1291 525 Aristoteles
1322 503 1375 524 ex·
1401 518 1403 537 ἲ
1430 506 1522 529 nemo
1545 496 1655 534 habet,
1680 503 1738 528 etc

303 554 408 585 presse
438 544 471 574 in
495 544 522 574 V
546 543 649 573 Ethic.
682 541 743 572 Sed
775 540 886 570 volitio
917 538 1054 570 iustitiae
1084 549 1158 569 cum
1188 545 1375 578 contemptu
1401 553 1403 585 !

1482 540 1524 571 Et
1545 540 1619 571 licet
1641 541 1830 582 martyrium
1853 542 1894 573 sit
1923 551 2051 582 semper
2071 541 2187 572 harum
2217 541 2315 572 trium
2346 541 2502 571 virtutum

302 596 413 619 mortis
437 589 531 618 habet
550 597 633 627 OPUS
649 586 785 616 Iustitiae
810 594 868 625 pro
888 583 961 619 fine,
986 590 1017 614 et
1041 590 1265 623 contemptum
1288 592 1375 612 mor·
1400 591 1403 634 ὲ
1428 591 1517 615 actus
1540 585 1663 615 ratione
1687 585 1844 616 dlctarum
1867 586 1935 617 eius
1959 586 2200 623 conditionum,
2231 585 2366 616 caritatis
2394 591 2502 616 tamen

302 634 340 664 tis
357 640 511 682 tanquam
528 631 670 662 medium
687 630 727 660 ad
743 629 853 659 finem:
873 635 908 658 ut
922 628 1058 668 ipsemet
1074 635 1201 658 sanctus
1218 627 1374 663 Thomas,

301 678 333 708 in
357 675 552 718 quaestionis
575 675 671 705 huius
695 681 751 704 art.
771 675 799 709 3,
824 672 908 703 dicit.
933 672 1018 712 Ergo
1042 671 1230 702 huiusmodi
1262 671 1374 702 volitio

301 722 437 763 pertinet
460 721 500 751 ad
523 719 684 750 iustitiam.

300 811 381 841 solet
404 810 436 840 in
453 807 638 839 hominibus
661 805 799 846 reperiri,
824 804 960 845 pertinet
984 805 1023 834 ad
1046 814 1148 844 genus
1167 804 1319 835 iustitiae:
1344 810 1401 834 et

300 854 443 885 similiter
466 859 513 883 est
536 852 574 882 de
598 849 807 891 temperantia
823 856 854 880 et
869 849 988 880 ceteris.
1014 848 1076 879 Sed
1100 849 1232 890 aliquod
1256 855 1374 889 marty-

299 899 382 929 rium
407 908 472 928 non
496 903 543 927 est
566 895 653 926 aliud
676 905 773 935 quarn
798 894 916 925 iustitia
933 894 1053 924 elevata
1068 893 1112 924 sic
1129 903 1224 934 supra
1241 903 1374 923 omnem

298 1077 337 1106 ad
361 1075 467 1106 aliam.

357 1120 476 1158 Quinto
491 1118 518 1149 *.
544 1119 595 1149 Ad
619 1127 750 1148 omnem
766 1116 918 1147 virtutem
936 1116 968 1146 in
985 1117 1083 1156 gradu
1099 1116 1230 1147 heroico
1253 1123 1373 1157 spectat

297 1165 448 1196 inclinare
473 1162 665 1194 habentem
657 1172 760 1203 ipsam
785 1169 820 1192 ut
839 1161 943 1192 vincat
966 1171 1079 1192 omnes
1095 1160 1320 1193 difficultates·
1311 1171 1373 1191 im-

297 1210 459 1260 pedientes
482 1216 591 1240 actum
615 1207 692 1238 eius.
718 1206 779 1238 Sed
804 1216 840 1237 ex
864 1205 1048 1237 conditione
1072 1206 1184 1236 mortis
1208 1205 1373 1246 proposita

296 1254 381 1285 iusto
405 1254 455 1284 vel
485 1260 682 1293 temperato,
708 1250 854 1301 provenit
884 1248 1052 1281 difficultas
1082 1250 1115 1281 in
1146 1258 1217 1281 actu
1242 1250 1372 1281 heroico

297 1309 379 1340 quae
399 1308 465 1328 non
487 1304 593 1338 potest
615 1296 698 1327 vinci
727 1295 787 1326 nisi
807 1305 864 1336 per
887 1301 1111 1335 contemptum
1135 1295 1258 1326 mortis.
1286 1295 1372 1335 Ergo

297 1344 336 1374 ad
361 1343 514 1374 iustitiam
537 1341 588 1372 vel
611 1339 864 1381 temperantiam,
883 1347 959 1378 etc.,
983 1339 1145 1370 heroicam
1169 1339 1305 1380 pertinet
1328 1339 1373 1370 fa-

298 1398 366 1419 cere
390 1394 613 1427 contemptum
637 1385 749 1416 mortis
772 1363 986 1425 impedientis,
1003 1392 1061 1415 etc.

353 1433 390 1463 11.
410 1432 461 1463 Ad
476 1431 572 1462 huius
589 1429 780 1461 difficultatis
795 1428 998 1466 evidentiam,
1015 1428 1286 1469 praemittendum
1302 1439 1373 1460 reor

298 1477 376 1518 quid
399 1477 439 1507 sit
462 1475 668 1517 martyrium:
700 1474 744 1505 sic
768 1474 855 1504 enim
877 1480 991 1514 postea
1015 1474 1136 1504 clarum
1165 1483 1233 1504 esse
1257 1474 1373 1514 poterit

298 1522 389 1552 cuius
413 1522 453 1552 sit
476 1528 565 1552 actus
588 1519 724 1550 virtutis.
749 1519 887 1559 Margrr
909 1528 984 1549 cum
1003 1517 1091 1549 idem
1107 1517 1148 1549 sit
1162 1519 1251 1560 quod
1272 1519 1371 1557 testis,

298 1565 486 1607 martyrium
508 1565 553 1595 nil
576 1564 664 1594 aliud
688 1570 735 1594 est
757 1573 856 1604 quam
879 1564 1106 1594 testimonium.
1131 1562 1194 1594 Sed
1217 1563 1373 1604 quoniam
1399 1576 1400 1579 ¹

297 1611 329 1641 in
353 1610 493 1641 Ecclesia
517 1608 696 1640 Christiana
728 1615 882 1649 martyres
906 1617 962 1638 seu
987 1615 1080 1638 testes
1104 1617 1160 1648 per
1184 1614 1374 1638 antonoma-

297 1656 379 1686 siam
402 1654 604 1705 appellantur
626 1653 673 1683 illi
696 1652 758 1683 soli
781 1652 838 1694 qui
861 1661 921 1693 pro
938 1652 1077 1689 Christo,
1095 1662 1151 1683 seu
1171 1652 1279 1683 divina
1293 1652 1373 1693 lege,

297 1699 418 1731 mortui
441 1706 532 1736 sunt;
563 1698 636 1728 ideo
661 1697 851 1739 martyrium
873 1696 906 1727 in
930 1697 1099 1737 proposito
1128 1707 1195 1728 non
1219 1696 1374 1738 significat
1399 1702 1401 1716 ἕ

297 1745 528 1786 quodcumque
540 1742 772 1779 testimonium,
786 1742 841 1772 sed
854 1741 1076 1772 testimonium
1089 1741 1225 1772 Christi:
1246 1742 1331 1772 unde
1344 1749 1375 1773 et

297 1794 462 1830 martyres
486 1788 607 1818 Christi
630 1787 789 1822 dicuntur,
815 1793 845 1816 et
868 1785 936 1826 ipse
953 1785 1040 1823 dixit,
1055 1786 1159 1817 Eritis
1173 1787 1252 1817 mihi
1267 1791 1374 1824 testes,
1399 1791 1400 1794 ’

295 1833 431 1864 Act.1*.
455 1833 522 1863 Nec
538 1831 770 1873 quodcumque
787 1830 1025 1861 testimonium:
1051 1830 1128 1871 quia
1148 1840 1215 1861 non
1231 1830 1373 1861 testimo-

296 1878 387 1908 nium
411 1876 529 1908 Christi
552 1876 649 1906 verbo
674 1874 917 1916 praedicationis
937 1881 992 1905 aut
1012 1874 1223 1905 confessionis
1246 1882 1301 1906 aut
1321 1884 1373 1906 cu·
1400 1895 1401 1901 η

294 1923 486 1962 iuscumque
510 1920 626 1961 operis,
653 1919 769 1950 sufficit
791 1919 832 1949 ad
856 1918 1056 1960 martyrium,
1088 1926 1124 1950 ut
1146 1925 1233 1960 patet
1252 1929 1288 1950 ex
1312 1919 1374 1950 hoc
1399 1930 1401 1935 ¹

295 1967 385 2007 quod
409 1976 475 1997 non
499 1975 537 1996 ex
560 1974 770 2016 quocumque
794 1964 894 1994 modo
918 1963 1095 1994 testimonii
1119 1970 1273 2005 martyres
1297 1963 1373 1994 dici-

295 2020 386 2047 mus;
419 2011 475 2041 sed
499 2009 631 2050 exigitur
655 2008 878 2040 testimonium
909 2018 966 2048 per
994 2008 1055 2039 tale
1086 2007 1224 2045 factum,
1256 2008 1374 2040 scilicet

295 2035 386 2098 quod
408 2065 465 2096 per
488 2054 690 2086 tolerantiam
721 2053 843 2084 mortis.
874 2051 997 2084 Omnes
1021 2052 1107 2083 enim
1131 2060 1163 2084 et
1185 2053 1272 2084 solos
1296 2052 1374 2084 tales

296 2107 449 2141 martyres
473 2099 576 2130 dicere
600 2099 681 2130 solet
704 2097 856 2134 Ecclesia,
881 2097 966 2128 iuxta
991 2096 1118 2128 illud-z
1142 2097 1211 2129 Hic
1233 2102 1280 2129 est
1299 2107 1374 2129 vere

296 2150 438 2186 martyr,
463 2144 518 2185 qui
540 2154 605 2184 pro
631 2143 751 2174 Christi
774 2143 902 2173 nomine
930 2143 1126 2183 sanguinem
1149 2151 1244 2173 suum
1267 2141 1371 2183 ficdit.

297 2279 337 2310 sit
360 2277 583 2310 testimonium
607 2277 646 2307 de
670 2283 782 2307 natura
805 2285 864 2306 sua
888 2285 998 2307 coram
1021 2275 1224 2312 hominibus,
1255 2275 1374 2317 quibus

297 2323 366 2354 sola
390 2321 543 2353 exteriora
566 2329 649 2352 certa
672 2328 757 2352 sunt.
781 2320 945 2356 Secundo,
977 2319 1097 2360 species
1121 2319 1195 2351 facti
1218 2319 1375 2361 assumpti
1400 2316 1401 2324 ¹

297 2369 337 2399 ad
361 2366 612 2398 testificandum:
638 2365 756 2397 scilicet
780 2365 934 2396 sustinere
959 2372 1109 2396 mortem.
1132 2365 1255 2402 Tertio,
1279 2364 1311 2395 id
1335 2364 1375 2395 de
1400 2383 1401 2388 =

298 2423 365 2454 quo
389 2411 611 2443 testimonium
628 2410 786 2441 redditur:
811 2417 888 2451 puta
903 2409 1018 2449 veritas
1033 2408 1117 2441 fidei.
1143 2409 1278 2448 Quarto,
1298 2408 1324 2440 is
1341 2409 1374 2439 in

298 2457 389 2488 cuius
413 2456 556 2487 favorem
579 2455 802 2486 testimonium
826 2453 981 2485 redditur.
1014 2461 1092 2495 puta
1115 2454 1214 2491 Deus,
1239 2453 1294 2495 qui
1319 2463 1375 2494 per
1400 2457 1401 2484 i

298 2501 417 2532 Filium
441 2511 538 2531 suum
560 2500 726 2531 veritatem
749 2499 823 2530 fidei
847 2498 1007 2530 revelavit.
1031 2499 1072 2529 Et
1095 2499 1252 2540 quoniam
1276 2498 1376 2529 diver·
1400 2508 1401 2519 ι

298 2556 409 2577 sorum
432 2555 587 2586 generum
610 2544 810 2575 conditiones
827 2550 1023 2575 concurrunt
1041 2543 1082 2574 ad
1098 2551 1206 2575 actum
1221 2543 1375 2585 martyrii,

299 2597 426 2632 oportet
456 2600 473 2620 a
507 2589 617 2620 multis
649 2589 848 2620 diversorum
879 2598 1034 2629 generum
1066 2588 1237 2620 virtutibus
1267 2595 1375 2618 actum
1400 2595 1401 2608 ³

298 2634 440 2676 martyrii
457 2633 553 2665 effici:
578 2633 791 2664 diversimode
807 2640 928 2669 tamen,
947 2633 1128 2664 secundum
1144 2633 1282 2664 diversas
1299 2642 1375 2663 con-

298 2680 445 2712 ditiones.
469 2678 692 2710 Diversimode
715 2677 863 2720 quidem:
888 2677 965 2719 quia
986 2678 1027 2708 ab
1043 2687 1107 2708 una
1123 2678 1267 2714 elicitive,
1288 2684 1319 2708 et
1334 2678 1373 2708 ab

297 2725 359 2756 alia
382 2723 579 2765 imperative.
605 2723 790 2754 Secundum
809 2732 885 2753 vero
902 2722 1041 2753 diversas
1065 2722 1281 2754 conditiones:
1299 2722 1374 2763 quia

298 2770 336 2800 ab
362 2779 426 2800 una
450 2768 628 2799 secundum
659 2777 775 2803 unam,
801 2774 832 2798 et
855 2766 916 2798 alia
938 2767 1119 2798 secundum
1141 2767 1236 2798 aliam
1261 2767 1372 2798 condi-

298 2814 430 2850 tionem,
456 2821 491 2844 ut
515 2812 643 2853 patebit.

352 2858 393 2889 Et
416 2864 452 2888 ut
475 2867 493 2887 a
516 2857 622 2898 primo
653 2856 859 2893 inchoemus,
891 2863 980 2888 actus
1009 2855 1150 2897 martyrii
1179 2856 1373 2897 inquantum
1399 2878 1401 2882 s

298 2910 346 2933 est
368 2902 590 2933 testimonium
614 2901 751 2932 veritatis
774 2899 863 2936 fidei,
889 2908 1017 2942 oportet
1039 2901 1130 2942 quod
1154 2900 1195 2932 sit
1217 2911 1234 2931 a
1258 2901 1374 2933 virtute
1398 2902 1401 2939 ἶ

298 2946 382 2978 fidei.
406 2947 490 2977 Nam
514 2946 596 2977 sicut
618 2945 842 2977 testimonium
866 2946 904 2976 de
919 2945 1048 2977 veritate
1063 2955 1270 2987 quacumque
1295 2953 1342 2977 est
1356 2956 1374 2976 a
1399 2945 1401 2977 Ξ

299 2991 412 3022 notitia
442 2991 496 3022 illa
522 3000 622 3031 quam
645 2990 732 3021 testis
756 2990 850 3021 habet
875 2991 913 3021 de
935 2990 989 3020 illa
1012 2991 1158 3026 veritate,
1190 2990 1267 3031 quia
1289 2991 1375 3032 quod
1399 3020 1401 3025 ,

1399 3055 1401 3061 ν
1427 3043 1482 3067 aut
1505 3035 1730 3076 philosophos.
1762 3035 1867 3065 immo
1891 3034 2080 3075 oppositum
2111 3040 2158 3065 est
2181 3040 2291 3064 contra
2314 3033 2448 3064 Sanctos
2472 3040 2503 3064 et

299 3038 418 3067 scimus
443 3036 617 3076 loquimur,
642 3040 673 3066 et
687 3035 773 3075 quod
796 3035 933 3066 vidimus
949 3034 1151 3071 testamur*;
1176 3042 1207 3066 et
1230 3035 1374 3066 testimo·

299 3081 391 3111 nium
414 3080 494 3111 ferre
518 3080 608 3121 quod
633 3079 751 3120 Iupiter
775 3086 806 3110 ει
829 3079 986 3110 Saturnus
1010 3079 1140 3110 fuerunt
1163 3079 1195 3110 in
1219 3079 1274 3110 tali
1298 3089 1374 3110 con·
1399 3078 1401 3104 ἕ

299 3125 480 3162 iunctione,
510 3128 630 3165 spectat
660 3124 701 3154 ad
724 3124 924 3164 astrologum
948 3130 983 3155 ut
1006 3124 1066 3160 sic;
1098 3131 1129 3155 ει
1151 3124 1374 3155 testimonium

267 3171 270 3175 '
300 3170 429 3200 reddere
453 3170 542 3211 quod
566 3169 637 3200 talis
661 3168 716 3200 tali
744 3169 794 3199 die
819 3167 892 3199 fecit
915 3175 1160 3205 testamentum,
1192 3175 1311 3209 spectat
1334 3169 1374 3199 ad
1399 3168 1401 3191 1

1400 3218 1401 3230 ¹
1427 3214 1467 3245 ad
1483 3212 1695 3264 sacrilegium,
1706 3213 1798 3254 quod
1814 3218 1862 3243 est
1875 3212 1908 3243 in
1922 3221 2039 3263 genere
2053 3211 2202 3248 iustitiae,
2214 3220 2252 3242 ex
2267 3209 2503 3243 circumstantia

301 3214 447 3245 notitiam
471 3224 535 3255 qua
558 3213 680 3245 audivit
702 3220 732 3244 et
755 3212 834 3244 vidit
857 3222 1021 3254 praesens;
1047 3220 1077 3244 et
1098 3213 1141 3244 sic
1157 3213 1197 3244 de
1220 3213 1306 3244 aliis:
1330 3213 1375 3245 sic

301 3259 522 3289 testimonium
552 3258 591 3289 de
614 3258 744 3289 veritate
767 3256 841 3288 fidei
864 3257 905 3288 ad
930 3257 1076 3288 notitiam
1107 3267 1205 3299 quam
1234 3258 1273 3288 de
1300 3256 1375 3288 fidei
1400 3277 1401 3299 3

301 3303 430 3334 veritate
446 3303 613 3339 habemus,
630 3309 759 3343 spectat.
785 3302 873 3333 Haec
889 3309 997 3333 autem
1014 3309 1060 3333 est
1076 3302 1189 3333 notitia
1205 3302 1375 3333 habitualis
1400 3317 1402 3325 ν

303 3353 333 3377 ει
356 3347 485 3378 actualis
509 3346 592 3378 fidei.
617 3350 644 3378 Α
664 3346 726 3377 fide
742 3356 818 3387 ergo
835 3354 962 3378 emanat
978 3347 1166 3388 martyrium
1182 3347 1374 3388 inquantum
1400 3343 1402 3385 ξ

303 3397 350 3421 ε5ι
365 3391 586 3422 testimonium
602 3392 768 3431 quoddam
784 3391 895 3432 ipsius.
917 3392 957 3422 Et
977 3390 1185 3423 confirmatur
1201 3392 1279 3422 hoc:
1299 3391 1374 3432 quia
1400 3424 1402 3433 ,Ἴ

303 3435 385 3466 sicut
408 3435 630 3466 testimonium
646 3436 685 3466 de
700 3435 830 3467 veritate
845 3435 918 3467 fidei
934 3436 1024 3477 quod
1040 3437 1138 3468 verbo
1154 3435 1199 3472 fit,
1224 3443 1271 3467 est
1286 3442 1375 3467 actus
1401 3447 1402 3471 }

303 3478 387 3516 fidei,
412 3486 448 3510 ut
470 3486 572 3520 patet;
596 3479 639 3510 ita
662 3486 692 3510 et
716 3479 937 3511 testimonium
956 3481 1099 3511 eiusdem
1115 3480 1206 3521 quod
1229 3479 1314 3511 facto
1329 3479 1375 3516 fit,
1401 3481 1402 3501 ³

305 3530 350 3555 est
381 3530 470 3554 actus
493 3522 576 3554 fidei.
601 3541 619 3546 -
644 3523 731 3553 ldem
755 3531 862 3554 autem
891 3525 1031 3566 martyrii
1063 3531 1151 3555 actus
1182 3524 1375 3564 inquantum
1401 3542 1403 3554 .

305 3575 351 3599 est
374 3567 553 3599 voluntarie
576 3577 612 3598 ac
635 3567 796 3608 impavide
819 3569 1004 3599 tolerativus
1024 3568 1137 3600 mortis
1153 3567 1306 3608 optimae,
1330 3574 1376 3598 est

305 3619 393 3644 actus
418 3611 627 3643 fortitudinis:
653 3619 688 3642 ut
704 3619 790 3652 patet
814 3622 851 3642 ex
871 3613 995 3653 supra*
1018 3613 1109 3644 dictis
1128 3612 1168 3643 de
1189 3611 1376 3643 fortitudine

306 3664 335 3687 et
359 3657 427 3687 eius
450 3664 521 3687 actu
547 3664 641 3696 atque
666 3656 802 3687 obiecto.
820 3673 840 3679 —
858 3657 913 3687 Est
937 3667 1068 3698 quoque
1092 3657 1177 3687 idem
1195 3663 1283 3687 actus
1298 3666 1376 3696 qua—
1401 3659 1404 3695 1

1401 638 1402 657 1
1428 635 1460 659 et
1482 627 1556 659 fidei
1572 638 1639 659 non
1655 629 1715 659 nisi
1730 629 1915 671 imperative
1940 638 1996 667 est,
2013 630 2210 662 fortitudinis
2225 637 2333 661 autem
2353 629 2500 661 elicitive:

1400 672 1506 721 fides
1530 683 1680 714 namque,
1691 683 1757 714 per
1778 674 1978 706 dilectionem
1998 685 2147 716 operans,
2167 682 2202 706 ut
2226 674 2341 706 dicitur
2364 675 2408 706 ad
2428 673 2500 705 Gal.

1400 698 1402 759 ξ
1427 728 1447 747 ν
1463 717 1490 753 *,
1515 717 1675 748 mediante
1706 717 1893 749 fortitudine
1917 718 2001 750 elicit
2024 719 2165 760 martyrii
2201 727 2309 750 actum
2333 719 2382 750 his
2409 718 2500 749 vesti-

359 766 483 803 Quarto
498 764 524 794 *.
551 763 670 793 Iustitia
696 762 815 792 elevata
839 770 935 801 supra
959 770 1091 790 omnem
1115 759 1267 790 iustitiam
1292 769 1374 800 quae
1399 786 1401 799 3

1427 769 1496 792 tum
1514 761 1764 793 conditionibus.
1789 762 1879 794 Patet
1897 770 2006 794 autem
2034 763 2078 794 sic
2099 773 2177 795 esse.
2200 764 2241 794 Et
2268 770 2413 804 respectu
2438 762 2501 793 for-

1399 806 1572 851 titudinis
1597 805 1746 846 quidem,
1770 806 1847 847 quia
1869 807 1938 847 ipse
1961 814 2049 838 actus
2072 807 2106 838 in
2130 818 2197 849 quo
2221 807 2401 839 testificatio
2426 817 2501 838 con-

1399 834 1618 894 ?summatur,
1642 850 1760 881 scilicet
1782 851 1938 882 sustinere
1961 858 2100 883 mortem
2123 852 2291 892 optimam,
2316 859 2363 884 est
2386 852 2502 894 princi-

1450 895 1507 926 alis
1530 901 1620 926 actus
1636 894 1781 926 fortitudi
1806 895 1832 926 ‘s
1860 903 1895 926 ut
1935 902 2052 926 aetex
2091 907 2123 926 ra
2166 896 2173 903 ⁰
2208 897 2215 903 ’
2244 897 2271 928 ¹⁸².
2490 914 2502 920 ·
2534 901 2542 910 ⁸

298 942 466 973 iustitiam:
499 948 529 971 et
559 940 690 981 aliquod
721 949 786 969 non
811 946 858 969 est
888 939 975 969 aliud
1006 938 1066 968 nisi
1095 938 1302 979 temperantia
1330 937 1374 968 sic
1399 926 1401 954 !
1426 905 1447 935 p
1783 905 1815 928 111
1834 918 1842 931 ⁹
1910 906 1932 936 Ρ
1954 902 1967 927 t
2067 907 2088 936 p
2125 897 2233 927 editus
2296 899 2396 928 Acms
2413 907 2487 928 nam

298 988 417 1018 elevata
441 995 537 1026 supra
557 994 689 1015 omnem
713 983 966 1024 temperantiam.
992 983 1077 1023 Ergo
1101 983 1268 1024 quoddam
1291 992 1372 1013 mar·
1399 986 1401 1027 ζ

298 1031 415 1073 tyrium
440 1036 560 1071 spectat
582 1029 622 1060 ad
647 1038 744 1060 unam
769 1027 930 1058 heroicam
954 1027 1121 1064 virtutem,
1148 1034 1178 1058 et
1207 1027 1373 1068 quoddam
1399 1030 1400 1034 ’

1426 950 1490 981 que
1514 951 1532 970 a
1556 939 1702 980 pluribus
1725 939 1902 980 procedens
1926 939 2096 971 virtutibus
2126 947 2174 972 est
2196 941 2331 972 elicitive
2360 941 2501 977 ultimae,
2544 943 2549 951 '

1427 984 1478 1015 cui
1502 984 1618 1015 directe
1634 984 1807 1024 respondet
1821 991 1911 1015 actus
1933 983 2002 1015 ille:
2027 984 2110 1015 sicut
2125 991 2215 1016 actus
2231 995 2384 1017 emanans
2399 996 2418 1016 a
2430 986 2502 1027 plu-

1427 1029 1514 1060 ribus
1538 1029 1689 1070 potentiis
1713 1035 1835 1070 spectat
1857 1028 1992 1060 elicitive
2015 1029 2056 1059 ad
2078 1028 2223 1060 infimam
2246 1029 2375 1061 illarum
2389 1037 2502 1071 poten-

1426 1074 1560 1110 tiarum;
1587 1080 1622 1104 ut
1645 1073 1871 1114 concupiscere
1887 1074 2018 1115 quando
2042 1080 2181 1114 oportet,
2206 1080 2276 1111 etc„
2295 1081 2341 1105 est
2356 1084 2375 1104 a
2389 1075 2504 1106 volun-

1426 1126 1489 1151 tate
1513 1125 1544 1149 et
1566 1129 1585 1149 a
1608 1118 1861 1159 concupiscibili,
1886 1119 1942 1149 sed
1961 1117 2096 1149 elicitive
2121 1125 2168 1149 est
2182 1128 2201 1148 a
2217 1117 2468 1159 concupiscibili.
2481 1136 2503 1143 -

1425 1164 1584 1204 Respectu
1609 1173 1684 1194 vero
1709 1163 1855 1200 caritatis,
1872 1163 1949 1204 quia
1963 1162 2074 1194 caritas
2098 1162 2235 1213 imperat
2249 1169 2338 1194 actus
2354 1163 2503 1195 omnium

1425 1208 1592 1240 virtutum.
1609 1226 1630 1231 -
1654 1208 1813 1248 Respectu
1834 1215 1942 1239 autem
1965 1206 2050 1244 fidei,
2070 1207 2146 1250 quia
2169 1206 2247 1238 fides
2271 1214 2318 1239 est
2340 1217 2423 1248 quae
2439 1217 2505 1249 per

1425 1253 1625 1284 dilectionem
1656 1258 1830 1293 operatur:
1854 1259 1889 1284 ut
1912 1253 1951 1283 ab
1975 1255 2117 1284 Auctore
2140 1251 2296 1293 superius,
2320 1251 2354 1282 in
2378 1262 2433 1293 qu.
2458 1262 2502 1289 ιιι,

1425 1305 1481 1329 ιιιι.
1506 1308 1526 1334 ι,
1551 1297 1590 1328 ad
1618 1297 1645 1333 3,
1670 1297 1777 1328 habes.

1479 1342 1532 1372 111.
1548 1341 1608 1372 His
1624 1341 1817 1382 praemissis,
1831 1341 1870 1371 ad
1887 1348 2075 1382 argumenta
2090 1340 2124 1371 in
2137 1340 2328 1382 oppositum
2339 1340 2358 1360 *
2372 1349 2504 1382 respon-

1425 1387 1542 1423 dendo,
1556 1386 1672 1417 dicitur
1685 1386 1802 1426 primo,
1819 1386 1909 1427 quod
1925 1385 2019 1426 primi
2037 1386 2216 1436 argumenti
2233 1385 2337 1416 maior
2351 1392 2400 1418 est
2415 1385 2503 1422 falsa,

1423 1431 1632 1471 intelligendo
1655 1431 1760 1471 ipsam
1784 1431 1824 1461 ad
1846 1440 1977 1461 sensum
2001 1430 2171 1471 arguentis,
2189 1429 2308 1462 scilicet
2327 1421 2418 1472 quod
2433 1430 2504 1462 talis

1424 1476 1537 1507 volitio
1553 1475 1593 1507 sit
1608 1482 1697 1507 actus
1714 1475 1852 1506 iustitiae
1868 1474 1981 1506 solius.
2005 1475 2172 1513 Quoniam
2193 1485 2230 1506 ex
2245 1474 2333 1506 hoc
2325 1484 2397 1526 ipso
2413 1475 2504 1526 q-uod

1425 1521 1465 1552 ad
1481 1516 1635 1552 sustinere
1651 1520 1782 1551 viriliter
1797 1520 1916 1551 bonam
1933 1527 2071 1551 mortem
2089 1519 2236 1557 declinat,
2249 1529 2351 1560 genus
2366 1519 2505 1554 iustitiae

1426 1565 1504 1602 exit,
1530 1571 1560 1596 et
1583 1565 1624 1595 ad
1647 1575 1748 1605 genus
1772 1563 1968 1595 fortitudinis
1991 1564 2088 1596 venit.
2118 1564 2208 1595 Velle
2231 1564 2391 1606 siquidem
2415 1563 2505 1596 iusti-

1425 1610 1513 1646 tiam,
1530 1616 1831 1651 quantumcumque
1849 1607 2031 1640 firmissime
2048 1617 2080 1640 et
2095 1608 2335 1649 perfectissime,
2357 1609 2397 1640 ad
2413 1608 2503 1641 iusu-

1425 1654 1503 1686 tiam
1527 1660 1664 1695 spectat:
1695 1654 1751 1685 sed
1781 1653 1863 1684 velle
1890 1654 2045 1685 sustinere
2069 1661 2207 1685 mortem
2231 1653 2407 1694 optimam,
2438 1653 2504 1685 sive

1426 1706 1558 1740 propter
1575 1698 1729 1730 iustitiam
1742 1698 1808 1729 sive
1821 1698 2053 1740 quodcumque
2069 1698 2157 1730 aliud
2172 1708 2274 1739 genus
2289 1697 2426 1735 virtutis,
2439 1697 2504 1730 fov-

1427 1743 1572 1775 titudinis
1595 1750 1652 1774 est.
1676 1761 1695 1766 -
1719 1743 1766 1774 Ex
1789 1752 1856 1784 quo
1880 1750 1967 1784 patet
1990 1743 2080 1785 quod
2103 1742 2251 1784 probatio
2278 1742 2347 1774 eius
2370 1743 2505 1775 assumit

1426 1788 1555 1824 falsum,
1579 1788 1711 1829 quando
1737 1787 1818 1818 ultra
1842 1797 2016 1819 commune
2040 1787 2203 1819 obiectum
2219 1787 2393 1829 apponitur
2415 1787 2503 1822 aliud

1427 1832 1591 1864 obiectum
1615 1831 1744 1863 alterius
1767 1831 1909 1872 generis,
1941 1839 1978 1863 ut
2001 1838 2048 1863 est
2070 1831 2103 1862 in
2126 1832 2306 1873 proposito.
2338 1831 2505 1870 Quoniam

1428 1876 1567 1908 secunda
1590 1875 1704 1907 volitio
1729 1874 1808 1918 (sive
1831 1875 1873 1907 sit
1895 1885 1967 1907 una·
1983 1876 2049 1907 sive
2073 1875 2251 1917 multiplex,
2275 1885 2342 1908 non
2363 1877 2505 1908 curando

1427 1931 1487 1962 pro
1510 1919 1610 1962 nunc)
1634 1919 1771 1951 includit
1789 1926 1898 1951 actum
1913 1926 1944 1951 et
1959 1920 2122 1952 obiectum
2145 1920 2274 1952 alterius
2295 1920 2430 1962 generis,
2445 1921 2505 1953 sei·-

1399 1979 1401 2002 3
1426 1965 1499 1997 licet
1522 1964 1730 2001 fortitudinis,
1754 1971 1834 2005 puta
1857 1964 2013 1996 sustinere
2037 1971 2176 1997 mortem
2200 1965 2368 2006 optimam.

1481 2009 1606 2042 Dicitur
1620 2009 1774 2046 secundo,
1790 2009 1880 2050 quod
1896 2008 2003 2040 minor
2019 2018 2154 2050 quoque
2168 2016 2216 2041 est
2231 2008 2323 2040 falsa:
2341 2009 2403 2040 Sed
2423 2018 2504 2045 mar-

1399 2078 1400 2087 ,
1427 2054 1547 2096 tyrium
1570 2054 1708 2085 mentale
1722 2063 1782 2094 pro
1798 2053 1918 2086 iustitia
1942 2063 2008 2085 non
2033 2061 2080 2086 est
2095 2053 2182 2086 aliud
2203 2059 2306 2095 quam
2316 2053 2505 2086 huiusmodi

1399 2097 1401 2136 ἕ
1426 2099 1551 2130 volitio.
1585 2099 1670 2130 Nam
1697 2098 1887 2140 martyrium
1910 2097 2049 2129 mentale
2072 2108 2132 2140 pro
2155 2097 2275 2130 iustitia
2299 2108 2316 2130 e
2338 2097 2454 2130 contra
2472 2108 2506 2139 se

1399 2146 1401 2159 ¹
1427 2143 1523 2175 habet
1545 2143 1586 2174 ad
1610 2143 1687 2174 haec
1703 2143 1770 2174 duo
1787 2142 1922 2180 obiecta,
1946 2142 2066 2175 scilicet
2080 2142 2234 2175 iustitiam
2257 2150 2289 2174 et
2303 2142 2506 2175 tolerantiam

350 2190 397 2220 Ex
420 2188 538 2230 quibus
562 2195 648 2228 patet
671 2187 711 2217 ad
735 2187 892 2218 rationem
917 2186 1058 2228 martyrii
1077 2193 1218 2227 quatuor
1241 2196 1374 2217 concur·
1399 2198 1401 2205 ·

296 2245 376 2267 rere.
389 2233 510 2271 Primo,
526 2232 595 2273 ipsa
610 2231 787 2264 testificatio
804 2231 953 2262 exterior:
966 2230 1123 2272 quoniam
1140 2238 1269 2272 oportet
1284 2231 1374 2272 quod
1400 2254 1401 2257 η

1427 2188 1550 2219 mortis.
1582 2187 1749 2225 Quoniam
1776 2187 1967 2229 martyrium
1990 2187 2130 2219 mentale
2153 2187 2280 2229 respicit
2302 2187 2505 2223 tolerantiam

1427 2232 1540 2263 mortis
1558 2239 1594 2263 ut
1608 2232 1778 2273 proprium
1794 2231 1969 2269 obiectum,
1993 2239 2025 2264 et
2040 2231 2196 2264 iustitiam
2211 2239 2248 2264 ut
2262 2241 2407 2264 causam:
2423 2242 2506 2275 quo-

1429 2277 1515 2308 niam
1548 2276 1636 2308 testis
1669 2276 1787 2308 directe
1818 2276 1947 2317 respicit
1983 2275 2238 2309 testificationem
2271 2284 2306 2310 ιιι
2337 2277 2506 2319 proprium

1427 2328 1552 2358 actum;
1577 2331 1613 2352 ac
1637 2331 1694 2362 per
1717 2321 1793 2357 hoc,
1818 2320 1899 2352 velle
1922 2320 2100 2358 testificari,
2131 2321 2221 2363 quod
2245 2329 2293 2353 est
2316 2321 2505 2364 martyrium

1428 2365 1577 2405 mentale,
1600 2365 1717 2397 directe
1741 2365 1868 2406 respicit
1891 2366 2000 2406 ipsum
2024 2365 2190 2402 sustinere,
2214 2366 2304 2407 quod
2328 2373 2376 2397 est
2397 2366 2506 2399 testifi-

1428 2410 1501 2447 cari,
1526 2417 1562 2442 ut
1585 2410 1755 2451 proprium
1778 2410 1958 2448 obiectum;
1989 2409 2144 2442 iustitiam
2174 2417 2283 2442 autem
2314 2420 2373 2451 pro
2398 2420 2503 2443 causa.

1429 2455 1532 2487 Cuius
1556 2454 1746 2496 oppositum
1769 2453 1876 2486 minor
1898 2454 2044 2486 assumit.

1482 2500 1536 2531 tv.
1561 2499 1612 2530 Ad
1628 2499 1808 2530 secundum
1820 2499 1838 2519 *
1860 2499 1976 2531 dicitur
1991 2499 2082 2540 quod
2098 2498 2211 2530 volitio
2227 2498 2416 2540 imperativa
2433 2509 2504 2531 exe·

1427 2544 1566 2576 cutionis
1588 2544 1630 2575 ad
1652 2543 1878 2575 sustinendum
1893 2550 2032 2574 mortem
2047 2553 2087 2574 ne
2103 2543 2266 2575 deseratur
2287 2543 2418 2580 iustitia,
2434 2554 2505 2586 spe-

1428 2597 1490 2620 ctat
1505 2589 1545 2620 ad
1562 2596 1731 2630 utramque
1747 2588 1907 2625 virtutem,
1920 2587 2038 2619 scilicet
2054 2587 2278 2620 fortitudinem
2293 2596 2324 2620 et
2337 2587 2503 2620 iustitiam.

1427 2634 1469 2665 Et
1491 2634 1531 2664 ad
1555 2633 1694 2674 primam
1716 2633 2001 2674 improbationem,
2022 2639 2156 2673 negatur
2171 2632 2318 2675 sequela.
2341 2635 2476 2665 Actuse
2456 2640 2507 2710 ex:

1399 2684 1401 2694 ¹
1428 2688 1524 2718 unus,
1539 2678 1626 2718 Ergo
1642 2684 1763 2719 spectat
1786 2678 1826 2708 ad
1850 2687 1954 2708 unum
1977 2686 2079 2718 genus
2098 2677 2247 2709 virtutis.
2257 2677 2425 2729 Quoniam
2443 2684 2473 2710 st

1426 2723 1516 2765 quod
1540 2732 1625 2754 unus
1641 2732 1778 2753 numero
1801 2722 1982 2754 secundum
1996 2721 2209 2754 subeundam
2224 2729 2314 2754 actus
2329 2721 2371 2754 sit
2382 2721 2417 2753 in
2433 2722 2504 2764 plu-

1398 2771 1401 2807 }
1426 2767 1514 2799 ribus
1537 2767 1695 2799 virtutum
1717 2767 1897 2807 generibus.

1481 2812 1533 2843 Ad
1555 2812 1730 2843 secundam
1759 2811 2032 2853 improbationem
2063 2810 2177 2843 dicitur
2206 2811 2297 2853 quod
2327 2810 2432 2842 maior
2457 2818 2504 2843 eat

1427 2856 1605 2888 falsissima.
1629 2857 1671 2888 Et
1693 2857 1733 2887 ad
1750 2856 1820 2887 eius
1834 2856 2059 2898 probationem
2076 2855 2192 2887 dicitur
2205 2855 2298 2898 quod
2313 2855 2441 2887 nullum
2456 2855 2503 2887 in—

1427 2901 1622 2933 conveniens
1645 2908 1692 2933 est
1711 2901 1851 2932 eundem
1866 2908 1975 2932 actum
1989 2900 2114 2932 ratione
2127 2899 2225 2932 unius
2248 2898 2503 2931 circumstantiae

1427 2954 1570 2987 spectare
1593 2946 1634 2976 ad
1657 2955 1762 2977 unum
1785 2955 1887 2986 genus
1909 2945 2052 2982 virtutis,
2080 2951 2113 2976 et
2135 2944 2258 2976 ratione
2281 2944 2410 2976 alterius
2432 2953 2502 2986 spe-

1427 2998 1510 3022 ctare
1533 2991 1574 3021 ad
1598 2991 1686 3022 aliud
1709 3000 1820 3030 genus.
1845 2990 1911 3021 Nec
1934 2989 1997 3021 hoc
2020 2995 2068 3020 est
2083 2996 2194 3021 contra
2213 2989 2360 3020 doctores
2375 2995 2503 3020 sanctos

1427 3080 1597 3120 theologos
1621 3079 1761 3111 dicentes
1775 3079 1951 3120 aliquando
1967 3077 2238 3110 circumstantiam
2253 3077 2376 3109 trahere
2395 3084 2502 3108 actum

1427 3132 1513 3156 extra
1527 3134 1628 3165 genus
1643 3132 1758 3161 suum;
1783 3130 1829 3160 ut,
1847 3133 1921 3155 cum
1937 3123 2010 3170 quis
2027 3122 2225 3154 fornicatur'
2217 3131 2250 3153 in
2269 3121 2410 3159 ecclesia,
2426 3131 2503 3153 con-

1427 3176 1488 3200 stat
1503 3169 1593 3210 quod
1610 3167 1780 3200 fornicatio
1796 3174 1843 3199 est
1858 3167 1891 3199 in
1905 3176 2019 3208 genere
2035 3166 2307 3218 intemperantiae,
2323 3173 2355 3197 et
2370 3166 2504 3198 trahitur

1427 3258 1490 3289 loci
1515 3258 1565 3288 cui
1589 3256 1626 3288 fit
1648 3256 1780 3288 iniuria:
1814 3257 1876 3287 hoc
1899 3255 1987 3287 enim
2009 3262 2134 3286 constat
2156 3254 2341 3286 secundum
2370 3264 2502 3288 omnm

1428 3303 1586 3333 moralem
1609 3300 1850 3342 philosophiam
1872 3307 1904 3331 ει
1926 3299 2124 3340 theologiam
2147 3308 2216 3330 esse
2237 3309 2360 3331 verum.
2385 3300 2503 3332 Etmi-

1428 3356 1502 3379 rum
1525 3353 1573 3378 est
1594 3345 1685 3387 quod
1707 3345 1742 3376 in
1766 3344 1935 3376 manifesto
1958 3353 2064 3375 errore
2089 3344 2161 3376 citet
2185 3353 2297 3376 omnes
2311 3344 2449 3376 Sanctae
2471 3350 2503 3376 et

1422 3391 1640 3432 philosophos.
1671 3389 1713 3420 Et
1735 3389 1825 3430 quod
1848 3388 1882 3419 iu
1905 3388 2074 3429 generibus
2097 3388 2251 3419 vitiorum
2281 3388 2501 3426 ostendimus,

1428 3436 1514 3466 idem
1538 3441 1625 3475 patet
1646 3433 1679 3464 in
1694 3433 1864 3474 generibus
1886 3433 2053 3464 virtutum.
2077 3434 2160 3464 Nam
2184 3442 2307 3464 servare
2326 3433 2501 3464 castitatem

1429 3485 1560 3520 propter
1582 3478 1704 3514 Deum,
1729 3477 1780 3508 cui
1812 3477 1913 3508 dicata
1936 3483 1992 3513 est.
2016 3484 2137 3518 spectat
2158 3484 2188 3509 et
2211 3478 2250 3508 ad
2275 3477 2503 3518 temperantiae

1430 3532 1530 3564 genus
1554 3522 1732 3553 secundum
1756 3521 1894 3563 speciem
1919 3521 2034 3562 operis,
2059 3521 2177 3553 scilicet
2199 3521 2392 3558 castitatem
2415 3521 2502 3553 etad

1429 3566 1566 3598 iustitiae
1589 3576 1690 3606 genus
1712 3566 1834 3597 ratione
1849 3566 2102 3597 circumstantiae
2126 3565 2207 3603 finis,
2234 3575 2308 3597 nam
2327 3565 2438 3606 religio
2453 3566 2502 3597 iu-

1429 3611 1531 3643 stitiae
1554 3620 1627 3651 pars
1651 3617 1706 3642 est.

1484 3656 1522 3686 V.
1548 3655 1598 3685 Ad
1622 3654 1780 3686 tertium*
1803 3654 1917 3685 dicitur
1941 3655 2040 3696 quod.
2056 3655 2129 3686 licet
2145 3655 2247 3685 maior
2264 3654 2363 3695 possit
2385 3654 2501 3694 negari,

2530 458 2539 467 ¹
2555 457 2622 479 Vers.
2638 463 2667 485 ¹3·

2531 722 2614 744 'Vers
2640 723 2663 745 6.

2579 906 2602 921 u.
2611 905 2694 925 mill,
2701 903 2743 922 Ιη-

2604 929 2701 948 ΙΙΙΠΙΘῐΙῐ.
2720 932 2744 948 n·

2530 1347 2658 1371 ·Num.1.

2532 2506 2540 2514 ·
2551 2504 2622 2532 leid„
2629 2504 2745 2528 Secunda.

2530 3661 2538 3669 ”
2554 3660 2622 3685 leid..
2640 3660 2730 3682 Tertio.
