2768 4198
6 1051 7 1054 ’
56 1056 115 1073 ven.
122 1039 162 1073 '16.

949 260 1227 324 QUAESTIO'
1247 279 1436 325 CLXVII,
1467 279 1764 316 ART1CULUS
1795 280 1826 314 11

347 369 382 395 2.
402 358 637 403 PRAETEREA,
659 356 856 392 curiositas
885 368 967 392 esse
990 356 1142 392 videtur
1169 357 1206 393 in
1235 357 1359 405 inspe-

294 411 417 447 ctione
437 410 634 448 ludorum:
656 409 757 446 unde
777 409 1011 456 Augustinus
1027 409 1124 455 dicit,
1142 410 1179 446 in
1195 411 1243 446 Vl
1262 411 1359 446 Con—

55 467 199 495 ·Caem-vm·
225 492 230 495 .
282 465 378 512 sess.
398 463 430 510 ¹²,
460 462 577 511 quod,
608 462 772 510 quodam
794 473 954 511 pugnae
977 474 1079 508 casu,
1109 475 1194 499 cum
1215 463 1361 500 clamor

291 528 429 566 ingens
456 516 565 552 totius
591 515 727 563 populi
752 516 990 551 vehementer
1007 516 1190 564 Alypium
1214 516 1360 564 pulsas·
1387 514 1388 517 ’

292 575 357 614 set,
386 569 600 605 curiositate
627 568 757 613 victus,
786 568 934 616 aperuit
961 569 1099 606 oculos.
1131 570 1208 606 Sed
1238 571 1360 618 inspe-

294 622 367 660 ctio
396 622 576 658 ludorum
606 633 685 657 non
709 621 860 658 videtur
890 634 970 658 esse
990 622 1145 659 vitiosa:
1177 623 1264 670 quia
1293 624 1362 659 hu·
1387 620 1389 660 ἶ

293 674 460 714 iusmodi
502 674 687 722 inspectio
730 674 960 711 delectabilis
999 675 1167 712 redditur
1207 670 1390 726 propterfi

294 727 697 776 repraesentationem,
728 728 766 764 in
796 740 871 775 qua
901 729 1020 765 homo
1049 728 1266 765 naturaliter
1299 728 1363 765 de-
1389 728 1390 743 ¹

57 787 66 796 ⁸
80 785 136 813 etp.
158 791 192 812 vt,
213 790 235 806 n.
255 790 267 806 2

55 818 106 841 m.
293 781 470 825 lectatur,
502 788 543 816 ut
576 780 832 829 Philosophus
861 781 967 826 dicit,
997 781 1035 818 in
1065 794 1133 818 sua
1161 782 1311 818 Poetria
1330 781 1361 818 *.

295 834 388 870 Non
424 846 513 892 ergo
552 833 651 870 circa
679 833 912 870 sensibilium
942 834 1195 883 cognitionem
1226 842 1281 871 est
1309 834 1363 870 vi-

295 886 390 923 tium
420 887 656 923 curiositatis.

351 941 386 977 3.
417 940 651 986 PRAETEREA,
681 940 730 976 ad
759 941 1015 978 curiositatem
1044 941 1232 989 pertinere
1258 940 1393 977 vide—

55 996 207 1020 ἘΜ
221 997 246 1019 ⁶²
259 996 273 1018 1
296 1000 357 1029 tur
376 1000 481 1029 actus
504 993 769 1041 proximorum
795 994 1024 1042 perquirere,
1045 1001 1086 1030 ut
1105 994 1194 1030 dicit
1213 993 1352 1030 Beda*

54 1023 231 1052 1m0udenp.
243 1030 269 1049 n

59 1105 147 1129 ’.ν-π
161 1112 189 1129 ¹·-
296 1098 498 1136 vitiosum:
529 1099 618 1148 quia
646 1099 741 1136 sicut
770 1099 904 1136 dicitur
931 1099 1047 1136 Eccli.
1068 1111 1140 1136 xvn
1161 1098 1192 1144 ²¹²,
1225 1100 1366 1135 unicui-

2405 282 2478 328 347

1385 364 1387 410 {
1413 358 1549 394 avertit
1574 369 1635 393 me
1650 358 1831 404 fortassis
1859 358 1908 394 ab
1932 357 2059 405 aliqua
2080 369 2224 407 magna
2243 359 2480 408 cogitatione,

1385 418 1387 459 J
1414 416 1526 458 atque
1545 411 1596 446 ad
1612 422 1652 447 se
1670 411 1853 446 convertit
1870 410 1933 447 illa
1952 411 2100 447 venatio
2112 424 2124 447 :
2152 417 2187 447 et
2205 412 2278 447 nisi
2295 413 2371 448 iam
2391 413 2484 449 mihi

1386 479 1387 503 ς
1414 464 1668 510 demonstrata
1693 464 1910 511 infirmitate
1938 475 2034 509 mea,
2056 464 2126 500 cito
2146 465 2352 501 admoneas
2370 470 2397 511 ἵ,
2418 477 2483 502 va·
2608 475 2625 502 τ

1415 529 1485 562 nus
1518 517 1685 553 hebesco.
1715 537 1740 544 -
1769 517 1854 553 Alio
1885 517 2026 563 modo,
2058 518 2281 566 inquantum
2319 519 2482 565 cognitio

1387 601 1389 614 ς
1416 569 1595 606 sensitiva
1624 570 1820 606 ordinatur
1848 571 1895 607 ad
1925 570 2081 618 aliquod
2101 570 2280 607 noxium:
2310 571 2407 607 sicut
2430 572 2484 608 in-

1416 623 1560 671 spectio
1597 622 1764 659 mulieris
1797 623 1995 660 ordinatur
2027 624 2075 660 ad
2111 624 2483 672 concupiscendum

1417 683 1454 712 et
1489 676 1645 723 diligens
1674 676 1866 723 inquisitio
1895 688 2030 713 eorum
2063 689 2161 725 quae
2190 678 2237 713 ab
2267 677 2347 714 aliis
2376 678 2483 725 fiunt,

1418 729 1615 765 ordinatur
1643 729 1691 765 ad
1720 729 2010 766 detrahendum.

1473 782 1510 818 Si
1529 782 1612 830 quis
1632 789 1761 818 autem
1778 782 1982 830 cognitioni
2003 783 2237 820 sensibilium
2253 783 2411 822 intendit
2426 798 2485 821 or-

1419 835 1557 879 dinate,
1574 843 1728 883 propter
1749 836 2010 872 necessitatem
2030 837 2295 874 sustentandae
2316 846 2484 885 naturae,

1418 889 1482 924 vel
1518 896 1674 936 propter
1707 888 1874 925 studium
1911 889 2177 937 intelligendae
2205 890 2395 937 veritatis,
2431 900 2487 928 est

1391 952 1393 984 l
1418 941 1590 977 virtuosa
1610 941 1827 977 studiositas
1857 941 1955 978 circa
1976 942 2194 979 sensibilem
2216 944 2484 991 cognitionem.

298 1046 375 1082 Sed
413 1046 633 1095 perquirere
667 1046 764 1083 facta
796 1047 957 1083 aliorum
993 1059 1071 1083 non
1098 1046 1250 1084 videtur
1282 1058 1364 1082 esse
1392 1045 1394 1081 ἶ

297 1163 369 1200 que
396 1153 592 1190 mandavit
611 1154 714 1189 Deus
735 1153 781 1189 de
793 1153 976 1201 proximo
995 1163 1076 1188 suo.
1108 1153 1209 1199 Ergo
1229 1152 1365 1188 vitium
1394 1153 1395 1170 ³

299 1205 520 1242 curiositatis
550 1218 627 1242 non
664 1213 718 1242 est
747 1206 784 1242 in
803 1205 1041 1242 huiusmodi
1080 1205 1367 1252 particularibus
1394 1232 1395 1235 η

298 1259 538 1295 sensibilibus
567 1259 854 1306 cognoscendis.

294 1350 297 1351 γ
353 1312 428 1348 SED
457 1308 604 1348 comm
623 1323 690 1348 EST
709 1312 814 1360 quod
834 1310 1068 1358 Augustinus
1089 1310 1187 1355 dicit,
1213 1310 1250 1346 in
1271 1310 1366 1346 libro

298 1364 344 1401 de
369 1365 466 1401 Vera
486 1365 612 1414 Relig.
632 1364 671 1410 ²¹³,
703 1366 808 1413 quod
842 1363 1141 1412 concupiscentia
1170 1363 1367 1399 oculorum

298 1418 420 1454 reddit
444 1419 614 1455 homines
642 1418 821 1454 curiosos.
859 1417 909 1454 Ut
937 1424 1066 1453 autem
1096 1415 1182 1453 dicit
1210 1416 1316 1452 Beda
1334 1415 1367 1462 ²¹⁸,

299 1471 607 1519 concupiscentia
627 1471 828 1506 oculorum
851 1478 906 1506 est
926 1481 1003 1506 non
1024 1470 1148 1505 solum
1170 1470 1207 1505 in
1227 1469 1369 1505 discen—

57 1368 68 1379 ·
81 1367 139 1396 Cup.
153 1373 249 1391 mvm.

58 1423 68 1434 ·
83 1421 139 1445 ιω.
151 1422 194 1447 eit.

298 1524 355 1561 dis
382 1525 544 1574 magicis
570 1524 733 1568 artibus,
763 1523 831 1560 sed
865 1522 978 1559 etiam
1009 1523 1046 1559 in
1075 1522 1370 1571 contemplandis
1396 1522 1397 1570 j
1424 1524 1529 1568 chra,
1557 1523 1704 1568 suavia,
1734 1535 1890 1570 canora,
1919 1526 2063 1574 sapida,
2091 1526 2189 1563 lenia
2221 1533 2402 1571 sectatum
2430 1540 2492 1565 cu-

297 1577 536 1627 spectaculis,
566 1582 603 1613 et
628 1577 666 1612 in
695 1575 958 1626 dignoscendis
986 1581 1021 1612 et
1047 1576 1245 1624 carpendis
1272 1576 1369 1613 vitiis

293 1630 564 1678 proximorum
580 1643 592 1666 .·
634 1641 733 1678 quae
770 1638 857 1666 sunt
899 1629 1091 1677 quaedam
1133 1629 1370 1677 particularia

297 1683 503 1720 sensibilia.
533 1683 633 1719 Cum
665 1694 754 1730 ergo
783 1683 1083 1730 concupiscentia
1103 1682 1300 1718 oculorum
1326 1683 1371 1719 sit

299 1736 497 1785 quoddam
525 1736 684 1780 vitium,
715 1736 811 1772 sicut
843 1736 956 1772 etiam
990 1735 1164 1784 superbia
1202 1737 1301 1772 vitae
1335 1743 1371 1772 et

299 1790 599 1837 concupiscentia
624 1790 762 1835 carnis,
789 1797 920 1826 contra
941 1801 1040 1837 quae
1062 1788 1251 1835 dividitur,
1275 1791 1287 1825 1
1310 1789 1370 1825 Io-

298 1854 362 1879 an.
383 1854 406 1879 11
424 1841 463 1888 *;
492 1842 644 1879 videtur
663 1843 768 1891 quod
787 1842 922 1879 vitium
945 1841 1169 1878 curiositatis
1198 1842 1243 1878 sit
1272 1842 1371 1879 circa

299 1895 535 1934 sensibilium
562 1895 834 1943 cognitionem.

354 1950 581 1986 Respounsso
619 1961 804 1986 DicENDUM
846 1949 952 1996 quod
991 1947 1152 1995 cognitio
1191 1948 1371 1985 sensitiva

58 1853 70 1863 0
83 1847 151 1872 Ven-
166 1848 200 1872 ¹6.

1473 996 1532 1030 AD
1552 1005 1690 1030 PRtMUM
1710 1005 1808 1030 ERGO
1828 1006 2013 1032 DICENDUM
2039 996 2142 1043 quod
2171 997 2316 1034 luxuria
2342 1005 2378 1034 et
2400 999 2487 1046 gula

1422 1055 1508 1083 sunt
1537 1046 1635 1083 circa
1665 1047 1934 1084 delectationes
1964 1060 2060 1096 quae
2091 1057 2177 1085 sunt
2205 1051 2241 1086 in
2266 1063 2338 1087 usu
2359 1063 2486 1088 rerum

1421 1099 1668 1146 tangibilium.
1709 1099 1785 1136 Sed
1816 1100 1914 1136 circa
1944 1100 2235 1140 delectationem
2265 1104 2487 1151 cognitionis

1422 1152 1597 1188 omnium
1627 1164 1808 1188 sensuum
1836 1160 1891 1189 est
1920 1154 2126 1191 curiositas.
2157 1156 2206 1192 Et
2224 1163 2382 1193 vocatur
2401 1169 2487 1194 con-

1422 1205 1648 1253 cupiscentza
1677 1206 1887 1250 oculorum,
1917 1209 2005 1254 quia
2034 1208 2133 1244 oculi
2159 1215 2245 1245 sunt
2271 1211 2322 1246 ad
2348 1222 2488 1270 cogno-

1394 1274 1396 1290 :
1421 1258 1600 1294 scendum
1629 1258 1666 1294 in
1694 1259 1861 1295 sensibus
1883 1260 2123 1308 principales,
2145 1262 2242 1298 unde
2261 1264 2389 1299 omnia
2407 1275 2489 1300 sen-

300 2002 497 2039 ordinatur
525 2003 574 2039 ad
604 2004 694 2039 duo.
724 2002 811 2039 Uno
843 2002 943 2038 enim
968 2001 1100 2046 modo,
1131 2009 1207 2037 tam
1236 2001 1272 2037 in
1302 2002 1370 2038 ho·
1397 2010 1398 2028 ³

295 2055 467 2100 ,minibus
497 2067 613 2104 quam
642 2055 680 2092 in
710 2055 790 2091 aliis
819 2055 1065 2099 animalibus,
1096 2054 1293 2091 ordinatur
1321 2055 1370 2091 ad

300 2109 471 2157 corporis
491 2109 823 2146 sustentationem:
855 2107 943 2157 quia
970 2119 1039 2156 per
1067 2107 1286 2145 huiusmodi
1308 2120 1370 2144 co·
1397 2109 1398 2134 3

272 2196 275 2197 γ
299 2162 509 2210 gnitionem
538 2162 714 2198 homines
737 2169 772 2197 et
791 2161 863 2198 alia
883 2160 1059 2197 animalia
1078 2161 1199 2197 vitant
1219 2161 1369 2208 nociva,

301 2223 337 2252 et
362 2215 591 2263 conquirunt
611 2227 654 2252 ea
674 2227 774 2263 quae
794 2222 881 2251 sunt
900 2213 1111 2250 necessaria
1131 2214 1180 2251 ad
1200 2214 1371 2262 corporis

300 2268 628 2305 sustentationem.
658 2268 743 2304 Alio
764 2269 896 2313 modo,
926 2267 1136 2315 specialiter
1155 2267 1192 2303 in
1213 2267 1370 2303 homine
1397 2264 1398 2269 ’

299 2322 497 2358 ordinatur
524 2321 573 2358 ad
602 2321 859 2369 cognitionem
889 2320 1172 2365 intellectivam,
1196 2321 1257 2356 vel
1287 2333 1370 2368 spe-

300 2375 504 2411 culativam
523 2375 585 2411 vel
614 2374 833 2423 practicam.
864 2376 1072 2422 Apponere
1093 2385 1183 2421 ergo
1203 2373 1370 2411 studium
1397 2378 1398 2381 ’

299 2428 398 2464 circa
417 2428 608 2465 sensibilia
629 2428 909 2476 cognoscenda,
927 2426 1124 2475 dupliciter
1143 2434 1268 2475 potest
1289 2439 1370 2464 esse

297 2481 493 2518 vitiosum.
523 2482 610 2518 Uno
640 2481 772 2526 modo,
804 2482 1031 2528 inquantum
1063 2480 1227 2528 cognitio
1255 2482 1371 2517 sensi-

299 2535 379 2572 tiva
416 2547 495 2571 non
528 2535 724 2571 ordinatur
760 2534 798 2570 in
834 2534 974 2581 aliquid
1004 2533 1113 2577 utile,
1144 2534 1211 2570 sed
1244 2534 1371 2582 potius
1397 2536 1399 2540 ’

300 2588 435 2625 avertit
472 2588 672 2624 hominem
708 2588 756 2623 ab
789 2587 916 2636 aliqua
945 2587 1024 2623 utili
1053 2587 1368 2623 consideratione.

301 2700 513 2731 currentem
546 2700 634 2742 post
658 2694 824 2754 leporem
853 2694 929 2729 iam
959 2705 1033 2730 non
1066 2698 1189 2741 specto
1218 2705 1304 2729 cum
1333 2694 1369 2730 in

159 2752 176 2787 β
301 2748 402 2784 circo
428 2749 481 2794 fit
504 2746 529 2784 β.

300 2641 412 2678 Unde
441 2641 675 2689 Augustinus
704 2640 804 2686 dicit,
835 2640 873 2676 in
902 2640 937 2676 X
966 2641 1134 2688 Confess.
1154 2639 1192 2675 *ε
1228 2641 1370 2677 Canem
1397 2646 1399 2678 i

1398 2720 1399 2724 ,
1425 2694 1570 2732 sidieris
1594 2701 1612 2721 η
1648 2701 1684 2731 et
1714 2707 1876 2743 quaeras
1905 2695 2135 2744 iniquitatem
2174 2697 2210 2733 in
2244 2674 2355 2733 domo
2390 2699 2494 2744 iusti,
2620 2709 2635 2733 η

1421 1311 1544 1347 sibilia
1571 1311 1692 1347 videri
1719 1312 1915 1348 dicuntur.-
1943 1321 1983 1349 ut
2010 1315 2245 1361 Augustinus
2275 1316 2373 1362 dicit,
2394 1316 2432 1352 in
2454 1317 2488 1352 X

1428 1365 1596 1412 Confess.
1616 1363 1636 1384 ’¹‘
1666 1365 1714 1400 Et
1742 1364 1837 1401 sicut
1860 1367 2095 1413 Augustinus
2121 1367 2261 1404 ibidem
2283 1369 2422 1415 subdit,
2441 1382 2491 1405 ex

1423 1418 1495 1453 hoc
1526 1417 1730 1453 evidentius
1762 1418 1986 1455 discernitur
2022 1421 2113 1467 quid
2147 1421 2365 1469 voluptatis,
2403 1423 2493 1470 quid

1424 1470 1649 1506 curiositatis
1676 1476 1818 1519 agatur
1830 1483 1904 1519 per
1921 1484 2071 1509 sensus:
2100 1474 2200 1521 quod
2218 1475 2388 1523 voluptas
2406 1477 2491 1523 pul-

2517 1380 2527 1389 ·
2541 1379 2600 1400 Ibid.

1425 1577 1574 1613 riositas
1593 1582 1718 1613 autem
1748 1577 1859 1614 etiam
1879 1579 1936 1614 his
1955 1580 2160 1625 contraria,
2181 1582 2348 1617 tentandi
2365 1593 2491 1627 causa,

1426 1642 1500 1666 non
1529 1630 1580 1666 ad
1605 1630 1838 1667 subeundam
1868 1631 2089 1678 molestiam,
2109 1633 2175 1669 sed
2193 1635 2412 1682 experiendi
2428 1647 2492 1672 no-

1423 1684 1624 1731 scendique
1650 1683 1853 1720 libidinem.

1479 1738 1538 1772 An
1568 1747 1759 1773 SECUNDUM
1789 1749 1973 1774 DiCENDuM
2002 1739 2107 1786 quod
2137 1739 2319 1788 inspectio
2350 1748 2494 1789 specta-

1426 1791 1600 1826 culorum
1615 1789 1753 1826 vitiosa
1770 1790 1939 1827 redditur
1954 1792 2178 1840 inquantum
2199 1805 2269 1841 per
2281 1794 2356 1830 hoc
2374 1795 2493 1831 homo

1425 1843 1468 1879 fit
1495 1855 1640 1891 pronus
1669 1843 1718 1879 ad
1745 1843 1836 1879 vitia
1864 1845 1926 1880 vel
1955 1844 2134 1881 lasciviae
2163 1847 2225 1882 vel
2254 1847 2493 1894 crudelitatis,

1426 1908 1494 1944 per
1522 1908 1569 1932 ea
1597 1908 1695 1944 quae
1725 1896 1774 1933 ibi
1804 1906 2144 1945 repraesentantur.
2180 1899 2291 1936 Unde
2326 1900 2493 1948 Chryso-

1425 1957 1573 1986 stomus
1610 1949 1698 1986 dicit
1721 1949 1741 1970 ‘¹‘
1774 1950 1879 1998 quod
1907 1951 2096 1988 adulteros
2124 1958 2160 1988 et
2193 1953 2462 1990 inverecundos
2481 1952 2494 1975 δ
2521 1960 2637 2008 hssssfffl·
2658 1959 2689 1981 V1
2708 1960 2732 1982 fn

1425 2003 1654 2039 constituunt
1680 2003 1770 2039 tales
1799 2004 2052 2052 inspectiones.
2601 2003 2634 2039 ’δ

1478 2058 1536 2092 AD
1573 2067 1734 2093 TERTmM
1773 2068 1957 2094 DicENDUM
1996 2058 2101 2106 quod
2141 2059 2360 2107 prospicere
2398 2061 2495 2097 facta

1425 2108 1587 2145 aliorum
1603 2114 1615 2130 ⁸
1637 2110 1740 2146 bono
1758 2110 1901 2155 animo,
1917 2112 1979 2147 vel
1999 2111 2048 2147 ad
2068 2111 2265 2148 utilitatem
2286 2113 2493 2161 propriam,
2623 2124 2633 2140 Ξ

1425 2169 1465 2198 ut
1493 2162 1634 2198 scilicet
1662 2163 1782 2199 homo
1813 2175 1857 2199 ex
1877 2163 1988 2200 bonis
2009 2164 2188 2212 operibus
2217 2166 2381 2213 proximi
2409 2179 2495 2215 pro—

1425 2224 1585 2252 vocetur
1613 2216 1661 2252 ad
1681 2216 1828 2261 melius,
1859 2217 1920 2253 vel
1950 2217 2061 2254 etiam
2092 2219 2140 2254 ad
2168 2218 2366 2256 utilitatem
2386 2219 2494 2265 illius,

1425 2275 1465 2304 ut
1493 2268 1633 2304 scilicet
1662 2271 1869 2317 corrigatur
1889 2270 1918 2306 si
1944 2270 2034 2317 quid
2064 2271 2112 2306 ab
2133 2283 2180 2307 eo
2201 2271 2322 2319 agitur
2340 2273 2494 2318 vitiose,

1425 2323 1639 2358 secundum
1661 2323 1830 2370 regulam
1853 2322 2014 2359 caritatis
2040 2331 2076 2359 et
2101 2324 2272 2360 debitum
2294 2326 2420 2372 officii,
2442 2335 2497 2363 est

1425 2374 1632 2411 laudabile:
1663 2376 1876 2412 secundum
1906 2376 1995 2413 illud
2022 2377 2123 2413 Heb.
2145 2377 2220 2414 x*:
2256 2379 2497 2416 Considerate
2523 2388 2535 2400 ⁸

1424 2439 1491 2464 vos
1511 2428 1670 2465 invicem
1691 2429 1727 2465 in
1745 2430 2055 2476 provocationem
2071 2431 2237 2467 caritatis
2256 2437 2292 2468 et
2309 2433 2494 2469 bonorum

1426 2493 1595 2529 operum.
1636 2483 1712 2519 Sed
1748 2483 1854 2530 quod
1889 2483 2022 2531 aliquis
2056 2483 2214 2520 intendit
2246 2485 2293 2522 ad
2324 2486 2495 2523 conside—

1425 2535 1545 2571 randa
1563 2535 1656 2572 vitia
1685 2536 1949 2584 proximorum
1970 2537 2017 2572 ad
2040 2536 2327 2585 despiciendum
2348 2540 2410 2575 vel
2432 2539 2495 2575 de-

1424 2589 1671 2647 trahendum,
1701 2589 1763 2625 vel
1792 2590 1925 2625 saltem
1955 2589 2131 2626 inutiliter
2160 2591 2494 2652 inquietandum-1,
2622 2596 2637 2625 ζ

1427 2649 1482 2677 est
1509 2641 1703 2678 vitiosum.
1739 2642 1850 2678 Unde
1880 2643 2013 2679 dicitur
2040 2644 2151 2679 Prov.
2178 2656 2262 2680 xxlv
2281 2644 2320 2680 *.
2350 2645 2413 2681 Νε
2441 2646 2494 2681 in-

2549 2388 2614 2410 Vers.
2630 2394 2666 2415 ²4·

2524 2654 2612 2676 ’Vei-s.
2628 2662 2655 2684 ¹5·

569 2749 621 2784 At
647 2758 736 2783 vero
767 2747 803 2783 in
833 2758 949 2796 agro,
979 2747 1012 2782 si
1038 2757 1128 2782 casu
1158 2751 1370 2828 transeam,
1398 2767 1400 2795 l
1426 2760 1547 2796 neque
1575 2754 1695 2785 vastes
1723 2749 1890 2796 requiem
1919 2749 2008 2785 eius.

355 2862 380 2895 β)
401 2863 427 2887 ἰη
446 2863 518 2887 circo
530 2862 607 2894 fit.-
626 2862 651 2886 in
671 2864 744 2886 certo
762 2861 798 2886 sit
817 2861 857 2885 ed.
876 2867 901 2889 a,
922 2860 990 2884 idem
1015 2861 1056 2884 vel
1077 2860 1178 2885 incerto
1197 2861 1233 2885 sit
1257 2861 1371 2885 ABDFH
1398 2870 1400 2895 j
1426 2863 1566 2887 adulteras
1585 2867 1612 2888 et
1630 2863 1714 2895 (vell)
1736 2863 1929 2888 inverecundas
1942 2863 1983 2893 lL,
1996 2863 2134 2888 adulteras
2153 2866 2179 2888 et
2198 2864 2360 2888 verecundas
2373 2865 2405 2893 H,
2418 2864 2496 2888 adul-

1398 2898 1401 2935 ᾗ
1426 2901 1518 2923 terans
1537 2902 1564 2923 et
1583 2899 1776 2923 inverecundus
1795 2900 1826 2928 Α,
1845 2899 1983 2923 adulteros
2002 2899 2194 2924 inverecundos
2214 2900 2259 2924 Pa.

301 2899 395 2932 KLpC.
414 2898 495 2923 icirco
513 2898 549 2922 sit
567 2897 585 2926 1.
605 2897 707 2922 incerto
724 2897 761 2929 fit
781 2897 841 2921 E.-
861 2896 910 2919 Pro
928 2897 964 2920 At
983 2903 1054 2925 vero,
1067 2897 1122 2919 Aut
1135 2902 1198 2920 vero
1217 2896 1371 2926 ABCEFIK,

300 2935 355 2959 Aut
373 2942 425 2959 non
440 2934 494 2963 DL,
513 2934 552 2958 Ac
571 2940 622 2957 non
644 2933 676 2957 H.

355 2970 382 3003 γ)
401 2970 556 2994 admoneas.
568 2982 587 2987 -
605 2966 731 2992 imoveas
750 2967 880 2998 BDHIpA,
894 2973 1019 2991 amoveas
1031 2966 1091 2991 KsC
1106 2971 1132 2990 et
1143 2974 1168 2995 a,
1184 2965 1313 2991 a‘movear
1327 2967 1372 2998 sA,

302 3004 429 3030 a‘moneas
447 3005 522 3035 EFL,
541 3007 632 3028 ιιηιοαε
650 3003 697 3035 pC.

356 3039 381 3072 ὃ)
400 3041 538 3065 adulteros
556 3043 581 3064 et
602 3038 801 3063 inverecundos.
815 3052 831 3056 -
850 3037 990 3062 adulteras
1005 3040 1031 3062 et
1047 3037 1239 3062 inverecundos
1257 3037 1374 3070 BEF'pK,

1398 2947 1401 3015 i

1399 3019 1401 3071 ι

1479 2934 1501 2964 ε)
1521 2934 1646 2959 aliorum.
1658 2948 1677 2953 —
1697 2935 1737 2959 vel
1755 2934 1890 2966 inquirere
1910 2935 2007 2959 addunt
2026 2934 2072 2959 Ρα.

1479 2968 1505 3000 ζ)
1526 2970 1737 3002 inquietandum.
1750 2983 1768 2988 ——
1787 2970 1974 3002 inquirendum
1994 2970 2092 2994 ABFK.

1480 3005 1506 3037 η)
1527 3005 1671 3030 insidieris.
1684 3019 1703 3024 —
1720 3005 1872 3030 consideres
1896 3006 1937 3030 ed.
1959 3012 1991 3034 a;
2017 3013 2063 3037 pro
2088 3005 2268 3037 iniquitatem,
2294 3005 2446 3036 inpietatem
2468 3006 2495 3031 P.

986 3121 1318 3153 Commentaria
1341 3119 1592 3152 C‘ardjnalis
1615 3119 1815 3151 Caietam

335 3212 355 3232 N
379 3202 511 3233 articulo
543 3204 684 3234 secundo
710 3203 853 3233 eiusdem
877 3200 1073 3242 quaestionis
1097 3200 1372 3230 centesimaesexa-
1399 3230 1401 3246 Ι

309 3214 644 3286 Igesimaeseptimae,
669 3247 804 3278 dubium
836 3245 987 3280 occurrit,
1013 3244 1167 3295 quoniam
1196 3243 1373 3274 diminutus
1399 3249 1401 3284 ξ
1427 3243 1598 3278 mantibus,
1623 3243 1747 3273 secluso
1771 3242 1883 3272 ordine
1906 3243 1945 3272 ad
1969 3242 2173 3272 intellectum.

305 3290 428 3320 videtur
459 3292 581 3320 Auctor
612 3291 691 3322 circa
725 3291 940 3321 curiositatem
975 3289 1139 3319 sensitivae
1163 3285 1400 3331 cognitionis:

305 3334 461 3375 quoniam
485 3334 602 3365 omittit
623 3335 752 3365 tertium
776 3334 951 3365 naturalem
976 3333 1082 3369 finem,
1101 3333 1227 3363 duobus
1249 3339 1373 3362 tantum
1398 3335 1400 3356 ὲ
1425 3331 1531 3361 videre
1555 3339 1687 3381 propter
1709 3331 1824 3366 videre,
1846 3338 1876 3360 et
1899 3331 2007 3360 audire
2032 3338 2066 3360 ut
2090 3330 2206 3366 audiat,
2231 3338 2302 3368 etc„
2325 3331 2405 3361 sicut
2428 3342 2493 3361 non

306 3378 508 3408 enumeratis.
530 3378 684 3409 Sensitiva
708 3389 845 3420 namque
870 3378 1009 3418 cognitio
1031 3388 1094 3407 non
1117 3378 1222 3407 solum
1239 3377 1278 3406 ad
1295 3377 1372 3412 duo,
1398 3376 1400 3404 l
1426 3383 1471 3405 est
1501 3375 1690 3405 curiositatis
1722 3375 1826 3405 videre
1857 3382 1887 3404 et
1917 3374 2025 3404 audire
2050 3382 2179 3415 propter
2213 3375 2409 3406 intellectum
2439 3383 2494 3406 aut

307 3423 390 3454 utin
406 3422 507 3452 littera
531 3422 653 3458 dicitur,
670 3423 786 3453 scilicet
800 3424 897 3454 vitam
915 3430 945 3453 et
961 3422 1175 3453 intellectum:
1202 3422 1256 3451 sed
1278 3421 1371 3451 etiam
1398 3416 1399 3449 l
1426 3419 1506 3450 vitae
1531 3420 1720 3449 commoda:
1746 3418 1903 3469 quoniam
1921 3419 1960 3449 ad
1980 3419 2156 3449 naturalem
2180 3418 2278 3449 finem
2297 3427 2386 3450 actus
2410 3420 2493 3450 ordi-

307 3467 346 3502 ad
370 3466 506 3505 seipsam
530 3466 562 3495 in
586 3466 715 3496 homine
739 3467 916 3503 ordinatur,
943 3467 1032 3507 quod
1056 3467 1088 3496 in
1112 3466 1214 3496 littera
1237 3476 1303 3495 non
1328 3465 1372 3494 di-

1428 3199 1506 3234 dire,
1532 3205 1589 3229 etc.
1626 3199 1666 3229 Et
1689 3199 1721 3228 in
1749 3199 1810 3228 hoc
1835 3198 1934 3228 horno
1963 3198 2084 3228 differre
2108 3198 2231 3228 videtur
2254 3209 2271 3228 a
2295 3198 2403 3228 ceteris
2428 3199 2494 3228 ani-

1482 3288 1522 3317 Et
1545 3287 1618 3316 hinc
1643 3287 1785 3327 sequitur
1801 3287 1834 3316 in
1850 3287 2017 3326 proposito
2042 3287 2130 3326 quod
2154 3296 2219 3316 non
2239 3293 2285 3316 est
2305 3287 2494 3317 curiositatis

1398 3479 1399 3506 3
1425 3471 1527 3499 natur,
1553 3464 1619 3494 sine
1642 3463 1747 3504 aliqua
1772 3463 1854 3493 mala
1878 3463 2122 3494 circumstantia.

307 3511 394 3541 citur.
421 3510 554 3540 Homini
578 3509 663 3539 enirn
685 3517 795 3540 natura
819 3511 904 3541 dedit
926 3511 1031 3541 videre
1055 3518 1184 3550 propter
1207 3510 1322 3545 videre,
1343 3516 1373 3539 et
1397 3527 1398 3545 ;

1482 3509 1518 3539 11.
1543 3509 1594 3538 Ad
1618 3508 1679 3538 hoc
1704 3508 1817 3538 dicitur
1840 3508 1939 3548 quod,
1960 3508 2041 3538 sicut
2063 3507 2152 3538 licuit
2175 3507 2346 3543 Aristoteli,
2363 3508 2395 3537 in
2412 3508 2491 3538 libro

306 3555 414 3586 audire
438 3561 567 3594 propter
598 3553 715 3584 audire.
752 3554 853 3584 Cuius
877 3554 1037 3585 infallibile
1062 3555 1189 3594 signum
1213 3561 1259 3584 est
1282 3554 1398 3596 quod
1425 3553 1464 3583 de
1487 3553 1589 3583 Sensu
1615 3557 1645 3582 et
1667 3552 1802 3582 Sensato
1817 3552 1843 3587 *‚
1869 3552 1956 3582 illam
1981 3552 2120 3582 hominis
2145 3552 2350 3582 olfactionem
2374 3562 2436 3592 qua
2460 3552 2491 3581 in
2519 3559 2594 3587 ·.Cap
2604 3566 2644 3581 v.-
2633 3560 2675 3583 -.s
2684 3560 2729 3583 Th.

307 3598 488 3629 naturaliter
516 3598 615 3628 homo
645 3598 816 3627 delectatur
845 3598 878 3627 in
907 3598 978 3638 ipso
1006 3599 1127 3634 videre,
1157 3599 1188 3628 in
1220 3599 1290 3638 ipso
1315 3608 1369 3628 au·
1396 3616 1398 3633 i
1425 3596 1542 3627 florum
1573 3597 1672 3627 odore
1703 3597 1875 3626 delectatur
1901 3596 1968 3626 sine
1998 3596 2063 3626 ulla
2093 3596 2132 3626 ad
2159 3603 2279 3627 tactum
2311 3603 2341 3626 et
2362 3603 2491 3636 gustum

2519 3586 2569 3607 lect.
2585 3592 2632 3607 nn
