2768 4198
55 477 110 503 Arg.
127 482 142 496 1.

30 531 38 538 “
54 531 104 551 Art.
121 535 135 549 ι.

26 1847 34 1855 ·
42 1845 78 1866 De
90 1829 234 1872 Temperant.

26 1892 34 1900 “
50 1890 84 1911 Cf.
101 1896 163 1911 num.
179 1895 206 1910 iv.

27 1931 35 1939 ⁸
52 1929 160 1950 Conclus.
176 1935 194 1957 5.

27 2778 34 2786 ·
49 2776 156 2798 Conclus.
172 2783 193 2802 4.

27 2804 46 2813 ⁸·
55 2803 87 2824 Ca
107 2809 150 2828 ,κῃ
162 2809 183 2824 n.
195 2804 236 2824 8.-

25 2830 48 2851 S.
64 2829 86 2851 Τ
104 2847 108 2850 .
124 2830 173 2851 lect.
187 2835 234 2850 xxi.

26 2950 34 2958 '
49 2948 82 2970 (λ’.
101 2954 162 2969 num.
179 2955 199 2968 v.

24 2995 32 3003 ⁴
50 2993 158 3014 Conclus.
174 2999 193 3020 5.

259 998 312 1034 -rit
341 997 446 1034 cibos
476 997 587 1034 nimis
617 1005 791 1034 accurate
821 1004 1087 1046 praeparatOS,
1118 997 1223 1046 quod
1253 1002 1338 1034 estY
1365 1012 1366 1015 ¹

278 296 347 332 172
910 281 1178 326 QUAEST1O
1209 279 1419 326 CXLVIII,
1448 281 1747 318 ARTICULUS
1778 281 1829 318 IV

270 362 411 399 tutibus
441 362 651 399 moralibus
672 373 751 397 non
772 360 1051 407 distinguuntur
1070 363 1087 379 α
1116 358 1262 406 species
1283 371 1339 395 se·
1367 363 1369 395 ἶ
1396 369 1506 394 mum
1536 367 1572 395 et
1600 359 1814 397 secundum
1843 360 1914 396 sub
1943 372 2034 406 uno,
2066 359 2196 396 dicens
2214 358 2234 380 *
2262 358 2367 406 quod
2402 370 2468 405 gu·
2497 373 2506 381 ·

271 415 441 453 cundum
458 415 627 452 diversas
644 412 953 450 circumstantias.
975 412 1079 459 Ergo
1096 423 1166 447 nec
1183 411 1220 447 in
1240 412 1338 458 gula.
1367 412 1369 443 ἰ
1394 410 1500 447 losus
1538 412 1684 450 excedit
1712 413 1751 449 in
1779 413 1864 450 cibo
1895 414 2109 450 secundum
2140 412 2239 461 quid,
2272 416 2467 460 quantum,

325 470 399 506 SED
425 480 571 505 CONTRA
601 479 667 504 EST
694 467 858 503 verbum
888 465 1060 512 Gregorii
1089 463 1287 501 inductum
1307 464 1338 500 ³¹⁸.
1366 480 1368 510 j
1395 465 1582 511 quomodo
1612 472 1647 501 et
1674 466 1837 514 quande.

323 523 551 559 RespoNnsso
580 531 765 557 mmmmm
794 518 912 565 quod,
935 517 1031 554 sicut
1060 517 1203 554 dictum
1233 525 1289 553 est
1307 516 1338 564 *,
1367 512 1368 556 ἕ
1448 517 1508 552 An
1533 528 1670 554 Panium
1702 530 1802 555 ERGO
1831 530 2017 556 mei-:unum
2051 519 2155 568 quod
2191 518 2384 567 corruptio
2412 517 2467 555 di-

269 576 355 623 gula
397 575 576 623 importat
617 572 870 609 inordinatam
915 569 1262 618 concupiscentiam
1304 582 1339 606 e-
1394 580 1593 606 versatum
1624 569 1992 609 circumstantiarum
2012 572 2100 609 facit
2126 572 2296 609 diversas
2321 571 2467 620 species

270 628 395 665 dendi.
426 629 467 664 In
501 639 567 663 esu
596 633 723 662 autem
754 624 832 661 duo
859 623 1167 660 considerantur:
1202 623 1340 660 scilicet
1366 641 1367 644 ¹
1394 621 1503 668 gulae
1532 630 1691 670 propter
1719 623 1872 660 diversa
1899 624 2068 672 motiva,
2098 637 2144 662 ex
2172 625 2310 673 quibus
2339 637 2466 662 mora-

269 681 349 730 ipse
379 680 484 716 cibus
512 679 576 727 qui
602 678 826 723 comeditur,
850 685 885 713 et
914 676 995 713 eius
1024 676 1220 714 comestio.
1251 677 1339 713 Pot-
1366 687 1367 707 1
1394 673 1488 711 lium
1517 675 1665 723 species
1698 676 2015 714 diversificantur.
2052 679 2095 715 In
2132 690 2179 715 eo
2219 678 2323 715 enim
2361 678 2427 727 qui
2454 683 2465 698 Ε

270 741 324 770 est
361 745 450 780 ergo
480 730 707 769 inordinatio
738 729 1070 778 concupiscentiae
1099 730 1240 767 attendi
1271 729 1339 766 du·
1366 728 1367 771 Ῐ
1395 727 1541 775 quaerit
1567 728 1692 765 lautos
1721 729 1844 776 cibos,
1874 731 2055 768 excitatur
2083 730 2466 780 concupiscentia⁹ex

267 786 423 835 pliciter.
454 786 540 822 Uno
571 784 727 833 quidem
757 783 891 830 modo,
923 791 1107 832 quantum
1139 783 1187 820 ad
1212 783 1338 835 ipsum
1366 786 1367 823 j
1394 779 1476 829 ipsa
1514 781 1641 829 specie
1681 781 1775 828 cibi;
1813 782 1851 819 in
1891 795 1937 819 eo
1973 795 2068 820 vero
2107 784 2171 833 qui
2209 791 2467 833 praeoccupat

269 840 395 876 cibum
426 838 490 886 qui
511 837 684 874 sumitur.
716 838 765 874 Et
792 837 856 884 sic,
888 844 1074 886 quantum
1097 836 1146 873 ad
1166 837 1339 873 substan·
1393 840 1567 883 temPUS,
1597 835 1844 872 deordinatur
1873 836 2180 885 concupiscentia
2212 845 2369 887 propter
2397 838 2466 874 im-

267 892 356 928 tiam
378 892 439 927 vel
467 891 635 940 speciem
664 890 736 927 cibi
753 888 779 937 β,
800 890 950 938 quaerit
974 890 1108 939 aliquis
1129 890 1234 927 cibos
1259 890 1338 926 lau·
1393 886 1615 935 patientiam
1645 900 1798 933 morae3
1829 896 1866 925 et
1895 888 1997 926 idem
2026 897 2130 938 patet
2156 890 2195 927 in
2223 890 2316 928 aliis.

267 951 333 990 tos,
355 944 450 981 idest
468 944 674 993 pretiosos;
697 952 884 992 quantum
905 943 954 981 ad
973 943 1207 992 qualitatem,
1223 955 1340 992 quae·
1365 940 1366 963 :
1445 942 1506 977 AD
1527 952 1719 978 SECUNDUM
1739 953 1924 979 DtCENDUM
1954 943 2059 991 quod
2087 942 2126 979 in
2149 944 2235 979 loco
2265 951 2301 980 et
2319 944 2358 980 in
2386 943 2465 980 aliis

1365 1027 1366 1042 ¹
1394 993 1685 1031 circumstantiis
1715 1007 1794 1032 non
1822 995 2012 1032 invenitur
2040 995 2141 1032 aliud
2171 996 2350 1034 differens
2383 1008 2466 1033 mo-

265 1051 443 1095 studiose;
472 1058 659 1099 quantum
680 1058 810 1087 autem
831 1050 880 1088 ad
904 1050 1168 1099 quantitatem,
1192 1050 1340 1088 excedit
1365 1045 1367 1086 ἒ
1393 1046 1516 1083 tivum
1545 1047 1738 1096 pertinens
1759 1048 1808 1086 ad
1836 1061 1949 1086 usum
1981 1048 2067 1097 cibi,
2087 1050 2192 1098 quod
2213 1049 2324 1086 faciat
2351 1049 2465 1087 aliam

266 1104 303 1141 in
332 1105 443 1141 nimis
472 1104 635 1142 edendo.
666 1125 690 1133 —
719 1104 805 1141 Alio
834 1116 930 1141 vero
958 1105 1078 1141 modo
1103 1103 1307 1141 attenditur
1325 1102 1338 1126 δ
1364 1096 1367 1154 Ι
1394 1100 1563 1149 speciem
1592 1101 1715 1149 gulae.

266 1157 494 1195 inordinatio
533 1157 864 1207 concupiscentiae
902 1165 1089 1205 quantum
1128 1158 1178 1194 ad
1214 1157 1338 1206 ipsam
1365 1160 1366 1205 l
1447 1156 1506 1191 AD
1535 1166 1697 1191 TERTmM
1726 1167 1911 1193 DICENDUM
1944 1155 2051 1204 quod
2083 1155 2121 1192 in
2157 1155 2465 1204 quibuscumque

266 1211 527 1260 sumptionem
558 1211 649 1248 cibi:
679 1212 741 1248 vel
763 1211 853 1260 quia
873 1211 1073 1260 praevenit
1101 1218 1253 1260 tempus
1274 1212 1338 1248 de-
1364 1210 1366 1257 l
1393 1206 1475 1243 aliis
1503 1207 1602 1244 vitiis
1623 1208 1797 1246 diversae
1817 1208 2121 1246 circumstantiae
2149 1209 2292 1246 habent
2316 1207 2466 1246 diversa

2533 371 2636 394 sentent.
2644 390 2649 396 .
2680 374 2708 395 al.

2495 398 2531 419 De
2534 398 2628 421 Summo
2634 397 2708 426 Bono,

2496 425 2535 446 lib.
2554 425 2582 451 ΙΙ,
2594 431 2644 453 cap.
2655 432 2708 448 xm.

266 1264 388 1302 bitum
411 1265 652 1311 comedendi,
670 1266 774 1313 quod
796 1273 851 1301 est
863 1274 1146 1314 praepropere;
1164 1265 1227 1302 vel
1249 1264 1339 1313 quia
1365 1265 1366 1317 l
1392 1259 1550 1308 motiva,
1582 1269 1734 1310 oportet
1760 1262 1880 1311 accipi
1909 1262 2080 1299 diversas
2108 1262 2254 1311 species
2281 1261 2465 1299 vitiorum
2491 1276 2493 1279 ¹

266 1330 344 1355 non
387 1326 514 1355 servat
548 1318 711 1356 modum
749 1318 920 1355 debitum
957 1318 995 1355 in
1029 1317 1202 1366 edendo,
1233 1319 1339 1368 quod
1365 1325 1366 1367 i
1393 1314 1608 1351 secundum
1639 1315 1810 1352 diversas
1840 1315 2151 1353 circumstantias.
2183 1315 2260 1353 Sed
2282 1315 2358 1352 hoc
2386 1327 2465 1353 non

266 1379 322 1408 est
346 1373 534 1409 ardenter.
564 1393 587 1400 -
618 1372 786 1409 Isidorus
813 1384 910 1409 vero
940 1371 1232 1421 comprehendit
1263 1372 1338 1421 pri·
1364 1384 1367 1419 i
1394 1367 1576 1416 contingit
1603 1367 1642 1405 in
1671 1369 1865 1416 omnibUS,
1894 1376 1936 1406 ut
1964 1368 2107 1407 dictum
2136 1376 2192 1406 est
2210 1368 2241 1406 ²¹².

319 1505 346 1538 α)
366 1505 580 1538 distinguuntur.
591 1518 610 1525 —
629 1505 800 1538 distinguunt
819 1504 956 1537 BEFLpC.
1360 1505 1363 1532 l
1444 1505 1468 1539 ὃ)
1488 1507 1648 1532 attenditur.
1659 1521 1679 1527 —
1697 1508 1849 1533 ostenditur
1866 1508 2074 1534 ABCDEFHIK.

320 1539 344 1574 β)
363 1541 422 1566 cibi.
436 1554 455 1559 -
473 1541 523 1565 sibi
541 1541 594 1565 PA.
1444 1543 1466 1575 ε)
1486 1542 1540 1575 qui.
1553 1557 1572 1562 —
1589 1543 1662 1576 quod
1681 1543 1738 1572 Ga,·
1755 1543 1790 1568 ita
1809 1544 1892 1569 altero
1910 1544 1970 1569 loco
1989 1544 2062 1569 PGa.

318 1578 345 1610 γ)
364 1577 437 1609 quod
455 1579 502 1601 est.
515 1589 535 1596 —
553 1576 623 1601 idest
641 1577 713 1601 PGa.

946 1661 1283 1694 commentaria.
1305 1662 1560 1696 Cardinalis
1581 1663 1785 1698 Caietam

295 1763 314 1783 N
339 1752 472 1783 articulo
496 1759 610 1793 quarto
632 1751 775 1782 eiusdem
796 1751 1336 1792 centesimaequadragesimaeocta-
1360 1785 1363 1796 Υ,
1388 1752 1474 1789 liter,
1501 1759 1536 1784 ut
1560 1763 1668 1785 carnes
1691 1755 1868 1792 humanae;
1897 1756 1947 1786 vel
1970 1765 2030 1796 pro
2054 1763 2216 1797 tempore,
2241 1763 2277 1788 ut
2299 1766 2408 1788 carnes
2430 1757 2463 1788 in

267 1763 351 1827 Ivae
375 1796 570 1837 quaestionis
595 1796 691 1826 dubia
715 1796 815 1826 multa
840 1805 876 1826 ex
900 1795 1054 1832 Martino,
1079 1795 1111 1825 in
1136 1796 1251 1826 eodem
1275 1803 1337 1827 tra·
1361 1798 1362 1801 ’
1389 1797 1659 1838 quadragesima.'

265 1847 348 1871 ctatu
360 1840 387 1877 *,
405 1840 437 1870 in
450 1850 504 1881 qu.
523 1850 531 1869 1
554 1839 592 1870 de
610 1839 703 1876 Gula,
717 1846 900 1870 occurrunt.
927 1839 1071 1870 Primum
1091 1846 1138 1870 est
1153 1839 1233 1871 circa
1250 1840 1336 1870 suffi-
1360 1863 1362 1877 ,
1450 1842 1591 1872 Tertium
1624 1849 1671 1873 est
1700 1843 1791 1884 quod
1814 1853 1878 1874 una
1902 1843 2022 1884 species
2045 1845 2138 1884 gulae
2166 1845 2338 1876 attenditur
2361 1854 2464 1887 penes

265 1885 410 1916 cientiam
427 1885 570 1925 quinque
587 1884 764 1924 specierum
781 1883 873 1924 gulae
895 1883 1125 1924 assignatarum
1141 1884 1174 1915 in
1190 1885 1291 1915 littera
1306 1884 1333 1915 ⁸¹.
1388 1885 1576 1925 qualitatem
1601 1886 1680 1924 cibi,
1705 1887 1781 1918 dum
1810 1888 2082 1928 concupiscuntur
2109 1889 2170 1919 cibi
2192 1894 2345 1921 accurate
2360 1899 2462 1931 prae-

264 1929 377 1969 Arguit
400 1929 558 1970 siquidem
587 1927 701 1959 directe
725 1935 851 1965 contra,
877 1928 1039 1969 tripliciter
1060 1928 1087 1959 *.
1113 1929 1238 1967 Primo,
1259 1929 1335 1970 quia
1382 1931 1508 1969 parati,
1528 1931 1614 1971 quod
1629 1931 1783 1971 importat
1798 1931 1836 1972 ζν
1850 1931 2002 1963 studiose.
2029 1931 2160 1963 Contra.
2181 1933 2254 1964 Hoc
2269 1934 2463 1971 membrum,

262 1980 355 2004 utens
379 1973 450 2004 cibo
475 1972 647 2013 prohibito,
671 1980 748 2013 puta
773 1973 918 2003 carnibus
942 1973 975 2003 in
999 1973 1050 2003 die
1066 1973 1208 2010 Veneris,
1226 1981 1335 2014 peccat
1360 1970 1362 1995 i
1388 1973 1516 2011 scilicet,
1541 1979 1697 2016 quantum
1714 1975 1758 2006 ad
1775 1975 1975 2016 qualitatem,
1993 1983 2040 2007 est
2061 1975 2226 2008 divisibile.
2250 1994 2272 2001 —
2294 1978 2462 2010 Probatur.

263 2025 394 2059 peccato
417 2018 520 2058 gulae.
552 2017 593 2048 Et
616 2024 722 2048 tamen
754 2018 933 2048 secundum
958 2018 1081 2048 nullam
1105 2018 1238 2049 istarum
1269 2028 1337 2059 spe-
1388 2018 1473 2056 Quia
1488 2019 1539 2050 vel
1559 2019 1695 2060 qualitas
1719 2026 1766 2051 est
1797 2019 1926 2051 nociva:
1951 2020 2002 2051 vel
2025 2021 2120 2052 nimis
2145 2027 2290 2053 accurate
2313 2028 2464 2062 procura-

263 2062 392 2093 cierum.
418 2062 513 2103 Ergo.
538 2079 560 2085 -
583 2061 690 2092 Minor
713 2063 867 2102 probatur
889 2061 1061 2093 inductive.
1388 2070 1440 2094 tur
1464 2070 1500 2094 ut
1522 2063 1597 2095 insit
1621 2063 1692 2095 cibo
1716 2064 1851 2106 qualitas
1875 2065 2044 2096 delectans.

318 2107 475 2138 Secundo.
507 2106 690 2138 Comedens
718 2107 836 2147 pluries
866 2116 965 2147 quam
989 2107 1101 2144 debet,
1126 2113 1203 2147 puta
1226 2106 1259 2137 in
1284 2106 1334 2138 die
1448 2107 1610 2145 Quartum
1628 2116 1674 2140 est
1696 2109 1786 2150 quod
1810 2109 2003 2140 inordinatio
2020 2119 2057 2140 ex
2072 2116 2160 2150 parte
2181 2110 2374 2151 sumptionis
2391 2120 2464 2142 con·

262 2151 382 2187 ieiunii,
407 2152 457 2182 vel
481 2161 578 2192 quam
603 2151 776 2182 honestum
800 2151 848 2187 sit,
875 2157 984 2191 peccat
1007 2158 1137 2192 peccato
1161 2152 1264 2192 gulae.
1293 2152 1334 2183 Et
1387 2151 1481 2192 tingit
1497 2152 1674 2193 dupliciter,
1692 2153 1809 2184 scilicet
1828 2163 1864 2185 ex
1881 2160 1969 2194 parte
1985 2154 2151 2195 temporis,
2166 2154 2218 2185 vel
2234 2154 2334 2187 modi.
2361 2155 2464 2193 Quin-

263 2203 369 2226 tamen
390 2196 476 2226 nulla
501 2195 657 2226 dictarum
673 2196 860 2235 specierum.
885 2195 982 2236 Ergo.
1006 2213 1027 2219 -
1052 2195 1158 2226 Minor
1181 2197 1335 2236 probatur
1360 2215 1362 2222 ι
1387 2201 1455 2227 tum
1481 2203 1528 2228 est
1550 2197 1638 2238 quod
1664 2208 1700 2228 ex
1724 2204 1811 2238 parte
1835 2198 1924 2229 modi
1949 2198 2119 2240 exponitur
2141 2199 2304 2231 ardenter.
2330 2217 2348 2223 -
2373 2199 2463 2232 Con-

263 2240 433 2271 inductive.
1387 2247 1444 2272 tra.
1469 2241 1566 2278 Haec,
1592 2242 1706 2283 inquit,
1732 2242 1845 2273 divisio
1869 2253 1936 2273 non
1960 2250 2007 2274 est
2030 2242 2206 2274 sufficiens:
2231 2244 2307 2286 quia
2330 2254 2396 2276 non
2413 2253 2464 2276 so-

323 2285 440 2316 Tertio.
474 2284 611 2315 Sumens
639 2284 747 2314 cibum
778 2284 974 2315 contrarium
1000 2285 1103 2315 bonae
1132 2284 1335 2325 dispositioni
1388 2286 1457 2315 lum
1487 2285 1549 2316 illis
1578 2286 1706 2317 duobus
1734 2286 1840 2317 modis
1867 2286 1904 2318 fit
1930 2287 2110 2319 inordinata
2140 2288 2300 2329 sumptim
2330 2295 2361 2320 et
2387 2289 2464 2331 quia

264 2329 386 2359 animae
411 2329 460 2359 vel
476 2328 628 2369 corporis,
653 2335 762 2369 peccat
785 2336 916 2369 peccato
931 2329 1034 2370 gulae.
1060 2329 1101 2359 Et
1123 2335 1229 2359 tamen
1247 2329 1335 2360 nulla
1360 2333 1362 2376 j
1388 2330 1566 2361 secundum
1582 2331 1775 2367 membrum,
1799 2331 1918 2362 scilicet
1940 2341 1977 2362 ex
2000 2339 2088 2372 parte
2113 2331 2212 2370 modi,
2233 2339 2280 2364 est
2295 2333 2461 2366 divisibile.

263 2373 420 2404 dictarum
443 2373 630 2413 specierum.
656 2373 752 2413 Ergo.
777 2390 795 2396 -
819 2373 926 2404 Minor
948 2379 1034 2414 patet
1056 2373 1226 2405 inductive.
1387 2374 1544 2405 Probatur
1572 2375 1830 2416 quadrupliciter.
1860 2375 1983 2412 Primo,
2008 2376 2083 2417 quia
2111 2376 2255 2417 sumptio
2284 2377 2463 2410 inordinata

318 2417 441 2449 Deinde
465 2416 570 2448 firmat
593 2427 684 2448 suam
701 2417 900 2458 opinionem,
925 2425 956 2449 et
975 2417 1078 2458 arguit
1099 2423 1227 2459 quarm.
1252 2417 1335 2449 Gula
1360 2447 1362 2459 ς
1388 2425 1435 2449 est
1450 2418 1612 2450 interdum
1635 2420 1710 2461 quia
1734 2419 1931 2461 frequentior
1946 2427 1993 2452 est
2011 2430 2111 2462 quam
2125 2428 2268 2462 oportet:
2290 2428 2326 2453 ut
2344 2422 2370 2452 si
2389 2422 2463 2464 quis

265 2461 413 2492 dividitur
442 2461 474 2492 in
503 2461 561 2492 tria
591 2471 718 2502 genera:
751 2462 868 2493 scilicet
898 2461 930 2492 in
959 2462 1250 2503 concupiscentiam
1274 2462 1334 2493 cibi
1360 2461 1362 2485 i
1387 2463 1455 2498 sine
1480 2473 1574 2494 causa
1598 2464 1700 2495 decies
1723 2463 1757 2495 in
1780 2464 1830 2495 die
1853 2463 2020 2496 reficiatur.
2043 2482 2064 2489 -
2089 2465 2248 2497 Secundo.
2280 2466 2461 2504 Interdum,

264 2513 372 2537 contra
396 2506 515 2537 bonam
540 2506 759 2537 habitudinem
780 2506 923 2547 corporis
937 2507 987 2537 vel
1004 2506 1145 2543 animae;
1171 2514 1201 2537 et
1217 2516 1333 2537 concu-
1360 2514 1361 2517 ’
1388 2507 1463 2549 quia
1493 2507 1529 2539 fit
1553 2518 1627 2539 cum
1652 2515 1699 2539 est
1721 2508 1896 2550 prohibita:
1930 2516 1966 2540 ut
1989 2509 2014 2540 si
2038 2509 2110 2551 quis
2141 2509 2174 2540 in
2202 2510 2254 2541 die
2276 2510 2386 2542 ieiunii
2414 2510 2462 2542 bis

263 2550 448 2590 piscentiam
469 2550 529 2581 cibi
554 2558 663 2581 contra
678 2551 887 2587 honestatem,
912 2558 989 2591 puta
1013 2551 1089 2592 quia
1112 2558 1222 2582 contra
1245 2561 1334 2592 prae·
1360 2586 1361 2596 η
1387 2551 1575 2584 reficeretur.
1598 2571 1619 2576 —
1643 2552 1763 2584 Tertio.
1790 2553 1964 2590 Interdum,
1981 2553 2057 2595 quia
2075 2553 2150 2585 loco
2169 2554 2349 2595 prohibito:
2374 2562 2411 2587 ut
2427 2555 2462 2587 in

264 2602 403 2636 ceptum,
427 2595 476 2625 vel
496 2594 625 2626 rationis
648 2595 813 2631 iudicium,
839 2603 969 2636 propter
989 2595 1264 2632 consuetudinem,
1287 2596 1334 2626 10-
1360 2602 1361 2608 ¹
1387 2596 1527 2628 ecclesia.
1552 2614 1571 2620 -
1595 2598 1730 2635 Quarto.
1755 2598 1929 2635 Interdum,
1954 2598 2030 2639 quia
2054 2605 2184 2639 propter
2206 2598 2305 2630 finem
2320 2600 2460 2631 malum:

265 2649 339 2670 cum
362 2639 411 2670 vel
436 2646 579 2679 tempus;
612 2646 642 2670 et
670 2639 702 2670 in
732 2640 1023 2680 concupiscentiam
1052 2640 1112 2671 cibi
1141 2650 1237 2680 supra
1261 2641 1333 2671 sub·
1359 2641 1361 2659 ¹
1387 2648 1465 2681 puta
1488 2641 1640 2672 luxuriae.

263 2683 410 2715 stantiam
434 2684 483 2714 vel
506 2691 634 2714 statum.
658 2684 700 2714 Et
722 2685 781 2715 sub
799 2684 848 2715 his
872 2685 1075 2716 continentur
1099 2685 1202 2716 multo
1227 2685 1334 2725 plures
1359 2688 1361 2693 '
1443 2686 1577 2717 Sextum
1602 2693 1650 2717 est
1678 2687 1767 2727 quod
1791 2696 1855 2717 una
1879 2686 1999 2727 species
2027 2696 2064 2717 ex
2087 2694 2176 2727 parte
2200 2688 2394 2728 sumptionis
2416 2695 2460 2720 at-

263 2728 382 2768 species
406 2738 504 2769 quarn
527 2728 603 2759 istae
627 2728 780 2770 quinque.
806 2729 902 2769 Ergo.
927 2747 946 2751 -
970 2729 1011 2759 Et
1034 2736 1236 2770 assumptum
1261 2739 1333 2769 pro·
1359 2753 1360 2766 ἢ
1386 2730 1527 2761 tenditur
1550 2730 1728 2762 secundum
1744 2737 1882 2771 tempus,
1898 2731 1988 2772 quod
2003 2731 2155 2772 importat
2177 2732 2210 2773 ly
2227 2742 2460 2774 praepropere.

263 2773 385 2803 batur*
408 2783 444 2802 ex
469 2772 508 2802 111
524 2772 627 2803 Ethic.
644 2773 687 2809 **,
713 2773 767 2803 ubi
792 2773 977 2804 Aristoteles
1002 2773 1078 2804 haec
1102 2773 1159 2804 tria
1184 2773 1287 2814 ponit.
1359 2790 1360 2806 ι
1388 2774 1519 2806 Contra.
1545 2775 1617 2806 Hoc
1634 2774 1728 2806 etiam
1753 2775 1935 2806 membrum
1950 2783 1997 2806 est
2013 2775 2176 2807 divisibile.
2202 2776 2286 2808 Nam
2310 2787 2461 2817 praeven-

320 2817 356 2847 Il.
381 2816 524 2847 Dubium
549 2817 661 2847 deinde
685 2824 731 2849 est
755 2817 836 2848 circa
859 2817 1015 2848 rationem
1033 2817 1237 2848 sufficientiae
1260 2818 1334 2849 ista·
1358 2814 1361 2840 ἶ
1387 2819 1433 2850 tio
1458 2819 1611 2860 temporis
1634 2819 1795 2851 interdum
1819 2827 1866 2851 est
1896 2830 1952 2861 per
1975 2820 2250 2862 comparationem
2273 2821 2461 2862 adexigen-

263 2871 334 2891 rum
358 2861 501 2902 quinque
525 2861 701 2902 specierum
726 2862 918 2902 assignatam
936 2862 968 2892 in
988 2862 1100 2899 littera,
1118 2862 1236 2894 scilicet
1258 2863 1334 2904 quia
1358 2872 1360 2888 ὲ
1387 2863 1465 2894 tiam
1482 2871 1629 2895 naturae:
1651 2871 1687 2895 ut
1702 2874 1778 2895 cum
1793 2874 1889 2905 super
1903 2864 2062 2904 indigesto
2079 2865 2267 2897 comeditur:
2285 2865 2459 2904 Interdum,

263 2905 448 2936 inordinata
472 2907 726 2946 concupiscentia
750 2912 856 2946 potest
879 2907 1002 2938 attendi
1024 2912 1083 2938 aut
1104 2917 1206 2947 penes
1229 2908 1331 2947 ipsum
1387 2918 1444 2949 per
1466 2908 1740 2949 comparationem
1764 2909 1804 2939 ad
1827 2916 2034 2950 praeceptum
2049 2909 2100 2940 vel
2118 2909 2312 2941 laudabilem
2329 2920 2460 2942 consue-

262 2950 377 2987 cibum,
399 2955 458 2980 aut
475 2959 576 2990 penes
599 2951 667 2980 eius
682 2952 905 2991 sumptionem,
929 2958 986 2982 etc.
1004 2951 1021 2970 '⁸‘
1044 2951 1158 2992 Arguit
1173 2951 1333 2992 siquidem
1358 2968 1360 2980 s
1386 2952 1550 2984 tudinem:
1585 2960 1619 2984 ut
1642 2953 1667 2984 si
1692 2953 1764 2994 quis
1791 2953 1823 2983 in
1848 2953 1899 2984 die
1922 2953 2031 2984 ieiunii
2057 2953 2236 2985 notabiliter
2265 2954 2461 2995 praeveniret

262 2994 426 3031 Martinus,
441 2993 559 3025 ibidem
571 2994 597 3030 *,
615 3001 725 3025 contra
749 3005 801 3025 sex
825 2995 908 3026 dicta
924 2995 1073 3027 Auctoris
1096 2995 1129 3026 in
1146 2995 1204 3027 hac
1219 2996 1331 3027 littera.
1386 2998 1500 3028 horam
1517 2997 1659 3038 prandii;
1684 3005 1750 3034 aut,
1766 2998 1991 3036 celebraturus,
2008 2997 2096 3040 prius
2113 2998 2308 3036 comederem
2331 3005 2388 3030 aut
2402 3009 2458 3030 an-

262 3039 404 3069 Primum
430 3046 475 3069 est
499 3038 568 3079 ipsa
592 3038 763 3075 distinctio,
789 3049 862 3070 cum
887 3039 1001 3071 dicitur
1026 3040 1115 3082 quod
1139 3040 1332 3071 inordinatio
1386 3049 1517 3083 tequam
1542 3040 1687 3074 divinum
1711 3040 1854 3073 officium
1878 3042 2015 3074 dixisset.
2039 3041 2081 3074 Et
2104 3043 2194 3084 quod
2215 3042 2294 3074 haec
2317 3049 2348 3074 et
2370 3053 2459 3085 prae-

262 3082 535 3124 concupiscentiae
553 3083 724 3114 attenditur
740 3090 795 3114 aut
813 3094 910 3124 penes
927 3084 1044 3121 cibum,
1062 3091 1117 3115 aut
1132 3094 1230 3126 penes
1246 3095 1332 3116 sum·
1387 3086 1469 3117 dicta
1500 3086 1562 3117 sint
1590 3086 1786 3118 diversarum
1810 3086 1988 3127 specierum
2018 3092 2105 3128 patet
2133 3096 2171 3117 ex
2193 3086 2256 3118 hoc
2285 3086 2361 3128 quia
2384 3095 2460 3119 sunt

262 3127 405 3167 ptionem
430 3127 500 3158 cibi.
526 3126 656 3163 Contra,
680 3127 799 3169 inquit:
831 3128 1022 3159 divisionem
1049 3129 1195 3166 admitto,
1220 3139 1332 3171 quam·
1386 3130 1585 3162 diversorum
1607 3139 1778 3172 generum:
1813 3141 1888 3162 nam
1919 3130 2022 3172 prima
2045 3130 2229 3171 praeventio
2260 3131 2397 3173 pertinet
2418 3133 2459 3164 ad

263 3172 318 3207 vis,
343 3172 519 3202 secundum
544 3171 682 3212 rigorem
705 3173 872 3208 sermonis,
897 3183 994 3204 omne
1019 3173 1132 3204 vitium
1149 3174 1243 3213 gulae
1257 3183 1331 3214 pro·
1386 3175 1528 3216 primum
1551 3185 1652 3215 genus
1666 3175 1693 3212 ¹⁸²,
1718 3175 1838 3207 scilicet
1859 3182 1970 3207 comi-a
1993 3175 2118 3206 bonum
2135 3175 2261 3206 animae
2275 3175 2326 3206 vel
2343 3186 2458 3218 corpo—

262 3216 366 3247 veniat
389 3226 426 3246 ex
449 3223 536 3256 parte
567 3216 770 3256 sumptionis.
805 3217 891 3255 Quia
913 3224 1213 3259 quantumcumque
1243 3218 1333 3250 cibus
1385 3220 1444 3256 ris;
1467 3219 1607 3251 secunda
1629 3220 1670 3251 ad
1693 3220 1883 3256 secundum.
1906 3219 2024 3253 unitim
2047 3226 2157 3251 contra
2181 3219 2392 3253 honestatem.
2416 3221 2459 3254 Et

263 3267 343 3290 esset
366 3270 501 3300 magnus
524 3260 574 3291 vel
604 3261 765 3298 delicatus,
791 3261 816 3292 si
840 3272 906 3292 non
937 3269 1131 3299 sumeretur,
1157 3273 1222 3294 non
1251 3271 1331 3295 esset
1385 3264 1430 3296 sic
1453 3263 1544 3296 facile
1568 3271 1616 3296 est
1642 3263 1675 3295 in
1698 3274 1794 3305 supra
1817 3263 1906 3296 dictis
1936 3263 2075 3304 aspicere
2103 3263 2340 3297 distinctionem
2362 3275 2458 3308 gene-

263 3303 354 3344 gulae
378 3304 491 3335 vitium
515 3304 636 3336 ratione
661 3305 720 3336 cibi
745 3313 920 3337 causatum.
1385 3308 1484 3340 ricam
1507 3307 1593 3340 iuxta
1616 3307 1674 3339 tria
1696 3318 1811 3349 genera
1839 3307 1932 3349 gulae
1963 3317 2058 3348 supra
2074 3308 2091 3326 *
2114 3308 2196 3340 dicta
2223 3319 2261 3340 ex
2287 3309 2458 3343 Aristotele

319 3347 499 3380 Secundum
524 3356 571 3380 est
593 3350 682 3390 quod
698 3359 763 3381 una
779 3350 898 3391 species
915 3350 1086 3382 attenditur
1111 3361 1207 3392 penes
1223 3351 1331 3382 cibum
1386 3352 1427 3383 111
1444 3352 1570 3384 Ertaia.-
1596 3366 1610 3381 ‹
1629 3361 1728 3394 quem
1745 3365 1773 3389 »,
1797 3351 1902 3393 inquit
1917 3351 2082 3389 Martinus,
2110 3366 2125 3381 ι
2144 3363 2262 3395 sequor
2280 3362 2315 3391 »;
2340 3360 2371 3385 et
2394 3353 2458 3386 dis*

263 3397 416 3432 quantum
441 3393 484 3423 ad
505 3393 714 3425 substantiam
738 3404 794 3426 seu
818 3395 952 3436 speciem
975 3395 1053 3433 cibi,
1077 3399 1107 3426 et
1130 3395 1176 3427 sic
1205 3397 1331 3437 quaerit
1386 3406 1512 3438 crepare
1533 3396 1659 3427 videtur
1682 3405 1699 3426 a
1723 3403 1772 3427 tot
1790 3395 1988 3427 Ductoribus
2012 3396 2116 3428 sacris.

263 3436 348 3466 cibos
371 3437 493 3474 lautos,
518 3438 577 3468 hoc
600 3443 646 3469 est
668 3440 838 3478 pretiosos.
870 3439 1000 3470 Contra.
1030 3439 1102 3470 Hoc
1131 3441 1330 3477 membrum,
1443 3441 1495 3472 III.
1519 3440 1664 3471 Dubium
1685 3440 1779 3471 tertio
1803 3439 2016 3481 principaliter
2039 3447 2085 3472 est
2108 3441 2188 3473 circa
2212 3442 2389 3474 doctrinam
2409 3441 2457 3475 lit-

264 3480 391 3516 scilicet,
414 3486 568 3521 quantum
593 3482 636 3512 ad
654 3483 876 3520 substantiam,
902 3491 948 3514 est
972 3483 1135 3515 divisibile.
1161 3484 1201 3515 Et
1225 3491 1331 3516 tamen
1385 3491 1468 3516 terte
1491 3484 1524 3514 in
1547 3484 1610 3515 hoc
1632 3484 1722 3525 quod
1745 3484 1869 3521 dicitur,
1894 3485 2014 3525 species
2037 3485 2156 3518 scilicet
2176 3486 2272 3527 gulae
2293 3486 2394 3528 accipi
2402 3495 2456 3519 ne—

264 3532 417 3566 tanquam
433 3524 620 3555 indivisibile
637 3526 776 3566 ponitur.
797 3527 894 3566 Ergo.
914 3545 934 3551 -
954 3528 1153 3560 Antecedens
1168 3529 1330 3569 probatur.
1385 3529 1528 3560 cundum
1545 3527 1752 3560 differentiam
1767 3529 1965 3561 motivorum
1983 3530 2010 3561 *.
2034 3530 2201 3572 Repetitur
2215 3531 2242 3562 si
2266 3531 2378 3563 uidem
2393 3531 2457 3570 hoc

265 3567 350 3606 Quia
364 3569 470 3610 quoad
483 3569 693 3601 substantiam
712 3569 878 3611 dupliciter
893 3571 1063 3612 contingit:
1089 3572 1138 3603 vel
1161 3572 1235 3613 quia
1259 3582 1329 3612 pre·
1384 3572 1502 3613 pluries
1526 3572 1559 3603 in
1583 3571 1694 3610 littera,
1719 3573 1943 3614 respondendo
1968 3574 2007 3605 ad
2031 3582 2227 3616 argumenta.
2242 3540 2384 3612 (bontra,
2400 3575 2456 3612 ,ἰη-

265 3612 337 3644 tiosi
361 3619 435 3644 sunt
458 3613 534 3649 cibi;
559 3613 608 3644 vel
632 3613 707 3655 quia
730 3613 918 3646 inconsueti.
948 3616 988 3646 Et
1012 3615 1073 3646 hoc
1096 3615 1145 3646 vel
1170 3615 1329 3646 universa-
1385 3616 1455 3657 quit
1478 3616 1646 3653 Martinus,
1671 3616 1790 3648 ibidem
1809 3617 1835 3649 ⁴¹.
1864 3618 1993 3657 Primo,
2018 3618 2094 3660 quia
2117 3619 2229 3650 eadem
2253 3619 2313 3650 cibi
2338 3629 2455 3650 concu-

2494 1357 2503 1366 ·
2527 1355 2550 1377 1·
2572 1355 2636 1383 ΠΜ,
2665 1362 2706 1384 qu.

2491 1388 2565 1410 Lxxn,
2579 1385 2622 1405 ut.
2637 1389 2659 1411 9.

2483 3183 2660 3244 isa-w

2486 3320 2495 3330 ’
2510 3318 2568 3341 ibid.

2484 3543 2492 3553 ·
2509 3541 2543 3564 Ct.
2560 3548 2623 3565 num.
2639 3549 2668 3565 vi.

2485 3604 2536 3626 ’Ad
2552 3604 2636 3627 obiect-
2647 3604 2694 3627 ⁶¹¹·

2484 3634 2545 3652 cont.
2562 3631 2665 3654 conclus.
2676 3637 2695 3660 5.
