<?xml version="1.0" encoding="UTF-8"?>
<!DOCTYPE html PUBLIC "-//W3C//DTD XHTML 1.0 Transitional//EN"
    "http://www.w3.org/TR/xhtml1/DTD/xhtml1-transitional.dtd">
<html xmlns="http://www.w3.org/1999/xhtml" xml:lang="en" lang="en">
 <head>
  <title>
</title>
<meta http-equiv="Content-Type" content="text/html;charset=utf-8" />
  <meta name='ocr-system' content='tesseract 3.04.00' />
  <meta name='ocr-capabilities' content='ocr_page ocr_carea ocr_par ocr_line ocrx_word'/>
</head>
<body>
  <div class='ocr_page' id='page_1' title='image "./operaomniaiussui10thom/operaomniaiussui10thom_0148.png"; bbox 0 0 2768 4198; ppageno 0'>
   <div class='ocr_carea' id='block_1_1' title="bbox 34 1102 178 1123">
    <p class='ocr_par' dir='ltr' id='par_1_1' title="bbox 34 1102 178 1123">
     <span class='ocr_line' id='line_1_1' title="bbox 34 1102 178 1123; baseline 0 -1"><span class='ocrx_word' id='word_1_1' title='bbox 34 1103 41 1111; x_wconf 91' lang='lat'>⁸</span> <span class='ocrx_word' id='word_1_2' title='bbox 57 1102 127 1123; x_wconf 79' lang='lat' dir='ltr'>Num.</span> <span class='ocrx_word' id='word_1_3' title='bbox 143 1107 178 1122; x_wconf 84' lang='lat' dir='ltr'>m.</span> 
     </span>
    </p>
   </div>
   <div class='ocr_carea' id='block_1_2' title="bbox 30 1948 243 1997">
    <p class='ocr_par' dir='ltr' id='par_1_2' title="bbox 30 1948 243 1997">
     <span class='ocr_line' id='line_1_2' title="bbox 32 1948 243 1977; baseline -0.005 -7"><span class='ocrx_word' id='word_1_4' title='bbox 32 1951 39 1959; x_wconf 88' lang='lat'>⁸</span> <span class='ocrx_word' id='word_1_5' title='bbox 59 1950 109 1970; x_wconf 79' lang='lat' dir='ltr'>Art.</span> <span class='ocrx_word' id='word_1_6' title='bbox 132 1956 150 1977; x_wconf 67' lang='lat'>3,</span> <span class='ocrx_word' id='word_1_7' title='bbox 172 1948 243 1970; x_wconf 87' lang='lat' dir='ltr'>Com-</span> 
     </span>
     <span class='ocr_line' id='line_1_3' title="bbox 30 1980 99 1997; baseline -0.014 0"><span class='ocrx_word' id='word_1_8' title='bbox 30 1980 99 1997; x_wconf 80' lang='lat' dir='ltr'>ment.</span> 
     </span>
    </p>
   </div>
   <div class='ocr_carea' id='block_1_3' title="bbox 32 2130 242 2152">
    <p class='ocr_par' dir='ltr' id='par_1_3' title="bbox 32 2130 242 2152">
     <span class='ocr_line' id='line_1_4' title="bbox 32 2130 242 2152; baseline -0.01 -1"><span class='ocrx_word' id='word_1_9' title='bbox 32 2133 40 2141; x_wconf 99' lang='lat'>⁸</span> <span class='ocrx_word' id='word_1_10' title='bbox 56 2130 121 2152; x_wconf 81' lang='lat' dir='ltr'>ibid..</span> <span class='ocrx_word' id='word_1_11' title='bbox 133 2135 196 2151; x_wconf 88' lang='lat' dir='ltr'>num.</span> <span class='ocrx_word' id='word_1_12' title='bbox 212 2135 242 2150; x_wconf 89' lang='grc' dir='ltr'>νι.</span> 
     </span>
    </p>
   </div>
   <div class='ocr_carea' id='block_1_4' title="bbox 39 3132 165 3158">
    <p class='ocr_par' dir='ltr' id='par_1_4' title="bbox 39 3132 165 3158">
     <span class='ocr_line' id='line_1_5' title="bbox 39 3132 165 3158; baseline 0.008 -5"><span class='ocrx_word' id='word_1_13' title='bbox 39 3134 46 3142; x_wconf 86' lang='grc'><em>·</em></span> <span class='ocrx_word' id='word_1_14' title='bbox 62 3132 127 3154; x_wconf 79' lang='lat' dir='ltr'>vers.</span> <span class='ocrx_word' id='word_1_15' title='bbox 142 3140 165 3158; x_wconf 73' lang='lat'>4.</span> 
     </span>
    </p>
   </div>
   <div class='ocr_carea' id='block_1_5' title="bbox 280 264 349 300">
    <p class='ocr_par' dir='ltr' id='par_1_5' title="bbox 280 264 349 300">
     <span class='ocr_line' id='line_1_6' title="bbox 280 264 349 300; baseline 0.014 -1"><span class='ocrx_word' id='word_1_16' title='bbox 280 264 349 300; x_wconf 78' lang='lat'>106</span> 
     </span>
    </p>
   </div>
   <div class='ocr_carea' id='block_1_6' title="bbox 270 470 1347 1134">
    <p class='ocr_par' dir='ltr' id='par_1_6' title="bbox 273 470 1347 689">
     <span class='ocr_line' id='line_1_7' title="bbox 274 470 1347 515; baseline -0.006 -9"><span class='ocrx_word' id='word_1_17' title='bbox 274 477 388 506; x_wconf 90' lang='lat' dir='ltr'>eodem</span> <span class='ocrx_word' id='word_1_18' title='bbox 412 485 504 511; x_wconf 86' lang='lat' dir='ltr'>vero,</span> <span class='ocrx_word' id='word_1_19' title='bbox 529 474 604 515; x_wconf 85' lang='lat' dir='ltr'>quia</span> <span class='ocrx_word' id='word_1_20' title='bbox 628 474 668 504; x_wconf 86' lang='lat' dir='ltr'>ad</span> <span class='ocrx_word' id='word_1_21' title='bbox 692 473 789 504; x_wconf 89' lang='lat' dir='ltr'>istum</span> <span class='ocrx_word' id='word_1_22' title='bbox 820 471 1028 512; x_wconf 82' lang='lat' dir='ltr'>principalem</span> <span class='ocrx_word' id='word_1_23' title='bbox 1056 478 1163 501; x_wconf 85' lang='lat' dir='ltr'>actum</span> <span class='ocrx_word' id='word_1_24' title='bbox 1191 470 1347 501; x_wconf 85' lang='lat' dir='ltr'>subservit</span> 
     </span>
     <span class='ocr_line' id='line_1_8' title="bbox 273 515 1347 559; baseline -0.006 -8"><span class='ocrx_word' id='word_1_25' title='bbox 273 528 362 551; x_wconf 85' lang='lat' dir='ltr'>actus</span> <span class='ocrx_word' id='word_1_26' title='bbox 386 519 564 559; x_wconf 86' lang='lat' dir='ltr'>patientiae.</span> <span class='ocrx_word' id='word_1_27' title='bbox 585 519 718 558; x_wconf 86' lang='lat' dir='ltr'>Propter</span> <span class='ocrx_word' id='word_1_28' title='bbox 741 517 840 557; x_wconf 88' lang='lat' dir='ltr'>quod,</span> <span class='ocrx_word' id='word_1_29' title='bbox 866 522 1018 556; x_wconf 89' lang='lat' dir='ltr'>martyres</span> <span class='ocrx_word' id='word_1_30' title='bbox 1041 515 1213 546; x_wconf 82' lang='lat' dir='ltr'><strong>laudantur</strong></span> <span class='ocrx_word' id='word_1_31' title='bbox 1236 516 1275 545; x_wconf 94' lang='lat' dir='ltr'>de</span> <span class='ocrx_word' id='word_1_32' title='bbox 1292 525 1347 555; x_wconf 94' lang='lat' dir='ltr'>pa-</span> 
     </span>
     <span class='ocr_line' id='line_1_9' title="bbox 273 559 1345 604; baseline -0.007 -8"><span class='ocrx_word' id='word_1_33' title='bbox 273 565 381 596; x_wconf 84' lang='lat' dir='ltr'>tientia</span> <span class='ocrx_word' id='word_1_34' title='bbox 406 572 559 604; x_wconf 77' lang='lat' dir='ltr'>tanquam</span> <span class='ocrx_word' id='word_1_35' title='bbox 583 562 735 592; x_wconf 87' lang='lat' dir='ltr'>serviente</span> <span class='ocrx_word' id='word_1_36' title='bbox 760 559 947 590; x_wconf 90' lang='lat' dir='ltr'>fortitudini.</span> <span class='ocrx_word' id='word_1_37' title='bbox 978 560 1019 590; x_wconf 91' lang='lat' dir='ltr'>Et</span> <span class='ocrx_word' id='word_1_38' title='bbox 1042 559 1085 589; x_wconf 89' lang='lat' dir='ltr'>sic</span> <span class='ocrx_word' id='word_1_39' title='bbox 1109 566 1198 590; x_wconf 89' lang='lat' dir='ltr'>actus</span> <span class='ocrx_word' id='word_1_40' title='bbox 1222 559 1345 590; x_wconf 92' lang='lat' dir='ltr'>fortitu-</span> 
     </span>
     <span class='ocr_line' id='line_1_10' title="bbox 273 603 1347 648; baseline -0.006 -9"><span class='ocrx_word' id='word_1_41' title='bbox 273 609 355 639; x_wconf 91' lang='lat' dir='ltr'>dinis</span> <span class='ocrx_word' id='word_1_42' title='bbox 371 616 417 638; x_wconf 86' lang='lat' dir='ltr'>est</span> <span class='ocrx_word' id='word_1_43' title='bbox 433 606 678 648; x_wconf 91' lang='lat' dir='ltr'>quodammodo</span> <span class='ocrx_word' id='word_1_44' title='bbox 696 605 864 645; x_wconf 86' lang='lat' dir='ltr'>patientiae</span> <span class='ocrx_word' id='word_1_45' title='bbox 880 603 1058 634; x_wconf 80' lang='lat' dir='ltr'>adiuvantis</span> <span class='ocrx_word' id='word_1_46' title='bbox 1078 604 1117 634; x_wconf 88' lang='lat' dir='ltr'>ad</span> <span class='ocrx_word' id='word_1_47' title='bbox 1134 604 1240 634; x_wconf 90' lang='lat' dir='ltr'>illum:</span> <span class='ocrx_word' id='word_1_48' title='bbox 1266 604 1347 634; x_wconf 92' lang='lat' dir='ltr'>sicut</span> 
     </span>
     <span class='ocr_line' id='line_1_11' title="bbox 273 648 956 689; baseline -0.01 -5"><span class='ocrx_word' id='word_1_49' title='bbox 273 664 289 683; x_wconf 92' lang='lat' dir='ltr'>e</span> <span class='ocrx_word' id='word_1_50' title='bbox 313 660 422 684; x_wconf 89' lang='lat' dir='ltr'>contra</span> <span class='ocrx_word' id='word_1_51' title='bbox 447 652 600 682; x_wconf 87' lang='lat' dir='ltr'>fortitudo</span> <span class='ocrx_word' id='word_1_52' title='bbox 624 650 759 689; x_wconf 90' lang='lat' dir='ltr'>imperat</span> <span class='ocrx_word' id='word_1_53' title='bbox 778 648 956 688; x_wconf 86' lang='lat' dir='ltr'>patientiae.</span> 
     </span>
    </p>

    <p class='ocr_par' dir='ltr' id='par_1_7' title="bbox 272 692 1347 1036">
     <span class='ocr_line' id='line_1_12' title="bbox 328 692 1346 733; baseline -0.005 -6"><span class='ocrx_word' id='word_1_54' title='bbox 328 697 378 728; x_wconf 83' lang='lat' dir='ltr'>Ad</span> <span class='ocrx_word' id='word_1_55' title='bbox 404 696 554 726; x_wconf 91' lang='lat' dir='ltr'>ultimum</span> <span class='ocrx_word' id='word_1_56' title='bbox 580 701 688 724; x_wconf 90' lang='lat' dir='ltr'>contra</span> <span class='ocrx_word' id='word_1_57' title='bbox 712 693 774 723; x_wconf 92' lang='lat' dir='ltr'>hoc</span> <span class='ocrx_word' id='word_1_58' title='bbox 798 693 1000 730; x_wconf 87' lang='lat' dir='ltr'>membrum,</span> <span class='ocrx_word' id='word_1_59' title='bbox 1025 692 1140 723; x_wconf 90' lang='lat' dir='ltr'>dicitur</span> <span class='ocrx_word' id='word_1_60' title='bbox 1163 693 1252 733; x_wconf 88' lang='lat' dir='ltr'>quod</span> <span class='ocrx_word' id='word_1_61' title='bbox 1277 693 1346 723; x_wconf 90' lang='lat' dir='ltr'>lau-</span> 
     </span>
     <span class='ocr_line' id='line_1_13' title="bbox 274 736 1346 778; baseline -0.005 -6"><span class='ocrx_word' id='word_1_62' title='bbox 274 741 415 772; x_wconf 88' lang='lat' dir='ltr'>dabiliter</span> <span class='ocrx_word' id='word_1_63' title='bbox 438 741 569 770; x_wconf 91' lang='lat' dir='ltr'>tolerare</span> <span class='ocrx_word' id='word_1_64' title='bbox 594 745 790 778; x_wconf 88' lang='lat' dir='ltr'>praesentem</span> <span class='ocrx_word' id='word_1_65' title='bbox 815 736 972 767; x_wconf 88' lang='lat' dir='ltr'>tristitiam</span> <span class='ocrx_word' id='word_1_66' title='bbox 990 744 1036 767; x_wconf 91' lang='lat' dir='ltr'>est</span> <span class='ocrx_word' id='word_1_67' title='bbox 1059 744 1148 767; x_wconf 88' lang='lat' dir='ltr'>actus</span> <span class='ocrx_word' id='word_1_68' title='bbox 1165 737 1346 777; x_wconf 89' lang='lat' dir='ltr'>patientiae,</span> 
     </span>
     <span class='ocr_line' id='line_1_14' title="bbox 273 781 1346 822; baseline -0.004 -6"><span class='ocrx_word' id='word_1_69' title='bbox 273 793 303 816; x_wconf 88' lang='lat' dir='ltr'>et</span> <span class='ocrx_word' id='word_1_70' title='bbox 327 795 392 815; x_wconf 92' lang='lat' dir='ltr'>non</span> <span class='ocrx_word' id='word_1_71' title='bbox 423 783 554 814; x_wconf 87' lang='lat' dir='ltr'>deficere</span> <span class='ocrx_word' id='word_1_72' title='bbox 583 789 713 822; x_wconf 89' lang='lat' dir='ltr'>propter</span> <span class='ocrx_word' id='word_1_73' title='bbox 743 781 882 812; x_wconf 86' lang='lat' dir='ltr'>tristitias</span> <span class='ocrx_word' id='word_1_74' title='bbox 915 781 947 811; x_wconf 90' lang='lat' dir='ltr'>in</span> <span class='ocrx_word' id='word_1_75' title='bbox 975 782 1202 822; x_wconf 91' lang='lat' dir='ltr'>prosequendo</span> <span class='ocrx_word' id='word_1_76' title='bbox 1234 781 1346 812; x_wconf 90' lang='lat' dir='ltr'>mortis</span> 
     </span>
     <span class='ocr_line' id='line_1_15' title="bbox 273 825 1346 870; baseline -0.003 -11"><span class='ocrx_word' id='word_1_77' title='bbox 273 829 411 870; x_wconf 86' lang='lat' dir='ltr'>pericula</span> <span class='ocrx_word' id='word_1_78' title='bbox 435 836 480 858; x_wconf 91' lang='lat' dir='ltr'>est</span> <span class='ocrx_word' id='word_1_79' title='bbox 497 834 584 857; x_wconf 87' lang='lat' dir='ltr'>actus</span> <span class='ocrx_word' id='word_1_80' title='bbox 609 826 820 856; x_wconf 89' lang='lat' dir='ltr'>fortitudinis:</span> <span class='ocrx_word' id='word_1_81' title='bbox 846 833 876 856; x_wconf 93' lang='lat' dir='ltr'>et</span> <span class='ocrx_word' id='word_1_82' title='bbox 893 836 959 855; x_wconf 89' lang='lat' dir='ltr'>non</span> <span class='ocrx_word' id='word_1_83' title='bbox 976 833 1052 856; x_wconf 89' lang='lat' dir='ltr'>sunt</span> <span class='ocrx_word' id='word_1_84' title='bbox 1067 825 1153 856; x_wconf 86' lang='lat' dir='ltr'>idem</span> <span class='ocrx_word' id='word_1_85' title='bbox 1177 834 1276 862; x_wconf 89' lang='lat' dir='ltr'>actus,</span> <span class='ocrx_word' id='word_1_86' title='bbox 1292 827 1346 856; x_wconf 92' lang='lat' dir='ltr'>sed</span> 
     </span>
     <span class='ocr_line' id='line_1_16' title="bbox 273 870 1346 914; baseline -0.003 -10"><span class='ocrx_word' id='word_1_87' title='bbox 273 874 394 914; x_wconf 72' lang='lat' dir='ltr'>primus</span> <span class='ocrx_word' id='word_1_88' title='bbox 419 879 465 902; x_wconf 88' lang='lat' dir='ltr'>est</span> <span class='ocrx_word' id='word_1_89' title='bbox 488 872 519 901; x_wconf 87' lang='lat' dir='ltr'>in</span> <span class='ocrx_word' id='word_1_90' title='bbox 545 871 802 910; x_wconf 89' lang='lat' dir='ltr'>concupiscibili;</span> <span class='ocrx_word' id='word_1_91' title='bbox 836 870 1013 906; x_wconf 66' lang='lat' dir='ltr'>secundm,</span> <span class='ocrx_word' id='word_1_92' title='bbox 1038 870 1094 911; x_wconf 92' lang='lat' dir='ltr'>qui</span> <span class='ocrx_word' id='word_1_93' title='bbox 1118 881 1175 911; x_wconf 90' lang='lat' dir='ltr'>per</span> <span class='ocrx_word' id='word_1_94' title='bbox 1205 870 1346 911; x_wconf 85' lang='lat' dir='ltr'>negatio-</span> 
     </span>
     <span class='ocr_line' id='line_1_17' title="bbox 273 914 1347 955; baseline -0.003 -7"><span class='ocrx_word' id='word_1_95' title='bbox 273 928 346 948; x_wconf 88' lang='lat' dir='ltr'>nem</span> <span class='ocrx_word' id='word_1_96' title='bbox 375 916 623 947; x_wconf 88' lang='lat' dir='ltr'>circumlocutus</span> <span class='ocrx_word' id='word_1_97' title='bbox 656 922 720 951; x_wconf 87' lang='lat' dir='ltr'>est,</span> <span class='ocrx_word' id='word_1_98' title='bbox 752 915 870 945; x_wconf 87' lang='lat' dir='ltr'>scilicet</span> <span class='ocrx_word' id='word_1_99' title='bbox 892 914 1101 945; x_wconf 87' lang='lat' dir='ltr'>immobiliter</span> <span class='ocrx_word' id='word_1_100' title='bbox 1125 915 1290 955; x_wconf 82' lang='lat' dir='ltr'>persistere</span> <span class='ocrx_word' id='word_1_101' title='bbox 1314 915 1347 946; x_wconf 92' lang='lat' dir='ltr'>in</span> 
     </span>
     <span class='ocr_line' id='line_1_18' title="bbox 273 959 1346 1001; baseline -0.001 -9"><span class='ocrx_word' id='word_1_102' title='bbox 273 962 382 992; x_wconf 90' lang='lat' dir='ltr'>mortis</span> <span class='ocrx_word' id='word_1_103' title='bbox 407 961 549 1001; x_wconf 90' lang='lat' dir='ltr'>periculo</span> <span class='ocrx_word' id='word_1_104' title='bbox 574 970 639 990; x_wconf 90' lang='lat' dir='ltr'>non</span> <span class='ocrx_word' id='word_1_105' title='bbox 665 960 810 990; x_wconf 87' lang='lat' dir='ltr'>obstante</span> <span class='ocrx_word' id='word_1_106' title='bbox 826 959 959 995; x_wconf 81' lang='lat' dir='ltr'>tristitia,</span> <span class='ocrx_word' id='word_1_107' title='bbox 984 966 1031 989; x_wconf 87' lang='lat' dir='ltr'>est</span> <span class='ocrx_word' id='word_1_108' title='bbox 1052 959 1085 989; x_wconf 91' lang='lat' dir='ltr'>in</span> <span class='ocrx_word' id='word_1_109' title='bbox 1109 959 1268 996; x_wconf 85' lang='lat' dir='ltr'>irascibili,</span> <span class='ocrx_word' id='word_1_110' title='bbox 1290 970 1346 991; x_wconf 89' lang='lat' dir='ltr'>seu</span> 
     </span>
     <span class='ocr_line' id='line_1_19' title="bbox 272 1007 445 1036; baseline 0 0"><span class='ocrx_word' id='word_1_111' title='bbox 272 1007 445 1036; x_wconf 88' lang='lat' dir='ltr'>voluntate.</span> 
     </span>
    </p>

    <p class='ocr_par' dir='ltr' id='par_1_8' title="bbox 270 1048 1347 1134">
     <span class='ocr_line' id='line_1_20' title="bbox 327 1048 1347 1089; baseline -0.001 -8"><span class='ocrx_word' id='word_1_112' title='bbox 327 1051 380 1081; x_wconf 87' lang='lat' dir='ltr'>IX.</span> <span class='ocrx_word' id='word_1_113' title='bbox 404 1050 455 1080; x_wconf 83' lang='lat' dir='ltr'>Ad</span> <span class='ocrx_word' id='word_1_114' title='bbox 479 1049 603 1080; x_wconf 85' lang='lat' dir='ltr'>obiecta</span> <span class='ocrx_word' id='word_1_115' title='bbox 619 1056 729 1079; x_wconf 87' lang='lat' dir='ltr'>contra</span> <span class='ocrx_word' id='word_1_116' title='bbox 745 1049 832 1079; x_wconf 91' lang='lat' dir='ltr'>aliud</span> <span class='ocrx_word' id='word_1_117' title='bbox 852 1048 985 1084; x_wconf 88' lang='lat' dir='ltr'>dictum,</span> <span class='ocrx_word' id='word_1_118' title='bbox 1006 1048 1124 1080; x_wconf 90' lang='lat' dir='ltr'>scilicet</span> <span class='ocrx_word' id='word_1_119' title='bbox 1140 1050 1179 1079; x_wconf 89' lang='lat' dir='ltr'>de</span> <span class='ocrx_word' id='word_1_120' title='bbox 1195 1049 1347 1089; x_wconf 85' lang='lat' dir='ltr'>patientia</span> 
     </span>
     <span class='ocr_line' id='line_1_21' title="bbox 270 1093 1346 1134; baseline -0.001 -9"><span class='ocrx_word' id='word_1_121' title='bbox 270 1096 385 1126; x_wconf 87' lang='lat' dir='ltr'>virtute</span> <span class='ocrx_word' id='word_1_122' title='bbox 410 1095 558 1125; x_wconf 84' lang='lat' dir='ltr'>adiuncta</span> <span class='ocrx_word' id='word_1_123' title='bbox 590 1093 769 1124; x_wconf 90' lang='lat' dir='ltr'>fortitudini</span> <span class='ocrx_word' id='word_1_124' title='bbox 797 1100 834 1124; x_wconf 92' lang='lat' dir='ltr'>ut</span> <span class='ocrx_word' id='word_1_125' title='bbox 856 1093 1043 1124; x_wconf 84' lang='lat' dir='ltr'>secundaria</span> <span class='ocrx_word' id='word_1_126' title='bbox 1066 1093 1233 1134; x_wconf 88' lang='lat' dir='ltr'>principali</span> <span class='ocrx_word' id='word_1_127' title='bbox 1249 1094 1276 1130; x_wconf 87' lang='lat'>*,</span> <span class='ocrx_word' id='word_1_128' title='bbox 1302 1094 1346 1124; x_wconf 88' lang='lat' dir='ltr'>di-</span> 
     </span>
    </p>
   </div>
   <div class='ocr_carea' id='block_1_7' title="bbox 271 1137 1374 1270">
    <p class='ocr_par' dir='ltr' id='par_1_9' title="bbox 271 1137 1374 1270">
     <span class='ocr_line' id='line_1_22' title="bbox 271 1137 1374 1179; baseline -0.005 -8"><span class='ocrx_word' id='word_1_129' title='bbox 271 1140 352 1171; x_wconf 90' lang='lat' dir='ltr'>citur</span> <span class='ocrx_word' id='word_1_130' title='bbox 375 1139 464 1179; x_wconf 89' lang='lat' dir='ltr'>quod</span> <span class='ocrx_word' id='word_1_131' title='bbox 487 1138 657 1179; x_wconf 89' lang='lat' dir='ltr'>patientiae</span> <span class='ocrx_word' id='word_1_132' title='bbox 682 1137 842 1169; x_wconf 90' lang='lat' dir='ltr'>distinctio</span> <span class='ocrx_word' id='word_1_133' title='bbox 867 1148 884 1168; x_wconf 92' lang='lat' dir='ltr'>a</span> <span class='ocrx_word' id='word_1_134' title='bbox 904 1138 1166 1178; x_wconf 83' lang='lat' dir='ltr'>magnanimitate</span> <span class='ocrx_word' id='word_1_135' title='bbox 1182 1139 1265 1169; x_wconf 88' lang='lat' dir='ltr'>clara</span> <span class='ocrx_word' id='word_1_136' title='bbox 1281 1146 1345 1170; x_wconf 89' lang='lat' dir='ltr'>est:</span> <span class='ocrx_word' id='word_1_137' title='bbox 1373 1163 1374 1166; x_wconf 73' lang='grc'>,</span> 
     </span>
     <span class='ocr_line' id='line_1_23' title="bbox 271 1182 1374 1225; baseline -0.001 -10"><span class='ocrx_word' id='word_1_138' title='bbox 271 1184 346 1225; x_wconf 86' lang='lat' dir='ltr'>quia</span> <span class='ocrx_word' id='word_1_139' title='bbox 370 1184 594 1224; x_wconf 86' lang='lat' dir='ltr'>magnanimus</span> <span class='ocrx_word' id='word_1_140' title='bbox 618 1183 719 1213; x_wconf 91' lang='lat' dir='ltr'>tendit</span> <span class='ocrx_word' id='word_1_141' title='bbox 742 1183 782 1213; x_wconf 91' lang='lat' dir='ltr'>ad</span> <span class='ocrx_word' id='word_1_142' title='bbox 812 1192 966 1222; x_wconf 88' lang='lat' dir='ltr'>magnum</span> <span class='ocrx_word' id='word_1_143' title='bbox 990 1182 1023 1212; x_wconf 92' lang='lat' dir='ltr'>in</span> <span class='ocrx_word' id='word_1_144' title='bbox 1048 1182 1190 1223; x_wconf 88' lang='lat' dir='ltr'>qualibet</span> <span class='ocrx_word' id='word_1_145' title='bbox 1219 1183 1345 1220; x_wconf 89' lang='lat' dir='ltr'>virtute,</span> <span class='ocrx_word' id='word_1_146' title='bbox 1373 1190 1374 1200; x_wconf 74' lang='lat'><em>³</em></span> 
     </span>
     <span class='ocr_line' id='line_1_24' title="bbox 271 1227 1374 1270; baseline -0.001 -10"><span class='ocrx_word' id='word_1_147' title='bbox 271 1229 422 1270; x_wconf 87' lang='lat' dir='ltr'>patientia</span> <span class='ocrx_word' id='word_1_148' title='bbox 452 1237 535 1265; x_wconf 89' lang='lat' dir='ltr'>non;</span> <span class='ocrx_word' id='word_1_149' title='bbox 566 1227 809 1268; x_wconf 86' lang='lat' dir='ltr'>magnanimitas</span> <span class='ocrx_word' id='word_1_150' title='bbox 841 1234 888 1258; x_wconf 89' lang='lat' dir='ltr'>est</span> <span class='ocrx_word' id='word_1_151' title='bbox 918 1227 999 1258; x_wconf 86' lang='lat' dir='ltr'>circa</span> <span class='ocrx_word' id='word_1_152' title='bbox 1031 1237 1123 1267; x_wconf 91' lang='lat' dir='ltr'>spem</span> <span class='ocrx_word' id='word_1_153' title='bbox 1152 1237 1347 1268; x_wconf 88' lang='lat' dir='ltr'>magnorum</span> <span class='ocrx_word' id='word_1_154' title='bbox 1373 1243 1374 1246; x_wconf 44' lang='lat'>¹</span> 
     </span>
    </p>
   </div>
   <div class='ocr_carea' id='block_1_8' title="bbox 271 1271 1166 1312">
    <p class='ocr_par' dir='ltr' id='par_1_10' title="bbox 271 1271 1166 1312">
     <span class='ocr_line' id='line_1_25' title="bbox 271 1271 1166 1312; baseline -0.002 -8"><span class='ocrx_word' id='word_1_155' title='bbox 271 1275 434 1304; x_wconf 88' lang='lat' dir='ltr'>bonorum</span> <span class='ocrx_word' id='word_1_156' title='bbox 457 1280 493 1304; x_wconf 93' lang='lat' dir='ltr'>ut</span> <span class='ocrx_word' id='word_1_157' title='bbox 515 1272 691 1307; x_wconf 86' lang='lat' dir='ltr'>materiam,</span> <span class='ocrx_word' id='word_1_158' title='bbox 716 1271 868 1312; x_wconf 91' lang='lat' dir='ltr'>patientia</span> <span class='ocrx_word' id='word_1_159' title='bbox 891 1271 972 1302; x_wconf 90' lang='lat' dir='ltr'>circa</span> <span class='ocrx_word' id='word_1_160' title='bbox 995 1271 1166 1303; x_wconf 91' lang='lat' dir='ltr'>tristitiam.</span> 
     </span>
    </p>
   </div>
   <div class='ocr_carea' id='block_1_9' title="bbox 272 1362 1348 1892">
    <p class='ocr_par' dir='ltr' id='par_1_11' title="bbox 272 1362 1347 1581">
     <span class='ocr_line' id='line_1_26' title="bbox 272 1362 1347 1404; baseline -0.002 -10"><span class='ocrx_word' id='word_1_161' title='bbox 272 1365 357 1394; x_wconf 87' lang='lat' dir='ltr'>circa</span> <span class='ocrx_word' id='word_1_162' title='bbox 374 1373 458 1404; x_wconf 87' lang='lat' dir='ltr'>quae</span> <span class='ocrx_word' id='word_1_163' title='bbox 473 1368 520 1393; x_wconf 85' lang='lat' dir='ltr'>est</span> <span class='ocrx_word' id='word_1_164' title='bbox 541 1363 795 1403; x_wconf 81' lang='lat' dir='ltr'>magnanimitas</span> <span class='ocrx_word' id='word_1_165' title='bbox 812 1367 842 1392; x_wconf 89' lang='lat' dir='ltr'>et</span> <span class='ocrx_word' id='word_1_166' title='bbox 851 1362 1033 1402; x_wconf 81' lang='lat' dir='ltr'>patientia:</span> <span class='ocrx_word' id='word_1_167' title='bbox 1055 1370 1153 1402; x_wconf 80' lang='lat' dir='ltr'>ergo:</span> <span class='ocrx_word' id='word_1_168' title='bbox 1172 1379 1190 1385; x_wconf 96' lang='lat'><em>-</em></span> <span class='ocrx_word' id='word_1_169' title='bbox 1215 1371 1347 1402; x_wconf 89' lang='lat' dir='ltr'>respon-</span> 
     </span>
     <span class='ocr_line' id='line_1_27' title="bbox 272 1406 1347 1448; baseline -0.001 -10"><span class='ocrx_word' id='word_1_170' title='bbox 272 1409 363 1439; x_wconf 90' lang='lat' dir='ltr'>detur</span> <span class='ocrx_word' id='word_1_171' title='bbox 386 1407 501 1447; x_wconf 77' lang='lat' dir='ltr'>primo,</span> <span class='ocrx_word' id='word_1_172' title='bbox 523 1407 611 1448; x_wconf 88' lang='lat' dir='ltr'>quod</span> <span class='ocrx_word' id='word_1_173' title='bbox 629 1417 694 1436; x_wconf 92' lang='lat' dir='ltr'>non</span> <span class='ocrx_word' id='word_1_174' title='bbox 721 1413 795 1437; x_wconf 91' lang='lat' dir='ltr'>sunt</span> <span class='ocrx_word' id='word_1_175' title='bbox 817 1406 928 1437; x_wconf 89' lang='lat' dir='ltr'>eadem</span> <span class='ocrx_word' id='word_1_176' title='bbox 945 1407 1130 1446; x_wconf 87' lang='lat' dir='ltr'>adaequate.</span> <span class='ocrx_word' id='word_1_177' title='bbox 1147 1424 1168 1430; x_wconf 93' lang='lat'><em>-</em></span> <span class='ocrx_word' id='word_1_178' title='bbox 1186 1406 1347 1444; x_wconf 90' lang='lat' dir='ltr'>Secundo,</span> 
     </span>
     <span class='ocr_line' id='line_1_28' title="bbox 272 1450 1347 1494; baseline -0.002 -11"><span class='ocrx_word' id='word_1_179' title='bbox 272 1453 360 1494; x_wconf 89' lang='lat' dir='ltr'>quod</span> <span class='ocrx_word' id='word_1_180' title='bbox 385 1462 451 1482; x_wconf 90' lang='lat' dir='ltr'>non</span> <span class='ocrx_word' id='word_1_181' title='bbox 474 1453 534 1482; x_wconf 91' lang='lat' dir='ltr'>sub</span> <span class='ocrx_word' id='word_1_182' title='bbox 558 1451 670 1482; x_wconf 88' lang='lat' dir='ltr'>eadem</span> <span class='ocrx_word' id='word_1_183' title='bbox 694 1451 816 1481; x_wconf 86' lang='lat' dir='ltr'>ratione</span> <span class='ocrx_word' id='word_1_184' title='bbox 840 1450 1052 1492; x_wconf 91' lang='lat' dir='ltr'>respiciuntur</span> <span class='ocrx_word' id='word_1_185' title='bbox 1071 1451 1111 1481; x_wconf 87' lang='lat' dir='ltr'>ab</span> <span class='ocrx_word' id='word_1_186' title='bbox 1128 1458 1263 1492; x_wconf 87' lang='lat' dir='ltr'>utraque</span> <span class='ocrx_word' id='word_1_187' title='bbox 1286 1451 1347 1481; x_wconf 87' lang='lat' dir='ltr'>vir-</span> 
     </span>
     <span class='ocr_line' id='line_1_29' title="bbox 272 1495 1347 1537; baseline -0.002 -9"><span class='ocrx_word' id='word_1_188' title='bbox 272 1504 354 1528; x_wconf 86' lang='lat' dir='ltr'>tute:</span> <span class='ocrx_word' id='word_1_189' title='bbox 379 1497 456 1537; x_wconf 88' lang='lat' dir='ltr'>quia</span> <span class='ocrx_word' id='word_1_190' title='bbox 478 1507 497 1527; x_wconf 89' lang='lat' dir='ltr'>a</span> <span class='ocrx_word' id='word_1_191' title='bbox 520 1496 782 1536; x_wconf 85' lang='lat' dir='ltr'>magnanimitate</span> <span class='ocrx_word' id='word_1_192' title='bbox 806 1496 865 1526; x_wconf 90' lang='lat' dir='ltr'>sub</span> <span class='ocrx_word' id='word_1_193' title='bbox 889 1495 1011 1526; x_wconf 87' lang='lat' dir='ltr'>ratione</span> <span class='ocrx_word' id='word_1_194' title='bbox 1035 1495 1159 1535; x_wconf 86' lang='lat' dir='ltr'>magni;</span> <span class='ocrx_word' id='word_1_195' title='bbox 1185 1506 1202 1526; x_wconf 90' lang='lat' dir='ltr'>a</span> <span class='ocrx_word' id='word_1_196' title='bbox 1226 1495 1347 1536; x_wconf 89' lang='lat' dir='ltr'>patien-</span> 
     </span>
     <span class='ocr_line' id='line_1_30' title="bbox 272 1540 1274 1581; baseline -0.002 -9"><span class='ocrx_word' id='word_1_197' title='bbox 272 1542 314 1572; x_wconf 88' lang='lat' dir='ltr'>tia</span> <span class='ocrx_word' id='word_1_198' title='bbox 337 1551 412 1572; x_wconf 89' lang='lat' dir='ltr'>vero</span> <span class='ocrx_word' id='word_1_199' title='bbox 438 1541 593 1577; x_wconf 83' lang='lat' dir='ltr'>absolute,</span> <span class='ocrx_word' id='word_1_200' title='bbox 619 1547 650 1571; x_wconf 92' lang='lat' dir='ltr'>et</span> <span class='ocrx_word' id='word_1_201' title='bbox 672 1541 704 1570; x_wconf 91' lang='lat' dir='ltr'>in</span> <span class='ocrx_word' id='word_1_202' title='bbox 735 1540 847 1570; x_wconf 89' lang='lat' dir='ltr'>ordine</span> <span class='ocrx_word' id='word_1_203' title='bbox 871 1541 911 1570; x_wconf 87' lang='lat' dir='ltr'>ad</span> <span class='ocrx_word' id='word_1_204' title='bbox 935 1540 1103 1571; x_wconf 90' lang='lat' dir='ltr'>caelestem</span> <span class='ocrx_word' id='word_1_205' title='bbox 1129 1540 1274 1581; x_wconf 85' lang='lat' dir='ltr'>patriam.</span> 
     </span>
    </p>

    <p class='ocr_par' dir='ltr' id='par_1_12' title="bbox 272 1585 1348 1847">
     <span class='ocr_line' id='line_1_31' title="bbox 330 1585 1348 1626; baseline 0 -10"><span class='ocrx_word' id='word_1_206' title='bbox 330 1586 461 1617; x_wconf 89' lang='lat' dir='ltr'>Falsum</span> <span class='ocrx_word' id='word_1_207' title='bbox 493 1595 625 1626; x_wconf 92' lang='lat' dir='ltr'>quoque</span> <span class='ocrx_word' id='word_1_208' title='bbox 654 1593 701 1616; x_wconf 92' lang='lat' dir='ltr'>est</span> <span class='ocrx_word' id='word_1_209' title='bbox 730 1585 819 1625; x_wconf 93' lang='lat' dir='ltr'>quod</span> <span class='ocrx_word' id='word_1_210' title='bbox 850 1585 979 1620; x_wconf 89' lang='lat' dir='ltr'>dicitur,</span> <span class='ocrx_word' id='word_1_211' title='bbox 1003 1585 1122 1615; x_wconf 84' lang='lat' dir='ltr'>scilicet</span> <span class='ocrx_word' id='word_1_212' title='bbox 1154 1585 1244 1626; x_wconf 93' lang='lat' dir='ltr'>quod</span> <span class='ocrx_word' id='word_1_213' title='bbox 1272 1585 1348 1626; x_wconf 91' lang='lat' dir='ltr'>quia</span> 
     </span>
     <span class='ocr_line' id='line_1_32' title="bbox 272 1629 1348 1670; baseline -0.002 -8"><span class='ocrx_word' id='word_1_214' title='bbox 272 1633 355 1662; x_wconf 88' lang='lat' dir='ltr'>bona</span> <span class='ocrx_word' id='word_1_215' title='bbox 380 1632 419 1662; x_wconf 91' lang='lat' dir='ltr'>de</span> <span class='ocrx_word' id='word_1_216' title='bbox 443 1641 475 1661; x_wconf 90' lang='lat' dir='ltr'>se</span> <span class='ocrx_word' id='word_1_217' title='bbox 499 1630 643 1661; x_wconf 90' lang='lat' dir='ltr'>alliciunt</span> <span class='ocrx_word' id='word_1_218' title='bbox 666 1630 705 1660; x_wconf 92' lang='lat' dir='ltr'>ad</span> <span class='ocrx_word' id='word_1_219' title='bbox 730 1640 772 1665; x_wconf 89' lang='lat' dir='ltr'>se,</span> <span class='ocrx_word' id='word_1_220' title='bbox 797 1639 864 1660; x_wconf 91' lang='lat' dir='ltr'>non</span> <span class='ocrx_word' id='word_1_221' title='bbox 889 1637 935 1660; x_wconf 92' lang='lat' dir='ltr'>est</span> <span class='ocrx_word' id='word_1_222' title='bbox 959 1639 1042 1669; x_wconf 92' lang='lat' dir='ltr'>opus</span> <span class='ocrx_word' id='word_1_223' title='bbox 1062 1629 1177 1660; x_wconf 87' lang='lat' dir='ltr'>virtute</span> <span class='ocrx_word' id='word_1_224' title='bbox 1201 1629 1261 1660; x_wconf 89' lang='lat' dir='ltr'>nisi</span> <span class='ocrx_word' id='word_1_225' title='bbox 1274 1640 1348 1670; x_wconf 90' lang='lat' dir='ltr'>pro-</span> 
     </span>
     <span class='ocr_line' id='line_1_33' title="bbox 272 1674 1347 1716; baseline -0.002 -9"><span class='ocrx_word' id='word_1_226' title='bbox 272 1683 341 1716; x_wconf 91' lang='lat' dir='ltr'>pter</span> <span class='ocrx_word' id='word_1_227' title='bbox 363 1675 502 1716; x_wconf 88' lang='lat' dir='ltr'>pericula</span> <span class='ocrx_word' id='word_1_228' title='bbox 526 1682 557 1706; x_wconf 91' lang='lat' dir='ltr'>et</span> <span class='ocrx_word' id='word_1_229' title='bbox 587 1675 723 1705; x_wconf 86' lang='lat' dir='ltr'>labores.</span> <span class='ocrx_word' id='word_1_230' title='bbox 749 1674 914 1711; x_wconf 90' lang='lat' dir='ltr'>Quoniam</span> <span class='ocrx_word' id='word_1_231' title='bbox 937 1674 978 1704; x_wconf 92' lang='lat' dir='ltr'>ad</span> <span class='ocrx_word' id='word_1_232' title='bbox 1001 1674 1086 1704; x_wconf 90' lang='lat' dir='ltr'>bona</span> <span class='ocrx_word' id='word_1_233' title='bbox 1109 1685 1192 1714; x_wconf 90' lang='lat' dir='ltr'>opus</span> <span class='ocrx_word' id='word_1_234' title='bbox 1216 1681 1264 1705; x_wconf 92' lang='lat' dir='ltr'>est</span> <span class='ocrx_word' id='word_1_235' title='bbox 1287 1674 1347 1705; x_wconf 90' lang='lat' dir='ltr'>vir-</span> 
     </span>
     <span class='ocr_line' id='line_1_34' title="bbox 272 1718 1346 1761; baseline -0.002 -9"><span class='ocrx_word' id='word_1_236' title='bbox 272 1728 355 1756; x_wconf 90' lang='lat' dir='ltr'>tute,</span> <span class='ocrx_word' id='word_1_237' title='bbox 380 1721 430 1751; x_wconf 87' lang='lat' dir='ltr'>vel</span> <span class='ocrx_word' id='word_1_238' title='bbox 454 1719 530 1761; x_wconf 91' lang='lat' dir='ltr'>quia</span> <span class='ocrx_word' id='word_1_239' title='bbox 554 1729 620 1749; x_wconf 91' lang='lat' dir='ltr'>non</span> <span class='ocrx_word' id='word_1_240' title='bbox 644 1718 835 1749; x_wconf 86' lang='lat' dir='ltr'>sufficienter</span> <span class='ocrx_word' id='word_1_241' title='bbox 861 1726 974 1749; x_wconf 86' lang='lat' dir='ltr'>natura</span> <span class='ocrx_word' id='word_1_242' title='bbox 1004 1718 1197 1750; x_wconf 86' lang='lat' dir='ltr'>inclinamur</span> <span class='ocrx_word' id='word_1_243' title='bbox 1219 1719 1259 1749; x_wconf 90' lang='lat' dir='ltr'>ad</span> <span class='ocrx_word' id='word_1_244' title='bbox 1283 1719 1346 1755; x_wconf 88' lang='lat' dir='ltr'>illa,</span> 
     </span>
     <span class='ocr_line' id='line_1_35' title="bbox 273 1762 1347 1805; baseline -0.002 -9"><span class='ocrx_word' id='word_1_245' title='bbox 273 1773 307 1796; x_wconf 90' lang='lat' dir='ltr'>ut</span> <span class='ocrx_word' id='word_1_246' title='bbox 330 1772 416 1805; x_wconf 88' lang='lat' dir='ltr'>patet</span> <span class='ocrx_word' id='word_1_247' title='bbox 439 1765 478 1795; x_wconf 91' lang='lat' dir='ltr'>de</span> <span class='ocrx_word' id='word_1_248' title='bbox 501 1764 600 1794; x_wconf 90' lang='lat' dir='ltr'>iusto:</span> <span class='ocrx_word' id='word_1_249' title='bbox 625 1764 675 1793; x_wconf 89' lang='lat' dir='ltr'>vel</span> <span class='ocrx_word' id='word_1_250' title='bbox 698 1763 774 1803; x_wconf 90' lang='lat' dir='ltr'>quia</span> <span class='ocrx_word' id='word_1_251' title='bbox 797 1763 961 1802; x_wconf 85' lang='lat' dir='ltr'>passiones</span> <span class='ocrx_word' id='word_1_252' title='bbox 985 1763 1025 1792; x_wconf 91' lang='lat' dir='ltr'>ad</span> <span class='ocrx_word' id='word_1_253' title='bbox 1047 1762 1102 1793; x_wconf 86' lang='lat' dir='ltr'>illa</span> <span class='ocrx_word' id='word_1_254' title='bbox 1118 1771 1211 1804; x_wconf 88' lang='lat' dir='ltr'>egent</span> <span class='ocrx_word' id='word_1_255' title='bbox 1235 1764 1347 1794; x_wconf 91' lang='lat' dir='ltr'>mode-</span> 
     </span>
     <span class='ocr_line' id='line_1_36' title="bbox 272 1807 1151 1847; baseline -0.002 -7"><span class='ocrx_word' id='word_1_256' title='bbox 272 1809 401 1845; x_wconf 87' lang='lat' dir='ltr'>ramine,</span> <span class='ocrx_word' id='word_1_257' title='bbox 427 1816 462 1839; x_wconf 93' lang='lat' dir='ltr'>ut</span> <span class='ocrx_word' id='word_1_258' title='bbox 485 1816 531 1838; x_wconf 87' lang='lat' dir='ltr'>est</span> <span class='ocrx_word' id='word_1_259' title='bbox 555 1808 587 1838; x_wconf 91' lang='lat' dir='ltr'>in</span> <span class='ocrx_word' id='word_1_260' title='bbox 612 1807 779 1847; x_wconf 92' lang='lat' dir='ltr'>proposito</span> <span class='ocrx_word' id='word_1_261' title='bbox 804 1807 843 1837; x_wconf 92' lang='lat' dir='ltr'>de</span> <span class='ocrx_word' id='word_1_262' title='bbox 867 1817 928 1847; x_wconf 82' lang='lat' dir='ltr'>spe·</span> <span class='ocrx_word' id='word_1_263' title='bbox 947 1817 1151 1847; x_wconf 86' lang='lat' dir='ltr'>magnorum.</span> 
     </span>
    </p>

    <p class='ocr_par' dir='ltr' id='par_1_13' title="bbox 327 1851 1348 1892">
     <span class='ocr_line' id='line_1_37' title="bbox 327 1851 1348 1892; baseline -0.002 -8"><span class='ocrx_word' id='word_1_264' title='bbox 327 1854 426 1891; x_wconf 92' lang='lat' dir='ltr'>Quod</span> <span class='ocrx_word' id='word_1_265' title='bbox 456 1853 589 1883; x_wconf 89' lang='lat' dir='ltr'>demum</span> <span class='ocrx_word' id='word_1_266' title='bbox 613 1851 742 1887; x_wconf 89' lang='lat' dir='ltr'>dicitur,</span> <span class='ocrx_word' id='word_1_267' title='bbox 767 1852 856 1892; x_wconf 90' lang='lat' dir='ltr'>quod</span> <span class='ocrx_word' id='word_1_268' title='bbox 884 1851 995 1881; x_wconf 90' lang='lat' dir='ltr'>eadem</span> <span class='ocrx_word' id='word_1_269' title='bbox 1020 1858 1067 1881; x_wconf 90' lang='lat' dir='ltr'>est</span> <span class='ocrx_word' id='word_1_270' title='bbox 1089 1851 1189 1882; x_wconf 88' lang='lat' dir='ltr'>virtus</span> <span class='ocrx_word' id='word_1_271' title='bbox 1215 1851 1293 1882; x_wconf 92' lang='lat' dir='ltr'>boni</span> <span class='ocrx_word' id='word_1_272' title='bbox 1317 1858 1348 1882; x_wconf 94' lang='lat' dir='ltr'>et</span> 
     </span>
    </p>
   </div>
   <div class='ocr_carea' id='block_1_10' title="bbox 272 2032 1349 2114">
    <p class='ocr_par' dir='ltr' id='par_1_14' title="bbox 272 2032 1349 2114">
     <span class='ocr_line' id='line_1_38' title="bbox 272 2032 449 2063; baseline -0.006 0"><span class='ocrx_word' id='word_1_273' title='bbox 272 2032 449 2063; x_wconf 88' lang='lat' dir='ltr'>caelestem.</span> 
     </span>
     <span class='ocr_line' id='line_1_39' title="bbox 327 2074 1349 2114; baseline -0.004 -6"><span class='ocrx_word' id='word_1_274' title='bbox 327 2078 365 2108; x_wconf 90' lang='lat' dir='ltr'>X.</span> <span class='ocrx_word' id='word_1_275' title='bbox 392 2076 483 2108; x_wconf 89' lang='lat' dir='ltr'>Circa</span> <span class='ocrx_word' id='word_1_276' title='bbox 507 2075 654 2106; x_wconf 89' lang='lat' dir='ltr'>relictum</span> <span class='ocrx_word' id='word_1_277' title='bbox 679 2074 824 2110; x_wconf 88' lang='lat' dir='ltr'>dubium,</span> <span class='ocrx_word' id='word_1_278' title='bbox 849 2084 888 2104; x_wconf 88' lang='lat' dir='ltr'>an</span> <span class='ocrx_word' id='word_1_279' title='bbox 914 2074 1064 2114; x_wconf 89' lang='lat' dir='ltr'>patientia</span> <span class='ocrx_word' id='word_1_280' title='bbox 1087 2074 1302 2114; x_wconf 82' lang='lat' dir='ltr'>distinguatur</span> <span class='ocrx_word' id='word_1_281' title='bbox 1317 2074 1349 2104; x_wconf 89' lang='lat' dir='ltr'>in</span> 
     </span>
    </p>
   </div>
   <div class='ocr_carea' id='block_1_11' title="bbox 920 259 1824 307">
    <p class='ocr_par' dir='ltr' id='par_1_15' title="bbox 920 259 1824 307">
     <span class='ocr_line' id='line_1_40' title="bbox 920 259 1824 307; baseline 0 -9"><span class='ocrx_word' id='word_1_282' title='bbox 920 260 1189 307; x_wconf 73' lang='lat' dir='ltr'>QUAEsrio</span> <span class='ocrx_word' id='word_1_283' title='bbox 1219 259 1432 307; x_wconf 81' lang='lat' dir='ltr'>cxxxvi,</span> <span class='ocrx_word' id='word_1_284' title='bbox 1462 261 1760 298; x_wconf 80' lang='lat' dir='ltr'><strong>ARTICULUS</strong></span> <span class='ocrx_word' id='word_1_285' title='bbox 1789 262 1824 298; x_wconf 86' lang='lat' dir='ltr'><strong>v</strong></span> 
     </span>
    </p>
   </div>
   <div class='ocr_carea' id='block_1_12' title="bbox 274 338 1375 470">
    <p class='ocr_par' dir='ltr' id='par_1_16' title="bbox 274 338 1375 470">
     <span class='ocr_line' id='line_1_41' title="bbox 274 338 1375 380; baseline -0.005 -7"><span class='ocrx_word' id='word_1_286' title='bbox 274 342 381 373; x_wconf 85' lang='lat' dir='ltr'>eodem</span> <span class='ocrx_word' id='word_1_287' title='bbox 416 347 446 372; x_wconf 88' lang='lat' dir='ltr'>et</span> <span class='ocrx_word' id='word_1_288' title='bbox 474 341 627 372; x_wconf 82' lang='lat' dir='ltr'>diversis.-</span> <span class='ocrx_word' id='word_1_289' title='bbox 657 340 786 370; x_wconf 92' lang='lat' dir='ltr'>diversis</span> <span class='ocrx_word' id='word_1_290' title='bbox 811 341 959 380; x_wconf 86' lang='lat' dir='ltr'>quidem,</span> <span class='ocrx_word' id='word_1_291' title='bbox 984 339 1059 379; x_wconf 89' lang='lat' dir='ltr'>quia</span> <span class='ocrx_word' id='word_1_292' title='bbox 1091 338 1213 378; x_wconf 91' lang='lat' dir='ltr'>patiens</span> <span class='ocrx_word' id='word_1_293' title='bbox 1243 345 1290 368; x_wconf 93' lang='lat' dir='ltr'>est</span> <span class='ocrx_word' id='word_1_294' title='bbox 1312 338 1345 368; x_wconf 90' lang='lat' dir='ltr'>in</span> <span class='ocrx_word' id='word_1_295' title='bbox 1373 343 1375 351; x_wconf 89' lang='lat'><strong>¹</strong></span> 
     </span>
     <span class='ocr_line' id='line_1_42' title="bbox 274 382 1346 427; baseline -0.005 -10"><span class='ocrx_word' id='word_1_296' title='bbox 274 386 503 427; x_wconf 86' lang='lat' dir='ltr'>aequanimiter</span> <span class='ocrx_word' id='word_1_297' title='bbox 522 386 688 416; x_wconf 87' lang='lat' dir='ltr'>tolerando</span> <span class='ocrx_word' id='word_1_298' title='bbox 706 394 852 424; x_wconf 85' lang='lat' dir='ltr'>praesens</span> <span class='ocrx_word' id='word_1_299' title='bbox 877 384 1008 418; x_wconf 86' lang='lat' dir='ltr'>malum,</span> <span class='ocrx_word' id='word_1_300' title='bbox 1026 382 1116 413; x_wconf 84' lang='lat' dir='ltr'>fortis</span> <span class='ocrx_word' id='word_1_301' title='bbox 1139 392 1214 413; x_wconf 89' lang='lat' dir='ltr'>vero</span> <span class='ocrx_word' id='word_1_302' title='bbox 1239 382 1271 412; x_wconf 89' lang='lat' dir='ltr'>in</span> <span class='ocrx_word' id='word_1_303' title='bbox 1287 382 1346 412; x_wconf 87' lang='lat' dir='ltr'>im·</span> 
     </span>
     <span class='ocr_line' id='line_1_43' title="bbox 274 426 1374 470; baseline -0.005 -8"><span class='ocrx_word' id='word_1_304' title='bbox 274 431 434 461; x_wconf 88' lang='lat' dir='ltr'>mobiliter</span> <span class='ocrx_word' id='word_1_305' title='bbox 457 431 654 470; x_wconf 90' lang='lat' dir='ltr'>persistendo</span> <span class='ocrx_word' id='word_1_306' title='bbox 686 439 752 459; x_wconf 90' lang='lat' dir='ltr'>non</span> <span class='ocrx_word' id='word_1_307' title='bbox 783 430 928 458; x_wconf 85' lang='lat' dir='ltr'>obstante</span> <span class='ocrx_word' id='word_1_308' title='bbox 952 434 982 457; x_wconf 89' lang='lat' dir='ltr'>et</span> <span class='ocrx_word' id='word_1_309' title='bbox 1006 426 1120 457; x_wconf 88' lang='lat' dir='ltr'>timore</span> <span class='ocrx_word' id='word_1_310' title='bbox 1151 434 1182 457; x_wconf 96' lang='lat' dir='ltr'>et</span> <span class='ocrx_word' id='word_1_311' title='bbox 1204 426 1345 462; x_wconf 90' lang='lat' dir='ltr'>tristitia;</span> <span class='ocrx_word' id='word_1_312' title='bbox 1373 432 1374 436; x_wconf 59' lang='lat'>¹</span> 
     </span>
    </p>
   </div>
   <div class='ocr_carea' id='block_1_13' title="bbox 1400 339 2476 1272">
    <p class='ocr_par' dir='ltr' id='par_1_17' title="bbox 1400 339 2476 1138">
     <span class='ocr_line' id='line_1_44' title="bbox 1401 339 2473 384; baseline 0.006 -16"><span class='ocrx_word' id='word_1_313' title='bbox 1401 339 1511 369; x_wconf 88' lang='lat' dir='ltr'>omnia</span> <span class='ocrx_word' id='word_1_314' title='bbox 1534 340 1670 370; x_wconf 88' lang='lat' dir='ltr'>revelata</span> <span class='ocrx_word' id='word_1_315' title='bbox 1690 351 1708 370; x_wconf 89' lang='lat' dir='ltr'>a</span> <span class='ocrx_word' id='word_1_316' title='bbox 1731 341 1800 371; x_wconf 88' lang='lat' dir='ltr'>Deo</span> <span class='ocrx_word' id='word_1_317' title='bbox 1824 341 1985 372; x_wconf 87' lang='lat' dir='ltr'>Ecclesiae</span> <span class='ocrx_word' id='word_1_318' title='bbox 2009 342 2217 380; x_wconf 83' lang='lat' dir='ltr'>Christianae,</span> <span class='ocrx_word' id='word_1_319' title='bbox 2233 343 2276 374; x_wconf 87' lang='lat' dir='ltr'>ita</span> <span class='ocrx_word' id='word_1_320' title='bbox 2299 344 2389 384; x_wconf 92' lang='lat' dir='ltr'>quod</span> <span class='ocrx_word' id='word_1_321' title='bbox 2413 350 2473 374; x_wconf 84' lang='lat' dir='ltr'>sta-</span> 
     </span>
     <span class='ocr_line' id='line_1_45' title="bbox 1400 382 2472 428; baseline 0.006 -16"><span class='ocrx_word' id='word_1_322' title='bbox 1400 382 1460 412; x_wconf 90' lang='lat' dir='ltr'>tim</span> <span class='ocrx_word' id='word_1_323' title='bbox 1484 384 1574 424; x_wconf 92' lang='lat' dir='ltr'>quod</span> <span class='ocrx_word' id='word_1_324' title='bbox 1597 384 1669 425; x_wconf 92' lang='lat' dir='ltr'>quis</span> <span class='ocrx_word' id='word_1_325' title='bbox 1693 384 1813 425; x_wconf 88' lang='lat' dir='ltr'>aliquid</span> <span class='ocrx_word' id='word_1_326' title='bbox 1837 385 2036 426; x_wconf 87' lang='lat' dir='ltr'>pertinaciter</span> <span class='ocrx_word' id='word_1_327' title='bbox 2060 388 2199 418; x_wconf 89' lang='lat' dir='ltr'>crederet</span> <span class='ocrx_word' id='word_1_328' title='bbox 2224 395 2472 428; x_wconf 89' lang='lat' dir='ltr'>quantumcum-</span> 
     </span>
     <span class='ocr_line' id='line_1_46' title="bbox 1401 428 2473 468; baseline 0.006 -11"><span class='ocrx_word' id='word_1_329' title='bbox 1401 436 1464 466; x_wconf 92' lang='lat' dir='ltr'>que</span> <span class='ocrx_word' id='word_1_330' title='bbox 1491 428 1680 467; x_wconf 88' lang='lat' dir='ltr'>oppositum</span> <span class='ocrx_word' id='word_1_331' title='bbox 1710 429 1964 461; x_wconf 82' lang='lat' dir='ltr'>determinavetit</span> <span class='ocrx_word' id='word_1_332' title='bbox 1991 431 2150 468; x_wconf 87' lang='lat' dir='ltr'>Ecclesia,</span> <span class='ocrx_word' id='word_1_333' title='bbox 2174 431 2320 462; x_wconf 82' lang='lat' dir='ltr'>habitum</span> <span class='ocrx_word' id='word_1_334' title='bbox 2350 432 2473 462; x_wconf 87' lang='lat' dir='ltr'>infusae</span> 
     </span>
     <span class='ocr_line' id='line_1_47' title="bbox 1401 469 2473 516; baseline 0.007 -16"><span class='ocrx_word' id='word_1_335' title='bbox 1401 469 1474 500; x_wconf 88' lang='lat' dir='ltr'>fidei</span> <span class='ocrx_word' id='word_1_336' title='bbox 1491 472 1596 502; x_wconf 86' lang='lat' dir='ltr'>statim</span> <span class='ocrx_word' id='word_1_337' title='bbox 1612 473 1728 513; x_wconf 89' lang='lat' dir='ltr'>perdit:</span> <span class='ocrx_word' id='word_1_338' title='bbox 1749 490 1770 496; x_wconf 91' lang='lat'>-</span> <span class='ocrx_word' id='word_1_339' title='bbox 1783 475 1943 514; x_wconf 80' lang='lat' dir='ltr'>quocirca,</span> <span class='ocrx_word' id='word_1_340' title='bbox 1958 475 1998 505; x_wconf 87' lang='lat' dir='ltr'>ad</span> <span class='ocrx_word' id='word_1_341' title='bbox 2014 475 2189 512; x_wconf 75' lang='lat' dir='ltr'>videndum</span> <span class='ocrx_word' id='word_1_342' title='bbox 2202 486 2242 506; x_wconf 90' lang='lat' dir='ltr'>an</span> <span class='ocrx_word' id='word_1_343' title='bbox 2255 476 2360 516; x_wconf 87' lang='lat' dir='ltr'>aliqua</span> <span class='ocrx_word' id='word_1_344' title='bbox 2374 477 2473 507; x_wconf 90' lang='lat' dir='ltr'>virtus</span> 
     </span>
     <span class='ocr_line' id='line_1_48' title="bbox 1402 515 2471 558; baseline 0.007 -14"><span class='ocrx_word' id='word_1_345' title='bbox 1402 515 1502 554; x_wconf 87' lang='lat' dir='ltr'>possit</span> <span class='ocrx_word' id='word_1_346' title='bbox 1526 525 1593 546; x_wconf 91' lang='lat' dir='ltr'>esse</span> <span class='ocrx_word' id='word_1_347' title='bbox 1616 516 1772 553; x_wconf 91' lang='lat' dir='ltr'>informis,</span> <span class='ocrx_word' id='word_1_348' title='bbox 1793 519 2002 558; x_wconf 88' lang='lat' dir='ltr'>spectandum</span> <span class='ocrx_word' id='word_1_349' title='bbox 2026 527 2072 551; x_wconf 88' lang='lat' dir='ltr'>est</span> <span class='ocrx_word' id='word_1_350' title='bbox 2087 530 2126 550; x_wconf 90' lang='lat' dir='ltr'>an</span> <span class='ocrx_word' id='word_1_351' title='bbox 2142 531 2200 551; x_wconf 87' lang='lat' dir='ltr'>sua</span> <span class='ocrx_word' id='word_1_352' title='bbox 2215 521 2358 551; x_wconf 87' lang='lat' dir='ltr'>formalis</span> <span class='ocrx_word' id='word_1_353' title='bbox 2382 521 2471 557; x_wconf 82' lang='lat' dir='ltr'>ratio,</span> 
     </span>
     <span class='ocr_line' id='line_1_49' title="bbox 1401 559 2472 600; baseline 0.007 -12"><span class='ocrx_word' id='word_1_354' title='bbox 1401 568 1465 599; x_wconf 90' lang='lat' dir='ltr'>qua</span> <span class='ocrx_word' id='word_1_355' title='bbox 1488 559 1614 599; x_wconf 86' lang='lat' dir='ltr'>attingit</span> <span class='ocrx_word' id='word_1_356' title='bbox 1629 561 1792 592; x_wconf 87' lang='lat' dir='ltr'>obiectum</span> <span class='ocrx_word' id='word_1_357' title='bbox 1809 573 1915 600; x_wconf 88' lang='lat' dir='ltr'>suum,</span> <span class='ocrx_word' id='word_1_358' title='bbox 1933 564 2071 595; x_wconf 86' lang='lat' dir='ltr'>salvetur</span> <span class='ocrx_word' id='word_1_359' title='bbox 2086 565 2153 595; x_wconf 88' lang='lat' dir='ltr'>sine</span> <span class='ocrx_word' id='word_1_360' title='bbox 2177 565 2312 596; x_wconf 86' lang='lat' dir='ltr'>caritate.</span> <span class='ocrx_word' id='word_1_361' title='bbox 2337 565 2368 596; x_wconf 90' lang='lat' dir='ltr'>Si</span> <span class='ocrx_word' id='word_1_362' title='bbox 2387 565 2472 595; x_wconf 91' lang='lat' dir='ltr'>enim</span> 
     </span>
     <span class='ocr_line' id='line_1_50' title="bbox 1401 604 2472 648; baseline 0.008 -16"><span class='ocrx_word' id='word_1_363' title='bbox 1401 610 1506 643; x_wconf 90' lang='lat' dir='ltr'>potest</span> <span class='ocrx_word' id='word_1_364' title='bbox 1536 604 1604 634; x_wconf 86' lang='lat' dir='ltr'>sine</span> <span class='ocrx_word' id='word_1_365' title='bbox 1628 605 1755 636; x_wconf 87' lang='lat' dir='ltr'>caritate</span> <span class='ocrx_word' id='word_1_366' title='bbox 1785 607 1911 644; x_wconf 81' lang='lat' dir='ltr'>salvari,</span> <span class='ocrx_word' id='word_1_367' title='bbox 1937 615 2042 648; x_wconf 88' lang='lat' dir='ltr'>potest</span> <span class='ocrx_word' id='word_1_368' title='bbox 2069 618 2136 639; x_wconf 88' lang='lat' dir='ltr'>esse</span> <span class='ocrx_word' id='word_1_369' title='bbox 2160 609 2323 646; x_wconf 85' lang='lat' dir='ltr'>informis;</span> <span class='ocrx_word' id='word_1_370' title='bbox 2358 610 2383 640; x_wconf 90' lang='lat' dir='ltr'>si</span> <span class='ocrx_word' id='word_1_371' title='bbox 2407 620 2472 640; x_wconf 90' lang='lat' dir='ltr'>non</span> 
     </span>
     <span class='ocr_line' id='line_1_51' title="bbox 1400 648 2473 695; baseline 0.008 -19"><span class='ocrx_word' id='word_1_372' title='bbox 1400 654 1507 687; x_wconf 88' lang='lat' dir='ltr'>potest</span> <span class='ocrx_word' id='word_1_373' title='bbox 1525 649 1636 678; x_wconf 86' lang='lat' dir='ltr'>salvari</span> <span class='ocrx_word' id='word_1_374' title='bbox 1655 648 1724 679; x_wconf 90' lang='lat' dir='ltr'>sine</span> <span class='ocrx_word' id='word_1_375' title='bbox 1740 650 1865 681; x_wconf 86' lang='lat' dir='ltr'>caritate</span> <span class='ocrx_word' id='word_1_376' title='bbox 1881 651 2068 683; x_wconf 87' lang='lat' dir='ltr'>huiusmodi</span> <span class='ocrx_word' id='word_1_377' title='bbox 2093 653 2183 690; x_wconf 89' lang='lat' dir='ltr'>ratio,</span> <span class='ocrx_word' id='word_1_378' title='bbox 2201 664 2268 684; x_wconf 89' lang='lat' dir='ltr'>non</span> <span class='ocrx_word' id='word_1_379' title='bbox 2285 662 2390 695; x_wconf 91' lang='lat' dir='ltr'>potest</span> <span class='ocrx_word' id='word_1_380' title='bbox 2407 664 2473 685; x_wconf 87' lang='lat' dir='ltr'>esse</span> 
     </span>
     <span class='ocr_line' id='line_1_52' title="bbox 1400 691 2472 739; baseline 0.008 -18"><span class='ocrx_word' id='word_1_381' title='bbox 1400 691 1566 722; x_wconf 90' lang='lat' dir='ltr'>informis:</span> <span class='ocrx_word' id='word_1_382' title='bbox 1591 699 1721 732; x_wconf 89' lang='lat' dir='ltr'>propter</span> <span class='ocrx_word' id='word_1_383' title='bbox 1739 693 1802 724; x_wconf 87' lang='lat' dir='ltr'>hoc</span> <span class='ocrx_word' id='word_1_384' title='bbox 1818 695 1904 725; x_wconf 88' lang='lat' dir='ltr'>enim</span> <span class='ocrx_word' id='word_1_385' title='bbox 1919 695 1999 726; x_wconf 87' lang='lat' dir='ltr'>fides</span> <span class='ocrx_word' id='word_1_386' title='bbox 2015 704 2120 737; x_wconf 89' lang='lat' dir='ltr'>potest</span> <span class='ocrx_word' id='word_1_387' title='bbox 2143 707 2210 729; x_wconf 91' lang='lat' dir='ltr'>esse</span> <span class='ocrx_word' id='word_1_388' title='bbox 2226 698 2382 735; x_wconf 90' lang='lat' dir='ltr'>informis,</span> <span class='ocrx_word' id='word_1_389' title='bbox 2399 709 2472 739; x_wconf 89' lang='lat' dir='ltr'>pru-</span> 
     </span>
     <span class='ocr_line' id='line_1_53' title="bbox 1401 736 2471 781; baseline 0.008 -16"><span class='ocrx_word' id='word_1_390' title='bbox 1401 736 1506 767; x_wconf 88' lang='lat' dir='ltr'>dentia</span> <span class='ocrx_word' id='word_1_391' title='bbox 1530 743 1638 767; x_wconf 86' lang='lat' dir='ltr'>autem</span> <span class='ocrx_word' id='word_1_392' title='bbox 1661 747 1738 774; x_wconf 84' lang='lat' dir='ltr'>non,</span> <span class='ocrx_word' id='word_1_393' title='bbox 1755 745 1792 768; x_wconf 89' lang='lat' dir='ltr'>ut</span> <span class='ocrx_word' id='word_1_394' title='bbox 1815 745 1901 778; x_wconf 89' lang='lat' dir='ltr'>patet</span> <span class='ocrx_word' id='word_1_395' title='bbox 1923 749 1960 770; x_wconf 79' lang='lat' dir='ltr'>ex</span> <span class='ocrx_word' id='word_1_396' title='bbox 1979 741 2125 781; x_wconf 83' lang='lat' dir='ltr'>superius</span> <span class='ocrx_word' id='word_1_397' title='bbox 2139 741 2158 761; x_wconf 93' lang='lat'><strong><em>*</em></strong></span> <span class='ocrx_word' id='word_1_398' title='bbox 2181 743 2280 774; x_wconf 87' lang='lat' dir='ltr'>dictis.</span> <span class='ocrx_word' id='word_1_399' title='bbox 2306 744 2471 781; x_wconf 88' lang='lat' dir='ltr'>Quantum</span> 
     </span>
     <span class='ocr_line' id='line_1_54' title="bbox 1400 781 2474 827; baseline 0.008 -17"><span class='ocrx_word' id='word_1_400' title='bbox 1400 788 1508 811; x_wconf 89' lang='lat' dir='ltr'>autem</span> <span class='ocrx_word' id='word_1_401' title='bbox 1531 781 1571 811; x_wconf 86' lang='lat' dir='ltr'>ab</span> <span class='ocrx_word' id='word_1_402' title='bbox 1593 783 1733 825; x_wconf 81' lang='lat' dir='ltr'>Auctore</span> <span class='ocrx_word' id='word_1_403' title='bbox 1756 782 1914 823; x_wconf 73' lang='lat' dir='ltr'>concipio,</span> <span class='ocrx_word' id='word_1_404' title='bbox 1936 785 1992 825; x_wconf 92' lang='lat' dir='ltr'>qui</span> <span class='ocrx_word' id='word_1_405' title='bbox 2015 786 2124 825; x_wconf 83' lang='lat' dir='ltr'>posuit</span> <span class='ocrx_word' id='word_1_406' title='bbox 2143 787 2345 827; x_wconf 85' lang='lat' dir='ltr'>patientiam,</span> <span class='ocrx_word' id='word_1_407' title='bbox 2370 795 2406 818; x_wconf 93' lang='lat' dir='ltr'>ut</span> <span class='ocrx_word' id='word_1_408' title='bbox 2428 795 2474 818; x_wconf 92' lang='lat' dir='ltr'>est</span> 
     </span>
     <span class='ocr_line' id='line_1_55' title="bbox 1401 825 2473 872; baseline 0.008 -17"><span class='ocrx_word' id='word_1_409' title='bbox 1401 825 1544 865; x_wconf 88' lang='lat' dir='ltr'>specialis</span> <span class='ocrx_word' id='word_1_410' title='bbox 1566 825 1676 862; x_wconf 88' lang='lat' dir='ltr'>virtus,</span> <span class='ocrx_word' id='word_1_411' title='bbox 1701 829 1769 856; x_wconf 61' lang='lat' dir='ltr'>esSe</span> <span class='ocrx_word' id='word_1_412' title='bbox 1793 827 1943 858; x_wconf 85' lang='lat' dir='ltr'>virtutem</span> <span class='ocrx_word' id='word_1_413' title='bbox 1965 829 2145 869; x_wconf 80' lang='lat' dir='ltr'>gratuitam,</span> <span class='ocrx_word' id='word_1_414' title='bbox 2170 841 2235 862; x_wconf 86' lang='lat' dir='ltr'>non</span> <span class='ocrx_word' id='word_1_415' title='bbox 2259 832 2422 872; x_wconf 86' lang='lat' dir='ltr'>politicam</span> <span class='ocrx_word' id='word_1_416' title='bbox 2437 833 2473 869; x_wconf 85' lang='lat'>*;</span> 
     </span>
     <span class='ocr_line' id='line_1_56' title="bbox 1401 869 2474 915; baseline 0.008 -16"><span class='ocrx_word' id='word_1_417' title='bbox 1401 869 1480 900; x_wconf 85' lang='lat' dir='ltr'>ratio</span> <span class='ocrx_word' id='word_1_418' title='bbox 1504 870 1648 900; x_wconf 89' lang='lat' dir='ltr'>formalis</span> <span class='ocrx_word' id='word_1_419' title='bbox 1670 870 1840 910; x_wconf 83' lang='lat' dir='ltr'>patientiae</span> <span class='ocrx_word' id='word_1_420' title='bbox 1871 872 2015 904; x_wconf 78' lang='lat' dir='ltr'>consistit</span> <span class='ocrx_word' id='word_1_421' title='bbox 2037 873 2070 904; x_wconf 88' lang='lat' dir='ltr'>in</span> <span class='ocrx_word' id='word_1_422' title='bbox 2097 875 2278 915; x_wconf 85' lang='lat' dir='ltr'>aequanimi</span> <span class='ocrx_word' id='word_1_423' title='bbox 2308 877 2474 908; x_wconf 87' lang='lat' dir='ltr'>tolerantia</span> 
     </span>
     <span class='ocr_line' id='line_1_57' title="bbox 1402 915 2473 956; baseline 0.009 -13"><span class='ocrx_word' id='word_1_424' title='bbox 1402 915 1608 945; x_wconf 88' lang='lat' dir='ltr'>adversorum</span> <span class='ocrx_word' id='word_1_425' title='bbox 1632 922 1763 955; x_wconf 87' lang='lat' dir='ltr'>propter</span> <span class='ocrx_word' id='word_1_426' title='bbox 1781 917 2033 956; x_wconf 85' lang='lat' dir='ltr'>supernaturalia</span> <span class='ocrx_word' id='word_1_427' title='bbox 2057 918 2152 950; x_wconf 87' lang='lat' dir='ltr'>bona.</span> <span class='ocrx_word' id='word_1_428' title='bbox 2180 920 2252 950; x_wconf 84' lang='lat' dir='ltr'>Hoc</span> <span class='ocrx_word' id='word_1_429' title='bbox 2275 928 2383 952; x_wconf 88' lang='lat' dir='ltr'>autem</span> <span class='ocrx_word' id='word_1_430' title='bbox 2408 931 2473 953; x_wconf 90' lang='lat' dir='ltr'>non</span> 
     </span>
     <span class='ocr_line' id='line_1_58' title="bbox 1402 959 2474 1006; baseline 0.007 -17"><span class='ocrx_word' id='word_1_431' title='bbox 1402 965 1508 999; x_wconf 89' lang='lat' dir='ltr'>potest</span> <span class='ocrx_word' id='word_1_432' title='bbox 1530 969 1597 990; x_wconf 90' lang='lat' dir='ltr'>esse</span> <span class='ocrx_word' id='word_1_433' title='bbox 1620 959 1775 990; x_wconf 84' lang='lat' dir='ltr'>informe:</span> <span class='ocrx_word' id='word_1_434' title='bbox 1801 970 1875 991; x_wconf 89' lang='lat' dir='ltr'>cum</span> <span class='ocrx_word' id='word_1_435' title='bbox 1899 961 1966 991; x_wconf 84' lang='lat' dir='ltr'>sine</span> <span class='ocrx_word' id='word_1_436' title='bbox 1982 961 2108 993; x_wconf 83' lang='lat' dir='ltr'>caritate</span> <span class='ocrx_word' id='word_1_437' title='bbox 2131 973 2199 994; x_wconf 79' lang='lat' dir='ltr'>esse</span> <span class='ocrx_word' id='word_1_438' title='bbox 2223 973 2369 1006; x_wconf 87' lang='lat' dir='ltr'>nequeat,</span> <span class='ocrx_word' id='word_1_439' title='bbox 2387 973 2423 997; x_wconf 90' lang='lat' dir='ltr'>ut</span> <span class='ocrx_word' id='word_1_440' title='bbox 2441 967 2474 997; x_wconf 90' lang='lat' dir='ltr'>in</span> 
     </span>
     <span class='ocr_line' id='line_1_59' title="bbox 1402 1003 2474 1047; baseline 0.008 -14"><span class='ocrx_word' id='word_1_441' title='bbox 1402 1003 1502 1034; x_wconf 90' lang='lat' dir='ltr'>littera</span> <span class='ocrx_word' id='word_1_442' title='bbox 1515 1003 1534 1023; x_wconf 84' lang='lat'>*</span> <span class='ocrx_word' id='word_1_443' title='bbox 1549 1005 1713 1044; x_wconf 86' lang='lat' dir='ltr'>probatur.</span> <span class='ocrx_word' id='word_1_444' title='bbox 1738 1005 1832 1035; x_wconf 89' lang='lat' dir='ltr'>Unde</span> <span class='ocrx_word' id='word_1_445' title='bbox 1849 1005 1950 1036; x_wconf 85' lang='lat' dir='ltr'>virtus</span> <span class='ocrx_word' id='word_1_446' title='bbox 1964 1005 2134 1047; x_wconf 85' lang='lat' dir='ltr'>patientiae</span> <span class='ocrx_word' id='word_1_447' title='bbox 2150 1007 2194 1039; x_wconf 87' lang='lat' dir='ltr'>sic</span> <span class='ocrx_word' id='word_1_448' title='bbox 2209 1015 2257 1039; x_wconf 87' lang='lat' dir='ltr'>est</span> <span class='ocrx_word' id='word_1_449' title='bbox 2272 1010 2408 1041; x_wconf 84' lang='lat' dir='ltr'>caritatis</span> <span class='ocrx_word' id='word_1_450' title='bbox 2421 1020 2474 1041; x_wconf 91' lang='lat' dir='ltr'>co-</span> 
     </span>
     <span class='ocr_line' id='line_1_60' title="bbox 1402 1049 2476 1095; baseline 0.007 -17"><span class='ocrx_word' id='word_1_451' title='bbox 1402 1058 1469 1079; x_wconf 84' lang='lat' dir='ltr'>mes</span> <span class='ocrx_word' id='word_1_452' title='bbox 1493 1049 1582 1089; x_wconf 87' lang='lat' dir='ltr'>quod</span> <span class='ocrx_word' id='word_1_453' title='bbox 1605 1055 1661 1079; x_wconf 85' lang='lat' dir='ltr'>aut</span> <span class='ocrx_word' id='word_1_454' title='bbox 1684 1059 1750 1079; x_wconf 86' lang='lat' dir='ltr'>non</span> <span class='ocrx_word' id='word_1_455' title='bbox 1774 1057 1836 1086; x_wconf 87' lang='lat' dir='ltr'>est,</span> <span class='ocrx_word' id='word_1_456' title='bbox 1861 1057 1918 1081; x_wconf 88' lang='lat' dir='ltr'>aut</span> <span class='ocrx_word' id='word_1_457' title='bbox 1941 1057 1988 1081; x_wconf 84' lang='lat' dir='ltr'>est</span> <span class='ocrx_word' id='word_1_458' title='bbox 2011 1061 2087 1081; x_wconf 87' lang='lat' dir='ltr'>cum</span> <span class='ocrx_word' id='word_1_459' title='bbox 2115 1052 2250 1084; x_wconf 84' lang='lat' dir='ltr'>caritate.</span> <span class='ocrx_word' id='word_1_460' title='bbox 2282 1053 2323 1085; x_wconf 91' lang='lat' dir='ltr'>Et</span> <span class='ocrx_word' id='word_1_461' title='bbox 2345 1062 2476 1095; x_wconf 87' lang='lat' dir='ltr'>propter</span> 
     </span>
     <span class='ocr_line' id='line_1_61' title="bbox 1401 1093 2474 1138; baseline 0.007 -15"><span class='ocrx_word' id='word_1_462' title='bbox 1401 1093 1463 1123; x_wconf 91' lang='lat' dir='ltr'>hoc</span> <span class='ocrx_word' id='word_1_463' title='bbox 1487 1094 1665 1133; x_wconf 84' lang='lat' dir='ltr'>Apostolus</span> <span class='ocrx_word' id='word_1_464' title='bbox 1689 1094 1798 1134; x_wconf 91' lang='lat' dir='ltr'>posuit</span> <span class='ocrx_word' id='word_1_465' title='bbox 1821 1094 2068 1136; x_wconf 84' lang='lat' dir='ltr'>primogenitam</span> <span class='ocrx_word' id='word_1_466' title='bbox 2094 1096 2231 1128; x_wconf 86' lang='lat' dir='ltr'>caritatis</span> <span class='ocrx_word' id='word_1_467' title='bbox 2246 1098 2432 1138; x_wconf 78' lang='lat' dir='ltr'>patientiam</span> <span class='ocrx_word' id='word_1_468' title='bbox 2446 1099 2474 1130; x_wconf 77' lang='grc'>*.</span> 
     </span>
    </p>

    <p class='ocr_par' dir='ltr' id='par_1_18' title="bbox 1401 1137 2476 1272">
     <span class='ocr_line' id='line_1_62' title="bbox 1456 1137 2475 1175; baseline 0.007 -7"><span class='ocrx_word' id='word_1_469' title='bbox 1456 1138 1511 1168; x_wconf 89' lang='lat' dir='ltr'>Xl.</span> <span class='ocrx_word' id='word_1_470' title='bbox 1536 1138 1598 1169; x_wconf 90' lang='lat' dir='ltr'>Sed</span> <span class='ocrx_word' id='word_1_471' title='bbox 1622 1138 1759 1169; x_wconf 86' lang='lat' dir='ltr'>occurrit</span> <span class='ocrx_word' id='word_1_472' title='bbox 1781 1139 1844 1169; x_wconf 89' lang='lat' dir='ltr'>hoc</span> <span class='ocrx_word' id='word_1_473' title='bbox 1859 1139 1892 1169; x_wconf 90' lang='lat' dir='ltr'>in</span> <span class='ocrx_word' id='word_1_474' title='bbox 1915 1139 1989 1171; x_wconf 90' lang='lat' dir='ltr'>loco</span> <span class='ocrx_word' id='word_1_475' title='bbox 2006 1140 2142 1171; x_wconf 90' lang='lat' dir='ltr'>dubium</span> <span class='ocrx_word' id='word_1_476' title='bbox 2157 1141 2262 1172; x_wconf 89' lang='lat' dir='ltr'>maius</span> <span class='ocrx_word' id='word_1_477' title='bbox 2286 1149 2395 1174; x_wconf 88' lang='lat' dir='ltr'>contra</span> <span class='ocrx_word' id='word_1_478' title='bbox 2409 1137 2475 1175; x_wconf 81' lang='lat' dir='ltr'>Do-</span> 
     </span>
     <span class='ocr_line' id='line_1_63' title="bbox 1401 1182 2475 1226; baseline 0.007 -14"><span class='ocrx_word' id='word_1_479' title='bbox 1401 1189 1532 1213; x_wconf 90' lang='lat' dir='ltr'>ctorem.</span> <span class='ocrx_word' id='word_1_480' title='bbox 1558 1182 1644 1220; x_wconf 89' lang='lat' dir='ltr'>Quia</span> <span class='ocrx_word' id='word_1_481' title='bbox 1667 1193 1704 1213; x_wconf 86' lang='lat' dir='ltr'>ex</span> <span class='ocrx_word' id='word_1_482' title='bbox 1727 1183 1790 1214; x_wconf 89' lang='lat' dir='ltr'>hoc</span> <span class='ocrx_word' id='word_1_483' title='bbox 1812 1183 1883 1224; x_wconf 85' lang='lat' dir='ltr'>ipso</span> <span class='ocrx_word' id='word_1_484' title='bbox 1908 1185 1998 1225; x_wconf 94' lang='lat' dir='ltr'>quod</span> <span class='ocrx_word' id='word_1_485' title='bbox 2021 1185 2061 1216; x_wconf 87' lang='lat' dir='ltr'>ad</span> <span class='ocrx_word' id='word_1_486' title='bbox 2085 1186 2271 1226; x_wconf 89' lang='lat' dir='ltr'>patientiam</span> <span class='ocrx_word' id='word_1_487' title='bbox 2298 1188 2475 1219; x_wconf 86' lang='lat' dir='ltr'>secundum</span> 
     </span>
     <span class='ocr_line' id='line_1_64' title="bbox 1401 1227 2476 1272; baseline 0.005 -14"><span class='ocrx_word' id='word_1_488' title='bbox 1401 1227 1489 1268; x_wconf 92' lang='lat' dir='ltr'>quod</span> <span class='ocrx_word' id='word_1_489' title='bbox 1514 1234 1560 1259; x_wconf 92' lang='lat' dir='ltr'>est</span> <span class='ocrx_word' id='word_1_490' title='bbox 1582 1227 1692 1264; x_wconf 82' lang='lat' dir='ltr'>virtus,</span> <span class='ocrx_word' id='word_1_491' title='bbox 1709 1235 1830 1268; x_wconf 87' lang='lat' dir='ltr'>spectat</span> <span class='ocrx_word' id='word_1_492' title='bbox 1852 1229 1962 1259; x_wconf 87' lang='lat' dir='ltr'>omnia</span> <span class='ocrx_word' id='word_1_493' title='bbox 1985 1230 2119 1260; x_wconf 86' lang='lat' dir='ltr'>tolerare</span> <span class='ocrx_word' id='word_1_494' title='bbox 2138 1237 2269 1272; x_wconf 90' lang='lat' dir='ltr'>propter</span> <span class='ocrx_word' id='word_1_495' title='bbox 2284 1231 2409 1262; x_wconf 89' lang='lat' dir='ltr'>bonum</span> <span class='ocrx_word' id='word_1_496' title='bbox 2424 1240 2476 1263; x_wconf 84' lang='lat' dir='ltr'>su-</span> 
     </span>
    </p>
   </div>
   <div class='ocr_carea' id='block_1_14' title="bbox 327 1272 2476 1357">
    <p class='ocr_par' dir='ltr' id='par_1_19' title="bbox 327 1272 2476 1357">
     <span class='ocr_line' id='line_1_65' title="bbox 1373 1272 2476 1315; baseline 0.006 -14"><span class='ocrx_word' id='word_1_497' title='bbox 1373 1278 1374 1283; x_wconf 60' lang='lat'><em>*</em></span> <span class='ocrx_word' id='word_1_498' title='bbox 1401 1272 1617 1312; x_wconf 84' lang='lat' dir='ltr'>pernaturale,</span> <span class='ocrx_word' id='word_1_499' title='bbox 1642 1273 1787 1313; x_wconf 87' lang='lat' dir='ltr'>sequitur</span> <span class='ocrx_word' id='word_1_500' title='bbox 1809 1273 1899 1314; x_wconf 93' lang='lat' dir='ltr'>quod</span> <span class='ocrx_word' id='word_1_501' title='bbox 1922 1274 1962 1304; x_wconf 88' lang='lat' dir='ltr'>ad</span> <span class='ocrx_word' id='word_1_502' title='bbox 1986 1274 2089 1315; x_wconf 80' lang='lat' dir='ltr'>ipsam</span> <span class='ocrx_word' id='word_1_503' title='bbox 2117 1282 2238 1315; x_wconf 85' lang='lat' dir='ltr'>spectet</span> <span class='ocrx_word' id='word_1_504' title='bbox 2261 1276 2357 1307; x_wconf 87' lang='lat' dir='ltr'>etiam</span> <span class='ocrx_word' id='word_1_505' title='bbox 2383 1276 2476 1308; x_wconf 85' lang='lat' dir='ltr'>susti-</span> 
     </span>
     <span class='ocr_line' id='line_1_66' title="bbox 327 1316 1374 1357; baseline -0.001 -8"><span class='ocrx_word' id='word_1_506' title='bbox 327 1319 367 1349; x_wconf 91' lang='lat' dir='ltr'>Et</span> <span class='ocrx_word' id='word_1_507' title='bbox 391 1328 466 1349; x_wconf 90' lang='lat' dir='ltr'>cum</span> <span class='ocrx_word' id='word_1_508' title='bbox 497 1318 628 1348; x_wconf 87' lang='lat' dir='ltr'>dicitur:</span> <span class='ocrx_word' id='word_1_509' title='bbox 663 1317 786 1347; x_wconf 85' lang='lat' dir='ltr'>Eadem</span> <span class='ocrx_word' id='word_1_510' title='bbox 817 1322 894 1348; x_wconf 83' lang='lat' dir='ltr'>sunt</span> <span class='ocrx_word' id='word_1_511' title='bbox 923 1316 1076 1354; x_wconf 83' lang='lat' dir='ltr'>adversa,</span> <span class='ocrx_word' id='word_1_512' title='bbox 1100 1326 1157 1348; x_wconf 82' lang='lat' dir='ltr'>seu</span> <span class='ocrx_word' id='word_1_513' title='bbox 1183 1318 1346 1357; x_wconf 83' lang='lat' dir='ltr'>pericula,</span> <span class='ocrx_word' id='word_1_514' title='bbox 1373 1319 1374 1324; x_wconf 78' lang='grc'>’</span> 
     </span>
    </p>
   </div>
   <div class='ocr_carea' id='block_1_15' title="bbox 1401 1316 2477 1448">
    <p class='ocr_par' dir='ltr' id='par_1_20' title="bbox 1401 1316 2477 1448">
     <span class='ocr_line' id='line_1_67' title="bbox 1401 1316 2476 1359; baseline 0.006 -13"><span class='ocrx_word' id='word_1_515' title='bbox 1401 1326 1475 1347; x_wconf 90' lang='lat' dir='ltr'>nere</span> <span class='ocrx_word' id='word_1_516' title='bbox 1499 1316 1706 1348; x_wconf 90' lang='lat' dir='ltr'>amissionem</span> <span class='ocrx_word' id='word_1_517' title='bbox 1721 1316 1814 1354; x_wconf 86' lang='lat' dir='ltr'>vitae,</span> <span class='ocrx_word' id='word_1_518' title='bbox 1830 1327 1912 1359; x_wconf 90' lang='lat' dir='ltr'>quae</span> <span class='ocrx_word' id='word_1_519' title='bbox 1928 1325 1976 1349; x_wconf 87' lang='lat' dir='ltr'>est</span> <span class='ocrx_word' id='word_1_520' title='bbox 1997 1329 2165 1350; x_wconf 87' lang='lat' dir='ltr'>summum</span> <span class='ocrx_word' id='word_1_521' title='bbox 2180 1321 2306 1351; x_wconf 90' lang='lat' dir='ltr'>bonum</span> <span class='ocrx_word' id='word_1_522' title='bbox 2322 1321 2476 1353; x_wconf 86' lang='lat' dir='ltr'>naturale.</span> 
     </span>
     <span class='ocr_line' id='line_1_68' title="bbox 1402 1361 2477 1402; baseline 0.006 -11"><span class='ocrx_word' id='word_1_523' title='bbox 1402 1362 1443 1392; x_wconf 84' lang='lat' dir='ltr'>Et</span> <span class='ocrx_word' id='word_1_524' title='bbox 1466 1361 1491 1392; x_wconf 90' lang='lat' dir='ltr'>si</span> <span class='ocrx_word' id='word_1_525' title='bbox 1517 1361 1579 1392; x_wconf 88' lang='lat' dir='ltr'>hoc</span> <span class='ocrx_word' id='word_1_526' title='bbox 1603 1361 1804 1398; x_wconf 83' lang='lat' dir='ltr'>conceditur,</span> <span class='ocrx_word' id='word_1_527' title='bbox 1829 1372 1905 1402; x_wconf 84' lang='lat' dir='ltr'>ergo</span> <span class='ocrx_word' id='word_1_528' title='bbox 1929 1373 1996 1394; x_wconf 90' lang='lat' dir='ltr'>non</span> <span class='ocrx_word' id='word_1_529' title='bbox 2021 1371 2067 1395; x_wconf 85' lang='lat' dir='ltr'>est</span> <span class='ocrx_word' id='word_1_530' title='bbox 2088 1364 2189 1396; x_wconf 85' lang='lat' dir='ltr'>virtus</span> <span class='ocrx_word' id='word_1_531' title='bbox 2217 1365 2365 1396; x_wconf 86' lang='lat' dir='ltr'>adiuncta</span> <span class='ocrx_word' id='word_1_532' title='bbox 2389 1365 2477 1397; x_wconf 87' lang='lat' dir='ltr'>forti-</span> 
     </span>
     <span class='ocr_line' id='line_1_69' title="bbox 1402 1406 2035 1448; baseline 0.005 -12"><span class='ocrx_word' id='word_1_533' title='bbox 1402 1406 1516 1442; x_wconf 90' lang='lat' dir='ltr'>tudini,</span> <span class='ocrx_word' id='word_1_534' title='bbox 1540 1406 1596 1436; x_wconf 91' lang='lat' dir='ltr'>sed</span> <span class='ocrx_word' id='word_1_535' title='bbox 1612 1407 1766 1437; x_wconf 85' lang='lat' dir='ltr'>excedens</span> <span class='ocrx_word' id='word_1_536' title='bbox 1790 1407 1899 1447; x_wconf 86' lang='lat' dir='ltr'>potius</span> <span class='ocrx_word' id='word_1_537' title='bbox 1921 1407 2035 1448; x_wconf 88' lang='lat' dir='ltr'>ipsam.</span> 
     </span>
    </p>
   </div>
   <div class='ocr_carea' id='block_1_16' title="bbox 1458 1451 2516 1494">
    <p class='ocr_par' dir='ltr' id='par_1_21' title="bbox 1458 1451 2516 1494">
     <span class='ocr_line' id='line_1_70' title="bbox 1458 1451 2516 1494; baseline 0.005 -13"><span class='ocrx_word' id='word_1_538' title='bbox 1458 1451 1508 1481; x_wconf 90' lang='lat' dir='ltr'>Ad</span> <span class='ocrx_word' id='word_1_539' title='bbox 1532 1451 1595 1481; x_wconf 90' lang='lat' dir='ltr'>hoc</span> <span class='ocrx_word' id='word_1_540' title='bbox 1611 1451 1727 1482; x_wconf 88' lang='lat' dir='ltr'>dicitur</span> <span class='ocrx_word' id='word_1_541' title='bbox 1749 1452 1839 1492; x_wconf 92' lang='lat' dir='ltr'>quod</span> <span class='ocrx_word' id='word_1_542' title='bbox 1863 1454 1986 1483; x_wconf 84' lang='lat' dir='ltr'>Auctor</span> <span class='ocrx_word' id='word_1_543' title='bbox 2009 1453 2154 1494; x_wconf 87' lang='lat' dir='ltr'>loquitur</span> <span class='ocrx_word' id='word_1_544' title='bbox 2174 1453 2207 1485; x_wconf 91' lang='lat' dir='ltr'>in</span> <span class='ocrx_word' id='word_1_545' title='bbox 2222 1454 2286 1485; x_wconf 90' lang='lat' dir='ltr'>hoc</span> <span class='ocrx_word' id='word_1_546' title='bbox 2313 1454 2446 1486; x_wconf 86' lang='lat' dir='ltr'>articulo</span> <span class='ocrx_word' id='word_1_547' title='bbox 2460 1454 2478 1475; x_wconf 79' lang='lat'>¹⁸¹</span> <span class='ocrx_word' id='word_1_548' title='bbox 2505 1459 2516 1470; x_wconf 88' lang='lat'>⁸</span> 
     </span>
    </p>
   </div>
   <div class='ocr_carea' id='block_1_17' title="bbox 1402 1495 2478 1584">
    <p class='ocr_par' dir='ltr' id='par_1_22' title="bbox 1402 1495 2478 1584">
     <span class='ocr_line' id='line_1_71' title="bbox 1402 1495 2477 1540; baseline 0.004 -14"><span class='ocrx_word' id='word_1_549' title='bbox 1402 1497 1441 1526; x_wconf 89' lang='lat' dir='ltr'>de</span> <span class='ocrx_word' id='word_1_550' title='bbox 1464 1495 1615 1536; x_wconf 90' lang='lat' dir='ltr'>patientia</span> <span class='ocrx_word' id='word_1_551' title='bbox 1639 1496 1863 1533; x_wconf 88' lang='lat' dir='ltr'>communiter,</span> <span class='ocrx_word' id='word_1_552' title='bbox 1883 1497 1945 1528; x_wconf 92' lang='lat' dir='ltr'>hoc</span> <span class='ocrx_word' id='word_1_553' title='bbox 1969 1505 2017 1528; x_wconf 92' lang='lat' dir='ltr'>est</span> <span class='ocrx_word' id='word_1_554' title='bbox 2034 1505 2071 1529; x_wconf 89' lang='lat' dir='ltr'>ut</span> <span class='ocrx_word' id='word_1_555' title='bbox 2091 1499 2332 1539; x_wconf 88' lang='lat' dir='ltr'>comprehendit</span> <span class='ocrx_word' id='word_1_556' title='bbox 2355 1499 2477 1540; x_wconf 85' lang='lat' dir='ltr'>patien-</span> 
     </span>
     <span class='ocr_line' id='line_1_72' title="bbox 1402 1540 2478 1584; baseline 0.005 -14"><span class='ocrx_word' id='word_1_557' title='bbox 1402 1540 1479 1571; x_wconf 88' lang='lat' dir='ltr'>tiam</span> <span class='ocrx_word' id='word_1_558' title='bbox 1503 1540 1673 1581; x_wconf 88' lang='lat' dir='ltr'>specialem</span> <span class='ocrx_word' id='word_1_559' title='bbox 1696 1540 1846 1572; x_wconf 88' lang='lat' dir='ltr'>virtutem</span> <span class='ocrx_word' id='word_1_560' title='bbox 1871 1549 1902 1572; x_wconf 90' lang='lat' dir='ltr'>et</span> <span class='ocrx_word' id='word_1_561' title='bbox 1925 1541 2111 1582; x_wconf 87' lang='lat' dir='ltr'>patientiam</span> <span class='ocrx_word' id='word_1_562' title='bbox 2135 1550 2258 1584; x_wconf 87' lang='lat' dir='ltr'>partem</span> <span class='ocrx_word' id='word_1_563' title='bbox 2282 1543 2478 1575; x_wconf 76' lang='lat' dir='ltr'>fortitudinia</span> 
     </span>
    </p>
   </div>
   <div class='ocr_carea' id='block_1_18' title="bbox 1374 1585 2478 1626">
    <p class='ocr_par' dir='ltr' id='par_1_23' title="bbox 1374 1585 2478 1626">
     <span class='ocr_line' id='line_1_73' title="bbox 1374 1585 2478 1626; baseline 0.005 -12"><span class='ocrx_word' id='word_1_564' title='bbox 1374 1615 1375 1618; x_wconf 67' lang='lat'>,</span> <span class='ocrx_word' id='word_1_565' title='bbox 1402 1585 1540 1615; x_wconf 85' lang='lat' dir='ltr'>infusae:</span> <span class='ocrx_word' id='word_1_566' title='bbox 1566 1585 1610 1615; x_wconf 89' lang='lat' dir='ltr'>sic</span> <span class='ocrx_word' id='word_1_567' title='bbox 1626 1585 1712 1615; x_wconf 88' lang='lat' dir='ltr'>enim</span> <span class='ocrx_word' id='word_1_568' title='bbox 1729 1592 1856 1626; x_wconf 90' lang='lat' dir='ltr'>accepta</span> <span class='ocrx_word' id='word_1_569' title='bbox 1879 1586 2031 1626; x_wconf 88' lang='lat' dir='ltr'>patientia</span> <span class='ocrx_word' id='word_1_570' title='bbox 2049 1587 2088 1617; x_wconf 87' lang='lat' dir='ltr'>ad</span> <span class='ocrx_word' id='word_1_571' title='bbox 2105 1588 2215 1618; x_wconf 86' lang='lat' dir='ltr'>omnia</span> <span class='ocrx_word' id='word_1_572' title='bbox 2231 1589 2362 1619; x_wconf 81' lang='lat' dir='ltr'>adversa</span> <span class='ocrx_word' id='word_1_573' title='bbox 2378 1599 2411 1620; x_wconf 92' lang='lat' dir='ltr'>se</span> <span class='ocrx_word' id='word_1_574' title='bbox 2428 1597 2478 1620; x_wconf 80' lang='lat' dir='ltr'>ex-</span> 
     </span>
    </p>
   </div>
   <div class='ocr_carea' id='block_1_19' title="bbox 1401 1629 2479 1764">
    <p class='ocr_par' dir='ltr' id='par_1_24' title="bbox 1401 1629 2479 1764">
     <span class='ocr_line' id='line_1_74' title="bbox 1401 1629 2479 1674; baseline 0.006 -15"><span class='ocrx_word' id='word_1_575' title='bbox 1401 1629 1502 1660; x_wconf 89' lang='lat' dir='ltr'>tendit</span> <span class='ocrx_word' id='word_1_576' title='bbox 1517 1640 1576 1670; x_wconf 91' lang='lat' dir='ltr'>pro</span> <span class='ocrx_word' id='word_1_577' title='bbox 1594 1629 1719 1660; x_wconf 89' lang='lat' dir='ltr'>futurae</span> <span class='ocrx_word' id='word_1_578' title='bbox 1735 1630 1852 1670; x_wconf 86' lang='lat' dir='ltr'>patriae</span> <span class='ocrx_word' id='word_1_579' title='bbox 1869 1631 1957 1661; x_wconf 92' lang='lat' dir='ltr'>bono</span> <span class='ocrx_word' id='word_1_580' title='bbox 1980 1631 2154 1663; x_wconf 89' lang='lat' dir='ltr'>toleranda.</span> <span class='ocrx_word' id='word_1_581' title='bbox 2186 1633 2253 1664; x_wconf 87' lang='lat' dir='ltr'>Nec</span> <span class='ocrx_word' id='word_1_582' title='bbox 2268 1634 2373 1664; x_wconf 88' lang='lat' dir='ltr'>obstat</span> <span class='ocrx_word' id='word_1_583' title='bbox 2389 1633 2479 1674; x_wconf 81' lang='lat' dir='ltr'>quod</span> 
     </span>
     <span class='ocr_line' id='line_1_75' title="bbox 1402 1675 2479 1718; baseline 0.005 -14"><span class='ocrx_word' id='word_1_584' title='bbox 1402 1675 1495 1710; x_wconf 85' lang='lat' dir='ltr'>dicat,</span> <span class='ocrx_word' id='word_1_585' title='bbox 1518 1675 1680 1705; x_wconf 82' lang='lat' dir='ltr'>Patientia</span> <span class='ocrx_word' id='word_1_586' title='bbox 1702 1675 1879 1706; x_wconf 81' lang='lat' dir='ltr'>secundum</span> <span class='ocrx_word' id='word_1_587' title='bbox 1903 1676 1990 1716; x_wconf 84' lang='lat' dir='ltr'>quod</span> <span class='ocrx_word' id='word_1_588' title='bbox 2012 1681 2060 1707; x_wconf 83' lang='lat' dir='ltr'>est</span> <span class='ocrx_word' id='word_1_589' title='bbox 2083 1678 2206 1708; x_wconf 84' lang='lat' dir='ltr'>virtus:</span> <span class='ocrx_word' id='word_1_590' title='bbox 2234 1677 2310 1718; x_wconf 86' lang='lat' dir='ltr'>quia</span> <span class='ocrx_word' id='word_1_591' title='bbox 2334 1687 2391 1718; x_wconf 87' lang='lat' dir='ltr'>per</span> <span class='ocrx_word' id='word_1_592' title='bbox 2417 1678 2479 1710; x_wconf 86' lang='lat' dir='ltr'>boc</span> 
     </span>
     <span class='ocr_line' id='line_1_76' title="bbox 1402 1719 2479 1764; baseline 0.005 -16"><span class='ocrx_word' id='word_1_593' title='bbox 1402 1729 1467 1749; x_wconf 89' lang='lat' dir='ltr'>non</span> <span class='ocrx_word' id='word_1_594' title='bbox 1492 1719 1601 1749; x_wconf 90' lang='lat' dir='ltr'>solum</span> <span class='ocrx_word' id='word_1_595' title='bbox 1623 1719 1770 1759; x_wconf 86' lang='lat' dir='ltr'>intelligit</span> <span class='ocrx_word' id='word_1_596' title='bbox 1793 1720 1883 1760; x_wconf 91' lang='lat' dir='ltr'>quod</span> <span class='ocrx_word' id='word_1_597' title='bbox 1907 1720 1947 1751; x_wconf 89' lang='lat' dir='ltr'>sit</span> <span class='ocrx_word' id='word_1_598' title='bbox 1969 1720 2155 1761; x_wconf 86' lang='lat' dir='ltr'>simpliciter</span> <span class='ocrx_word' id='word_1_599' title='bbox 2178 1721 2286 1758; x_wconf 88' lang='lat' dir='ltr'>virtus,</span> <span class='ocrx_word' id='word_1_600' title='bbox 2312 1722 2366 1752; x_wconf 88' lang='lat' dir='ltr'>sed</span> <span class='ocrx_word' id='word_1_601' title='bbox 2390 1722 2479 1764; x_wconf 87' lang='lat' dir='ltr'>quod</span> 
     </span>
    </p>
   </div>
   <div class='ocr_carea' id='block_1_20' title="bbox 1374 1763 2479 1808">
    <p class='ocr_par' dir='ltr' id='par_1_25' title="bbox 1374 1763 2479 1808">
     <span class='ocr_line' id='line_1_77' title="bbox 1374 1763 2479 1808; baseline 0.004 -14"><span class='ocrx_word' id='word_1_602' title='bbox 1374 1797 1375 1801; x_wconf 69' lang='lat'>,</span> <span class='ocrx_word' id='word_1_603' title='bbox 1401 1763 1534 1803; x_wconf 84' lang='lat' dir='ltr'>attingat</span> <span class='ocrx_word' id='word_1_604' title='bbox 1547 1763 1587 1794; x_wconf 90' lang='lat' dir='ltr'>ad</span> <span class='ocrx_word' id='word_1_605' title='bbox 1604 1763 1834 1804; x_wconf 84' lang='lat' dir='ltr'>perfectionem</span> <span class='ocrx_word' id='word_1_606' title='bbox 1852 1764 1977 1795; x_wconf 87' lang='lat' dir='ltr'>virtutis</span> <span class='ocrx_word' id='word_1_607' title='bbox 1993 1765 2179 1806; x_wconf 86' lang='lat' dir='ltr'>simpliciter</span> <span class='ocrx_word' id='word_1_608' title='bbox 2197 1764 2304 1808; x_wconf 82' lang='lat' dir='ltr'>(paria</span> <span class='ocrx_word' id='word_1_609' title='bbox 2319 1766 2479 1807; x_wconf 83' lang='lat' dir='ltr'>siquidem</span> 
     </span>
    </p>
   </div>
   <div class='ocr_carea' id='block_1_21' title="bbox 1401 1807 2480 1852">
    <p class='ocr_par' dir='ltr' id='par_1_26' title="bbox 1401 1807 2480 1852">
     <span class='ocr_line' id='line_1_78' title="bbox 1401 1807 2480 1852; baseline 0.004 -14"><span class='ocrx_word' id='word_1_610' title='bbox 1401 1808 1479 1838; x_wconf 87' lang='lat' dir='ltr'>haec</span> <span class='ocrx_word' id='word_1_611' title='bbox 1502 1815 1577 1839; x_wconf 89' lang='lat' dir='ltr'>sunt</span> <span class='ocrx_word' id='word_1_612' title='bbox 1592 1808 1701 1848; x_wconf 88' lang='lat' dir='ltr'>quoad</span> <span class='ocrx_word' id='word_1_613' title='bbox 1724 1807 1960 1852; x_wconf 86' lang='lat' dir='ltr'>propositum);</span> <span class='ocrx_word' id='word_1_614' title='bbox 1985 1816 2016 1840; x_wconf 88' lang='lat' dir='ltr'>et</span> <span class='ocrx_word' id='word_1_615' title='bbox 2039 1810 2101 1840; x_wconf 86' lang='lat' dir='ltr'>hoc</span> <span class='ocrx_word' id='word_1_616' title='bbox 2122 1811 2302 1842; x_wconf 87' lang='lat' dir='ltr'>secundum</span> <span class='ocrx_word' id='word_1_617' title='bbox 2320 1811 2480 1842; x_wconf 85' lang='lat' dir='ltr'>invenitur</span> 
     </span>
    </p>
   </div>
   <div class='ocr_carea' id='block_1_22' title="bbox 271 1851 2480 2118">
    <p class='ocr_par' dir='ltr' id='par_1_27' title="bbox 271 1851 2480 2118">
     <span class='ocr_line' id='line_1_79' title="bbox 1374 1851 2262 1892; baseline 0.005 -10"><span class='ocrx_word' id='word_1_618' title='bbox 1374 1860 1375 1891; x_wconf 75' lang='lat' dir='ltr'><strong>j</strong></span> <span class='ocrx_word' id='word_1_619' title='bbox 1402 1852 1434 1882; x_wconf 88' lang='lat' dir='ltr'>in</span> <span class='ocrx_word' id='word_1_620' title='bbox 1458 1851 1609 1892; x_wconf 89' lang='lat' dir='ltr'>patientia</span> <span class='ocrx_word' id='word_1_621' title='bbox 1632 1859 1720 1892; x_wconf 89' lang='lat' dir='ltr'>parte</span> <span class='ocrx_word' id='word_1_622' title='bbox 1743 1852 1885 1892; x_wconf 87' lang='lat' dir='ltr'>integrali</span> <span class='ocrx_word' id='word_1_623' title='bbox 1910 1852 2106 1884; x_wconf 88' lang='lat' dir='ltr'>fortitudinis</span> <span class='ocrx_word' id='word_1_624' title='bbox 2128 1854 2262 1886; x_wconf 86' lang='lat' dir='ltr'>infusae.</span> 
     </span>
     <span class='ocr_line' id='line_1_80' title="bbox 272 1895 1375 1938; baseline -0.003 -9"><span class='ocrx_word' id='word_1_625' title='bbox 272 1898 346 1929; x_wconf 87' lang='lat' dir='ltr'>mali</span> <span class='ocrx_word' id='word_1_626' title='bbox 375 1897 532 1938; x_wconf 85' lang='lat' dir='ltr'>oppositi,</span> <span class='ocrx_word' id='word_1_627' title='bbox 556 1896 651 1936; x_wconf 85' lang='lat' dir='ltr'>gratis</span> <span class='ocrx_word' id='word_1_628' title='bbox 681 1895 876 1926; x_wconf 87' lang='lat' dir='ltr'>conceditur.</span> <span class='ocrx_word' id='word_1_629' title='bbox 909 1896 971 1926; x_wconf 90' lang='lat' dir='ltr'>Sed</span> <span class='ocrx_word' id='word_1_630' title='bbox 999 1895 1061 1926; x_wconf 89' lang='lat' dir='ltr'>hoc</span> <span class='ocrx_word' id='word_1_631' title='bbox 1090 1906 1155 1926; x_wconf 89' lang='lat' dir='ltr'>non</span> <span class='ocrx_word' id='word_1_632' title='bbox 1190 1896 1347 1932; x_wconf 87' lang='lat' dir='ltr'>obstante,</span> <span class='ocrx_word' id='word_1_633' title='bbox 1374 1930 1375 1934; x_wconf 69' lang='lat'>,</span> 
     </span>
     <span class='ocr_line' id='line_1_81' title="bbox 272 1940 1375 1983; baseline -0.003 -9"><span class='ocrx_word' id='word_1_634' title='bbox 272 1943 417 1983; x_wconf 84' lang='lat' dir='ltr'>superius</span> <span class='ocrx_word' id='word_1_635' title='bbox 432 1942 450 1961; x_wconf 86' lang='grc'>*</span> <span class='ocrx_word' id='word_1_636' title='bbox 473 1949 639 1973; x_wconf 90' lang='lat' dir='ltr'>ostensum</span> <span class='ocrx_word' id='word_1_637' title='bbox 659 1947 706 1971; x_wconf 84' lang='lat' dir='ltr'>est</span> <span class='ocrx_word' id='word_1_638' title='bbox 730 1940 958 1971; x_wconf 88' lang='lat' dir='ltr'>rationabiliter</span> <span class='ocrx_word' id='word_1_639' title='bbox 981 1940 1059 1980; x_wconf 88' lang='lat' dir='ltr'>poni</span> <span class='ocrx_word' id='word_1_640' title='bbox 1083 1940 1270 1981; x_wconf 89' lang='lat' dir='ltr'>patientiam</span> <span class='ocrx_word' id='word_1_641' title='bbox 1289 1941 1349 1971; x_wconf 88' lang='lat' dir='ltr'>vir·</span> <span class='ocrx_word' id='word_1_642' title='bbox 1374 1973 1375 1976; x_wconf 50' lang='lat'>,</span> 
     </span>
     <span class='ocr_line' id='line_1_82' title="bbox 271 1984 1376 2027; baseline -0.003 -8"><span class='ocrx_word' id='word_1_643' title='bbox 271 1995 372 2019; x_wconf 91' lang='lat' dir='ltr'>tutem</span> <span class='ocrx_word' id='word_1_644' title='bbox 396 1986 565 2027; x_wconf 84' lang='lat' dir='ltr'>gratuitam</span> <span class='ocrx_word' id='word_1_645' title='bbox 598 1991 742 2025; x_wconf 91' lang='lat' dir='ltr'>respectu</span> <span class='ocrx_word' id='word_1_646' title='bbox 768 1985 929 2015; x_wconf 88' lang='lat' dir='ltr'>malorum</span> <span class='ocrx_word' id='word_1_647' title='bbox 954 1984 986 2015; x_wconf 92' lang='lat' dir='ltr'>in</span> <span class='ocrx_word' id='word_1_648' title='bbox 1011 1985 1122 2016; x_wconf 91' lang='lat' dir='ltr'>ordine</span> <span class='ocrx_word' id='word_1_649' title='bbox 1150 1985 1189 2015; x_wconf 87' lang='lat' dir='ltr'>ad</span> <span class='ocrx_word' id='word_1_650' title='bbox 1214 1985 1350 2026; x_wconf 85' lang='lat' dir='ltr'>patriam</span> <span class='ocrx_word' id='word_1_651' title='bbox 1375 1990 1376 2021; x_wconf 58' lang='lat' dir='ltr'>l</span> 
     </span>
     <span class='ocr_line' id='line_1_83' title="bbox 1375 2028 2480 2074; baseline 0.004 -14"><span class='ocrx_word' id='word_1_652' title='bbox 1375 2028 1377 2061; x_wconf 85' lang='lat' dir='ltr'>l</span> <span class='ocrx_word' id='word_1_653' title='bbox 1403 2030 1436 2060; x_wconf 90' lang='lat' dir='ltr'>in</span> <span class='ocrx_word' id='word_1_654' title='bbox 1460 2029 1566 2060; x_wconf 85' lang='lat' dir='ltr'>arduis</span> <span class='ocrx_word' id='word_1_655' title='bbox 1578 2054 1585 2066; x_wconf 91' lang='lat'>‚</span> <span class='ocrx_word' id='word_1_656' title='bbox 1611 2030 1650 2060; x_wconf 88' lang='lat' dir='ltr'>ad</span> <span class='ocrx_word' id='word_1_657' title='bbox 1666 2039 1749 2071; x_wconf 88' lang='lat' dir='ltr'>quae</span> <span class='ocrx_word' id='word_1_658' title='bbox 1766 2030 1882 2061; x_wconf 84' lang='lat' dir='ltr'>directe</span> <span class='ocrx_word' id='word_1_659' title='bbox 1902 2030 2003 2062; x_wconf 89' lang='lat' dir='ltr'>tendit</span> <span class='ocrx_word' id='word_1_660' title='bbox 2018 2031 2191 2069; x_wconf 87' lang='lat' dir='ltr'>fortitudo;</span> <span class='ocrx_word' id='word_1_661' title='bbox 2215 2032 2371 2074; x_wconf 85' lang='lat' dir='ltr'>quoniam</span> <span class='ocrx_word' id='word_1_662' title='bbox 2386 2032 2480 2064; x_wconf 76' lang='lat' dir='ltr'>tristi·</span> 
     </span>
     <span class='ocr_line' id='line_1_84' title="bbox 1375 2064 2480 2118; baseline 0.002 -12"><span class='ocrx_word' id='word_1_663' title='bbox 1375 2064 1377 2093; x_wconf 44' lang='grc' dir='ltr'>ι</span> <span class='ocrx_word' id='word_1_664' title='bbox 1403 2074 1447 2106; x_wconf 92' lang='lat' dir='ltr'>tia</span> <span class='ocrx_word' id='word_1_665' title='bbox 1461 2082 1509 2106; x_wconf 92' lang='lat' dir='ltr'>est</span> <span class='ocrx_word' id='word_1_666' title='bbox 1520 2074 1602 2105; x_wconf 84' lang='lat' dir='ltr'>circa</span> <span class='ocrx_word' id='word_1_667' title='bbox 1618 2074 1703 2105; x_wconf 86' lang='lat' dir='ltr'>mala</span> <span class='ocrx_word' id='word_1_668' title='bbox 1722 2084 1787 2105; x_wconf 90' lang='lat' dir='ltr'>non</span> <span class='ocrx_word' id='word_1_669' title='bbox 1805 2083 1841 2106; x_wconf 90' lang='lat' dir='ltr'>ut</span> <span class='ocrx_word' id='word_1_670' title='bbox 1857 2075 1965 2112; x_wconf 88' lang='lat' dir='ltr'>ardua,</span> <span class='ocrx_word' id='word_1_671' title='bbox 1986 2076 2041 2107; x_wconf 83' lang='lat' dir='ltr'>sed</span> <span class='ocrx_word' id='word_1_672' title='bbox 2055 2076 2212 2113; x_wconf 89' lang='lat' dir='ltr'>absolute,</span> <span class='ocrx_word' id='word_1_673' title='bbox 2227 2086 2303 2108; x_wconf 87' lang='lat' dir='ltr'>cum</span> <span class='ocrx_word' id='word_1_674' title='bbox 2319 2077 2359 2108; x_wconf 92' lang='lat' dir='ltr'>sit</span> <span class='ocrx_word' id='word_1_675' title='bbox 2373 2077 2480 2118; x_wconf 78' lang='lat' dir='ltr'>passio</span> 
     </span>
    </p>
   </div>
   <div class='ocr_carea' id='block_1_23' title="bbox 1402 1895 2481 2029">
    <p class='ocr_par' dir='ltr' id='par_1_28' title="bbox 1402 1895 2481 2029">
     <span class='ocr_line' id='line_1_85' title="bbox 1458 1895 2480 1941; baseline 0.006 -15"><span class='ocrx_word' id='word_1_676' title='bbox 1458 1895 1499 1926; x_wconf 90' lang='lat' dir='ltr'>Et</span> <span class='ocrx_word' id='word_1_677' title='bbox 1515 1895 1700 1936; x_wconf 87' lang='lat' dir='ltr'>adiungitur</span> <span class='ocrx_word' id='word_1_678' title='bbox 1715 1896 1935 1928; x_wconf 80' lang='lat' dir='ltr'>universaliter</span> <span class='ocrx_word' id='word_1_679' title='bbox 1949 1897 2101 1937; x_wconf 87' lang='lat' dir='ltr'>patientia</span> <span class='ocrx_word' id='word_1_680' title='bbox 2116 1898 2306 1936; x_wconf 89' lang='lat' dir='ltr'>fortitudini,</span> <span class='ocrx_word' id='word_1_681' title='bbox 2322 1900 2374 1930; x_wconf 83' lang='lat' dir='ltr'>vel</span> <span class='ocrx_word' id='word_1_682' title='bbox 2388 1900 2480 1941; x_wconf 76' lang='lat' dir='ltr'>quui</span> 
     </span>
     <span class='ocr_line' id='line_1_86' title="bbox 1404 1939 2481 1984; baseline 0.006 -14"><span class='ocrx_word' id='word_1_683' title='bbox 1404 1950 1476 1981; x_wconf 86' lang='lat' dir='ltr'>pars</span> <span class='ocrx_word' id='word_1_684' title='bbox 1508 1939 1683 1980; x_wconf 85' lang='lat' dir='ltr'>integralis,</span> <span class='ocrx_word' id='word_1_685' title='bbox 1707 1941 1758 1971; x_wconf 88' lang='lat' dir='ltr'>vel</span> <span class='ocrx_word' id='word_1_686' title='bbox 1782 1947 1819 1971; x_wconf 92' lang='lat' dir='ltr'>ut</span> <span class='ocrx_word' id='word_1_687' title='bbox 1849 1951 1921 1982; x_wconf 86' lang='lat' dir='ltr'>pars</span> <span class='ocrx_word' id='word_1_688' title='bbox 1944 1942 2144 1982; x_wconf 86' lang='lat' dir='ltr'>potentialis:</span> <span class='ocrx_word' id='word_1_689' title='bbox 2177 1943 2252 1984; x_wconf 87' lang='lat' dir='ltr'>quia</span> <span class='ocrx_word' id='word_1_690' title='bbox 2282 1943 2481 1984; x_wconf 75' lang='lat' dir='ltr'>aequanimis</span> 
     </span>
     <span class='ocr_line' id='line_1_87' title="bbox 1402 1984 2479 2029; baseline 0.004 -14"><span class='ocrx_word' id='word_1_691' title='bbox 1402 1984 1527 2016; x_wconf 89' lang='lat' dir='ltr'>tristitia</span> <span class='ocrx_word' id='word_1_692' title='bbox 1550 1985 1739 2016; x_wconf 88' lang='lat' dir='ltr'>secundario</span> <span class='ocrx_word' id='word_1_693' title='bbox 1766 1985 1927 2023; x_wconf 81' lang='lat' dir='ltr'>concurrit</span> <span class='ocrx_word' id='word_1_694' title='bbox 1950 1986 1990 2016; x_wconf 90' lang='lat' dir='ltr'>ad</span> <span class='ocrx_word' id='word_1_695' title='bbox 2013 1986 2222 2019; x_wconf 86' lang='lat' dir='ltr'>immobiliter</span> <span class='ocrx_word' id='word_1_696' title='bbox 2246 1988 2479 2029; x_wconf 82' lang='lat' dir='ltr'>persistendum</span> 
     </span>
    </p>
   </div>
   <div class='ocr_carea' id='block_1_24' title="bbox 272 2114 2482 2208">
    <p class='ocr_par' dir='ltr' id='par_1_29' title="bbox 272 2114 2482 2208">
     <span class='ocr_line' id='line_1_88' title="bbox 272 2114 2482 2160; baseline 0 -8"><span class='ocrx_word' id='word_1_697' title='bbox 272 2122 441 2153; x_wconf 86' lang='lat' dir='ltr'>formatam</span> <span class='ocrx_word' id='word_1_698' title='bbox 466 2128 497 2151; x_wconf 92' lang='lat' dir='ltr'>et</span> <span class='ocrx_word' id='word_1_699' title='bbox 521 2119 694 2150; x_wconf 87' lang='lat' dir='ltr'>informem</span> <span class='ocrx_word' id='word_1_700' title='bbox 707 2118 734 2154; x_wconf 89' lang='lat'>*,</span> <span class='ocrx_word' id='word_1_701' title='bbox 759 2118 932 2150; x_wconf 89' lang='lat' dir='ltr'>dicendum</span> <span class='ocrx_word' id='word_1_702' title='bbox 956 2126 1003 2150; x_wconf 88' lang='lat' dir='ltr'>est</span> <span class='ocrx_word' id='word_1_703' title='bbox 1026 2119 1126 2160; x_wconf 93' lang='lat' dir='ltr'>quod,</span> <span class='ocrx_word' id='word_1_704' title='bbox 1144 2129 1219 2150; x_wconf 89' lang='lat' dir='ltr'>cum</span> <span class='ocrx_word' id='word_1_705' title='bbox 1238 2119 1350 2156; x_wconf 87' lang='lat' dir='ltr'>virtus,</span> <span class='ocrx_word' id='word_1_706' title='bbox 1375 2114 1378 2148; x_wconf 66' lang='lat' dir='ltr'>l</span> <span class='ocrx_word' id='word_1_707' title='bbox 1403 2119 1669 2159; x_wconf 86' lang='lat' dir='ltr'>concupiscibilis,</span> <span class='ocrx_word' id='word_1_708' title='bbox 1695 2126 1726 2150; x_wconf 93' lang='lat' dir='ltr'>et</span> <span class='ocrx_word' id='word_1_709' title='bbox 1744 2120 1784 2150; x_wconf 90' lang='lat' dir='ltr'>ad</span> <span class='ocrx_word' id='word_1_710' title='bbox 1807 2119 2011 2151; x_wconf 89' lang='lat' dir='ltr'>serviendum</span> <span class='ocrx_word' id='word_1_711' title='bbox 2031 2120 2211 2152; x_wconf 89' lang='lat' dir='ltr'>fortitudini</span> <span class='ocrx_word' id='word_1_712' title='bbox 2226 2129 2417 2153; x_wconf 79' lang='lat' dir='ltr'>assumatur.</span> <span class='ocrx_word' id='word_1_713' title='bbox 2439 2122 2482 2154; x_wconf 84' lang='lat' dir='ltr'>Et</span> 
     </span>
     <span class='ocr_line' id='line_1_89' title="bbox 272 2163 2481 2208; baseline 0 -11"><span class='ocrx_word' id='word_1_714' title='bbox 272 2167 374 2197; x_wconf 89' lang='lat' dir='ltr'>immo</span> <span class='ocrx_word' id='word_1_715' title='bbox 400 2173 430 2197; x_wconf 89' lang='lat' dir='ltr'>et</span> <span class='ocrx_word' id='word_1_716' title='bbox 454 2165 580 2196; x_wconf 90' lang='lat' dir='ltr'>habitus</span> <span class='ocrx_word' id='word_1_717' title='bbox 604 2163 748 2205; x_wconf 88' lang='lat' dir='ltr'>quilibet,</span> <span class='ocrx_word' id='word_1_718' title='bbox 774 2170 998 2203; x_wconf 87' lang='lat' dir='ltr'>corrumpatur</span> <span class='ocrx_word' id='word_1_719' title='bbox 1022 2174 1059 2194; x_wconf 85' lang='lat' dir='ltr'>ex</span> <span class='ocrx_word' id='word_1_720' title='bbox 1078 2164 1139 2194; x_wconf 88' lang='lat' dir='ltr'>hoc</span> <span class='ocrx_word' id='word_1_721' title='bbox 1163 2163 1235 2204; x_wconf 88' lang='lat' dir='ltr'>ipso</span> <span class='ocrx_word' id='word_1_722' title='bbox 1259 2164 1348 2205; x_wconf 90' lang='lat' dir='ltr'>quod</span> <span class='ocrx_word' id='word_1_723' title='bbox 1376 2167 1378 2200; x_wconf 75' lang='lat'>3</span> <span class='ocrx_word' id='word_1_724' title='bbox 1404 2171 1582 2205; x_wconf 86' lang='lat' dir='ltr'>propterea,</span> <span class='ocrx_word' id='word_1_725' title='bbox 1603 2164 1678 2195; x_wconf 90' lang='lat' dir='ltr'>dato</span> <span class='ocrx_word' id='word_1_726' title='bbox 1702 2165 1791 2205; x_wconf 93' lang='lat' dir='ltr'>quod</span> <span class='ocrx_word' id='word_1_727' title='bbox 1815 2165 1978 2196; x_wconf 86' lang='lat' dir='ltr'>excederet</span> <span class='ocrx_word' id='word_1_728' title='bbox 1997 2165 2218 2197; x_wconf 86' lang='lat' dir='ltr'>fortitudinem</span> <span class='ocrx_word' id='word_1_729' title='bbox 2241 2167 2351 2208; x_wconf 87' lang='lat' dir='ltr'>quoad</span> <span class='ocrx_word' id='word_1_730' title='bbox 2367 2175 2481 2198; x_wconf 86' lang='lat' dir='ltr'>nume·</span> 
     </span>
    </p>
   </div>
   <div class='ocr_carea' id='block_1_25' title="bbox 273 2207 1352 2429">
    <p class='ocr_par' dir='ltr' id='par_1_30' title="bbox 273 2207 1352 2429">
     <span class='ocr_line' id='line_1_90' title="bbox 273 2207 1351 2245; baseline -0.003 -3"><span class='ocrx_word' id='word_1_731' title='bbox 273 2211 352 2242; x_wconf 90' lang='lat' dir='ltr'>ratio</span> <span class='ocrx_word' id='word_1_732' title='bbox 377 2210 519 2241; x_wconf 87' lang='lat' dir='ltr'>formalis</span> <span class='ocrx_word' id='word_1_733' title='bbox 543 2209 592 2240; x_wconf 87' lang='lat' dir='ltr'>sui</span> <span class='ocrx_word' id='word_1_734' title='bbox 617 2207 732 2239; x_wconf 87' lang='lat' dir='ltr'>obiecti</span> <span class='ocrx_word' id='word_1_735' title='bbox 752 2218 808 2239; x_wconf 89' lang='lat' dir='ltr'>seu</span> <span class='ocrx_word' id='word_1_736' title='bbox 828 2208 977 2239; x_wconf 87' lang='lat' dir='ltr'>materiae</span> <span class='ocrx_word' id='word_1_737' title='bbox 994 2215 1104 2245; x_wconf 87' lang='lat' dir='ltr'>cessat,</span> <span class='ocrx_word' id='word_1_738' title='bbox 1122 2215 1152 2239; x_wconf 88' lang='lat' dir='ltr'>et</span> <span class='ocrx_word' id='word_1_739' title='bbox 1176 2209 1286 2240; x_wconf 90' lang='lat' dir='ltr'>tandiu</span> <span class='ocrx_word' id='word_1_740' title='bbox 1311 2209 1351 2240; x_wconf 86' lang='lat' dir='ltr'>sit</span> 
     </span>
     <span class='ocr_line' id='line_1_91' title="bbox 273 2252 1350 2297; baseline -0.002 -11"><span class='ocrx_word' id='word_1_741' title='bbox 273 2255 415 2297; x_wconf 87' lang='lat' dir='ltr'>quandiu</span> <span class='ocrx_word' id='word_1_742' title='bbox 440 2255 520 2285; x_wconf 90' lang='lat' dir='ltr'>ratio</span> <span class='ocrx_word' id='word_1_743' title='bbox 544 2253 687 2284; x_wconf 90' lang='lat' dir='ltr'>formalis</span> <span class='ocrx_word' id='word_1_744' title='bbox 720 2253 859 2283; x_wconf 86' lang='lat' dir='ltr'>salvatur</span> <span class='ocrx_word' id='word_1_745' title='bbox 882 2252 914 2283; x_wconf 91' lang='lat' dir='ltr'>in</span> <span class='ocrx_word' id='word_1_746' title='bbox 938 2261 994 2288; x_wconf 88' lang='lat' dir='ltr'>eo;</span> <span class='ocrx_word' id='word_1_747' title='bbox 1025 2260 1060 2284; x_wconf 91' lang='lat' dir='ltr'>ut</span> <span class='ocrx_word' id='word_1_748' title='bbox 1083 2260 1169 2293; x_wconf 86' lang='lat' dir='ltr'>patet</span> <span class='ocrx_word' id='word_1_749' title='bbox 1189 2254 1228 2284; x_wconf 93' lang='lat' dir='ltr'>de</span> <span class='ocrx_word' id='word_1_750' title='bbox 1252 2254 1350 2284; x_wconf 89' lang='lat' dir='ltr'>scien-</span> 
     </span>
     <span class='ocr_line' id='line_1_92' title="bbox 273 2297 1350 2341; baseline -0.002 -10"><span class='ocrx_word' id='word_1_751' title='bbox 273 2300 326 2336; x_wconf 88' lang='lat' dir='ltr'>tia,</span> <span class='ocrx_word' id='word_1_752' title='bbox 351 2309 444 2341; x_wconf 86' lang='lat' dir='ltr'>quae,</span> <span class='ocrx_word' id='word_1_753' title='bbox 469 2299 593 2340; x_wconf 91' lang='lat' dir='ltr'>perdito</span> <span class='ocrx_word' id='word_1_754' title='bbox 618 2297 737 2334; x_wconf 85' lang='lat' dir='ltr'>medio,</span> <span class='ocrx_word' id='word_1_755' title='bbox 765 2297 958 2337; x_wconf 88' lang='lat' dir='ltr'>deperditur,</span> <span class='ocrx_word' id='word_1_756' title='bbox 983 2305 1014 2328; x_wconf 87' lang='lat' dir='ltr'>et</span> <span class='ocrx_word' id='word_1_757' title='bbox 1037 2298 1181 2338; x_wconf 88' lang='lat' dir='ltr'>quandiu</span> <span class='ocrx_word' id='word_1_758' title='bbox 1206 2298 1350 2329; x_wconf 88' lang='lat' dir='ltr'>medium</span> 
     </span>
     <span class='ocr_line' id='line_1_93' title="bbox 273 2341 1351 2386; baseline -0.002 -10"><span class='ocrx_word' id='word_1_759' title='bbox 273 2345 468 2386; x_wconf 84' lang='lat' dir='ltr'>applicatum</span> <span class='ocrx_word' id='word_1_760' title='bbox 493 2344 635 2378; x_wconf 89' lang='lat' dir='ltr'>habetur,</span> <span class='ocrx_word' id='word_1_761' title='bbox 651 2341 780 2373; x_wconf 90' lang='lat' dir='ltr'>scientia</span> <span class='ocrx_word' id='word_1_762' title='bbox 805 2349 865 2378; x_wconf 90' lang='lat' dir='ltr'>est;</span> <span class='ocrx_word' id='word_1_763' title='bbox 881 2359 902 2365; x_wconf 92' lang='lat'>-</span> <span class='ocrx_word' id='word_1_764' title='bbox 919 2349 950 2373; x_wconf 93' lang='lat' dir='ltr'>et</span> <span class='ocrx_word' id='word_1_765' title='bbox 972 2342 1124 2379; x_wconf 86' lang='lat' dir='ltr'>similiter,</span> <span class='ocrx_word' id='word_1_766' title='bbox 1141 2342 1174 2373; x_wconf 90' lang='lat' dir='ltr'>in</span> <span class='ocrx_word' id='word_1_767' title='bbox 1191 2343 1351 2374; x_wconf 88' lang='lat' dir='ltr'>habitibus</span> 
     </span>
     <span class='ocr_line' id='line_1_94' title="bbox 273 2386 1352 2429; baseline -0.001 -9"><span class='ocrx_word' id='word_1_768' title='bbox 273 2389 404 2425; x_wconf 81' lang='lat' dir='ltr'>infusis,</span> <span class='ocrx_word' id='word_1_769' title='bbox 442 2388 519 2419; x_wconf 88' lang='lat' dir='ltr'>fides</span> <span class='ocrx_word' id='word_1_770' title='bbox 549 2387 659 2419; x_wconf 89' lang='lat' dir='ltr'>tandiu</span> <span class='ocrx_word' id='word_1_771' title='bbox 689 2386 721 2417; x_wconf 89' lang='lat' dir='ltr'>in</span> <span class='ocrx_word' id='word_1_772' title='bbox 751 2386 860 2427; x_wconf 89' lang='lat' dir='ltr'>aliquo</span> <span class='ocrx_word' id='word_1_773' title='bbox 894 2394 940 2417; x_wconf 93' lang='lat' dir='ltr'>est</span> <span class='ocrx_word' id='word_1_774' title='bbox 971 2387 1113 2428; x_wconf 88' lang='lat' dir='ltr'>quandiu</span> <span class='ocrx_word' id='word_1_775' title='bbox 1147 2387 1219 2429; x_wconf 93' lang='lat' dir='ltr'>quis</span> <span class='ocrx_word' id='word_1_776' title='bbox 1254 2388 1352 2419; x_wconf 89' lang='lat' dir='ltr'>credit</span> 
     </span>
    </p>
   </div>
   <div class='ocr_carea' id='block_1_26' title="bbox 1403 2208 2482 2428">
    <p class='ocr_par' dir='ltr' id='par_1_31' title="bbox 1403 2208 2482 2428">
     <span class='ocr_line' id='line_1_95' title="bbox 1403 2208 2480 2253; baseline 0.004 -14"><span class='ocrx_word' id='word_1_777' title='bbox 1403 2218 1476 2240; x_wconf 90' lang='lat' dir='ltr'>rum</span> <span class='ocrx_word' id='word_1_778' title='bbox 1500 2209 1672 2245; x_wconf 87' lang='lat' dir='ltr'>malorum,</span> <span class='ocrx_word' id='word_1_779' title='bbox 1693 2208 1853 2240; x_wconf 86' lang='lat' dir='ltr'>exceditur</span> <span class='ocrx_word' id='word_1_780' title='bbox 1876 2216 1983 2240; x_wconf 88' lang='lat' dir='ltr'>tamen</span> <span class='ocrx_word' id='word_1_781' title='bbox 2003 2220 2020 2240; x_wconf 86' lang='lat' dir='ltr'>a</span> <span class='ocrx_word' id='word_1_782' title='bbox 2036 2210 2223 2242; x_wconf 87' lang='lat' dir='ltr'>fortitudine</span> <span class='ocrx_word' id='word_1_783' title='bbox 2247 2211 2355 2253; x_wconf 92' lang='lat' dir='ltr'>quoad</span> <span class='ocrx_word' id='word_1_784' title='bbox 2379 2212 2480 2243; x_wconf 83' lang='lat' dir='ltr'>excel·</span> 
     </span>
     <span class='ocr_line' id='line_1_96' title="bbox 1403 2253 2481 2296; baseline 0.004 -12"><span class='ocrx_word' id='word_1_785' title='bbox 1403 2253 1535 2284; x_wconf 85' lang='lat' dir='ltr'>lentiam</span> <span class='ocrx_word' id='word_1_786' title='bbox 1551 2261 1581 2285; x_wconf 92' lang='lat' dir='ltr'>et</span> <span class='ocrx_word' id='word_1_787' title='bbox 1598 2253 1818 2284; x_wconf 85' lang='lat' dir='ltr'>difficultatem</span> <span class='ocrx_word' id='word_1_788' title='bbox 1842 2253 1975 2290; x_wconf 87' lang='lat' dir='ltr'>obiecti,</span> <span class='ocrx_word' id='word_1_789' title='bbox 1999 2255 2155 2296; x_wconf 89' lang='lat' dir='ltr'>quoniam</span> <span class='ocrx_word' id='word_1_790' title='bbox 2171 2263 2219 2287; x_wconf 88' lang='lat' dir='ltr'>est</span> <span class='ocrx_word' id='word_1_791' title='bbox 2241 2256 2322 2288; x_wconf 88' lang='lat' dir='ltr'>circa</span> <span class='ocrx_word' id='word_1_792' title='bbox 2342 2256 2481 2288; x_wconf 84' lang='lat' dir='ltr'>maxima</span> 
     </span>
     <span class='ocr_line' id='line_1_97' title="bbox 1404 2298 2480 2342; baseline 0.004 -14"><span class='ocrx_word' id='word_1_793' title='bbox 1404 2298 1488 2329; x_wconf 91' lang='lat' dir='ltr'>mala</span> <span class='ocrx_word' id='word_1_794' title='bbox 1512 2298 1571 2329; x_wconf 88' lang='lat' dir='ltr'>sub</span> <span class='ocrx_word' id='word_1_795' title='bbox 1595 2298 1719 2329; x_wconf 90' lang='lat' dir='ltr'>ratione</span> <span class='ocrx_word' id='word_1_796' title='bbox 1742 2298 1848 2336; x_wconf 90' lang='lat' dir='ltr'>ardui,</span> <span class='ocrx_word' id='word_1_797' title='bbox 1868 2298 2019 2339; x_wconf 87' lang='lat' dir='ltr'>patientia</span> <span class='ocrx_word' id='word_1_798' title='bbox 2043 2307 2161 2338; x_wconf 89' lang='lat' dir='ltr'>autem,</span> <span class='ocrx_word' id='word_1_799' title='bbox 2182 2307 2219 2331; x_wconf 92' lang='lat' dir='ltr'>ut</span> <span class='ocrx_word' id='word_1_800' title='bbox 2241 2311 2334 2342; x_wconf 85' lang='lat' dir='ltr'>saepe</span> <span class='ocrx_word' id='word_1_801' title='bbox 2358 2300 2480 2332; x_wconf 84' lang='lat' dir='ltr'>dictum</span> 
     </span>
     <span class='ocr_line' id='line_1_98' title="bbox 1403 2342 2482 2386; baseline 0.003 -13"><span class='ocrx_word' id='word_1_802' title='bbox 1403 2350 1451 2374; x_wconf 89' lang='lat' dir='ltr'>est</span> <span class='ocrx_word' id='word_1_803' title='bbox 1465 2342 1492 2379; x_wconf 86' lang='lat'>*,</span> <span class='ocrx_word' id='word_1_804' title='bbox 1516 2349 1659 2374; x_wconf 89' lang='lat' dir='ltr'>versatur</span> <span class='ocrx_word' id='word_1_805' title='bbox 1682 2342 1762 2373; x_wconf 89' lang='lat' dir='ltr'>circa</span> <span class='ocrx_word' id='word_1_806' title='bbox 1786 2343 1870 2373; x_wconf 85' lang='lat' dir='ltr'>mala</span> <span class='ocrx_word' id='word_1_807' title='bbox 1894 2343 2050 2380; x_wconf 87' lang='lat' dir='ltr'>absolute,</span> <span class='ocrx_word' id='word_1_808' title='bbox 2068 2355 2134 2375; x_wconf 89' lang='lat' dir='ltr'>non</span> <span class='ocrx_word' id='word_1_809' title='bbox 2159 2352 2194 2376; x_wconf 94' lang='lat' dir='ltr'>ut</span> <span class='ocrx_word' id='word_1_810' title='bbox 2218 2345 2326 2381; x_wconf 85' lang='lat' dir='ltr'>ardua,</span> <span class='ocrx_word' id='word_1_811' title='bbox 2342 2345 2419 2386; x_wconf 87' lang='lat' dir='ltr'>quia</span> <span class='ocrx_word' id='word_1_812' title='bbox 2433 2351 2482 2377; x_wconf 84' lang='lat' dir='ltr'>est</span> 
     </span>
     <span class='ocr_line' id='line_1_99' title="bbox 1403 2387 1707 2428; baseline 0 -10"><span class='ocrx_word' id='word_1_813' title='bbox 1403 2387 1436 2418; x_wconf 87' lang='lat' dir='ltr'>in</span> <span class='ocrx_word' id='word_1_814' title='bbox 1457 2387 1707 2428; x_wconf 89' lang='lat' dir='ltr'>concupiscibili.</span> 
     </span>
    </p>
   </div>
   <div class='ocr_carea' id='block_1_27' title="bbox 805 2559 1949 2689">
    <p class='ocr_par' dir='ltr' id='par_1_32' title="bbox 805 2559 1949 2689">
     <span class='ocr_line' id='line_1_100' title="bbox 1068 2559 1681 2610; baseline 0.002 -9"><span class='ocrx_word' id='word_1_815' title='bbox 1068 2559 1391 2602; x_wconf 84' lang='lat' dir='ltr'>ARTICULUS</span> <span class='ocrx_word' id='word_1_816' title='bbox 1421 2559 1681 2610; x_wconf 87' lang='lat' dir='ltr'>QUINTUS</span> 
     </span>
     <span class='ocr_line' id='line_1_101' title="bbox 805 2652 1949 2689; baseline 0 -5"><span class='ocrx_word' id='word_1_817' title='bbox 805 2652 960 2684; x_wconf 86' lang='lat' dir='ltr'>UTRUM</span> <span class='ocrx_word' id='word_1_818' title='bbox 988 2652 1223 2683; x_wconf 78' lang='lat' dir='ltr'>PATIENTIA</span> <span class='ocrx_word' id='word_1_819' title='bbox 1247 2652 1314 2684; x_wconf 79' lang='lat' dir='ltr'>sn·</span> <span class='ocrx_word' id='word_1_820' title='bbox 1338 2652 1444 2683; x_wconf 81' lang='lat' dir='ltr'>IDEM</span> <span class='ocrx_word' id='word_1_821' title='bbox 1469 2652 1593 2689; x_wconf 82' lang='lat' dir='ltr'>Quoo</span> <span class='ocrx_word' id='word_1_822' title='bbox 1619 2652 1949 2684; x_wconf 75' lang='lat' dir='ltr'>LONGANIMITAS</span> 
     </span>
    </p>
   </div>
   <div class='ocr_carea' id='block_1_28' title="bbox 773 2733 1984 2767">
    <p class='ocr_par' dir='ltr' id='par_1_33' title="bbox 773 2733 1984 2767">
     <span class='ocr_line' id='line_1_102' title="bbox 773 2733 1984 2767; baseline 0 -9"><span class='ocrx_word' id='word_1_823' title='bbox 773 2734 795 2758; x_wconf 67' lang='lat' dir='ltr'>l*</span> <span class='ocrx_word' id='word_1_824' title='bbox 815 2733 871 2763; x_wconf 74' lang='lat'>11⁸⁶,</span> <span class='ocrx_word' id='word_1_825' title='bbox 891 2741 935 2767; x_wconf 88' lang='lat' dir='ltr'>qu.</span> <span class='ocrx_word' id='word_1_826' title='bbox 955 2741 1011 2764; x_wconf 71' lang='lat' dir='ltr'>Lxx,</span> <span class='ocrx_word' id='word_1_827' title='bbox 1030 2738 1078 2758; x_wconf 86' lang='lat' dir='ltr'>art.</span> <span class='ocrx_word' id='word_1_828' title='bbox 1100 2733 1127 2764; x_wconf 83' lang='lat'>3;</span> <span class='ocrx_word' id='word_1_829' title='bbox 1147 2733 1191 2759; x_wconf 79' lang='lat' dir='ltr'>Ad</span> <span class='ocrx_word' id='word_1_830' title='bbox 1210 2734 1297 2763; x_wconf 75' lang='lat' dir='ltr'>Rom„</span> <span class='ocrx_word' id='word_1_831' title='bbox 1318 2741 1374 2767; x_wconf 88' lang='lat' dir='ltr'>cap.</span> <span class='ocrx_word' id='word_1_832' title='bbox 1393 2741 1447 2764; x_wconf 81' lang='lat' dir='ltr'>vui,</span> <span class='ocrx_word' id='word_1_833' title='bbox 1467 2734 1525 2759; x_wconf 80' lang='lat' dir='ltr'>lect.</span> <span class='ocrx_word' id='word_1_834' title='bbox 1544 2741 1575 2763; x_wconf 86' lang='lat' dir='ltr'>v;</span> <span class='ocrx_word' id='word_1_835' title='bbox 1594 2733 1639 2759; x_wconf 78' lang='lat' dir='ltr'>Ad</span> <span class='ocrx_word' id='word_1_836' title='bbox 1658 2734 1734 2764; x_wconf 71' lang='lat' dir='ltr'>Heb„</span> <span class='ocrx_word' id='word_1_837' title='bbox 1754 2742 1809 2767; x_wconf 86' lang='lat' dir='ltr'>cap.</span> <span class='ocrx_word' id='word_1_838' title='bbox 1829 2742 1852 2764; x_wconf 80' lang='lat' dir='ltr'>x.</span> <span class='ocrx_word' id='word_1_839' title='bbox 1873 2735 1931 2760; x_wconf 87' lang='lat' dir='ltr'>lect.</span> <span class='ocrx_word' id='word_1_840' title='bbox 1949 2740 1984 2759; x_wconf 82' lang='lat' dir='ltr'>tv.</span> 
     </span>
    </p>
   </div>
   <div class='ocr_carea' id='block_1_29' title="bbox 308 2830 336 2876">
    <p class='ocr_par' dir='ltr' id='par_1_34' title="bbox 308 2830 336 2876">
     <span class='ocr_line' id='line_1_103' title="bbox 308 2830 336 2876; baseline 0 0"><span class='ocrx_word' id='word_1_841' title='bbox 308 2830 336 2876; x_wconf 51' lang='lat'>&gt;121</span> 
     </span>
    </p>
   </div>
   <div class='ocr_carea' id='block_1_30' title="bbox 302 2859 1348 2930">
    <p class='ocr_par' dir='ltr' id='par_1_35' title="bbox 302 2846 1348 2930">
     <span class='ocr_line' id='line_1_104' title="bbox 302 2859 1348 2930; baseline 0 -25"><span class='ocrx_word' id='word_1_842' title='bbox 302 2859 667 2930; x_wconf 41' lang='lat' dir='ltr'>‘Qpatientia</span> <span class='ocrx_word' id='word_1_843' title='bbox 705 2867 750 2904; x_wconf 88' lang='lat' dir='ltr'>sit</span> <span class='ocrx_word' id='word_1_844' title='bbox 786 2867 886 2905; x_wconf 89' lang='lat' dir='ltr'>idern</span> <span class='ocrx_word' id='word_1_845' title='bbox 927 2868 1030 2917; x_wconf 93' lang='lat' dir='ltr'>quod</span> <span class='ocrx_word' id='word_1_846' title='bbox 1070 2867 1348 2916; x_wconf 87' lang='lat' dir='ltr'>longanimitas.</span> 
     </span>
    </p>
   </div>
   <div class='ocr_carea' id='block_1_31' title="bbox 291 2921 1350 2981">
    <p class='ocr_par' dir='ltr' id='par_1_36' title="bbox 291 2921 1350 2981">
     <span class='ocr_line' id='line_1_105' title="bbox 291 2921 1350 2981; baseline 0 -23"><span class='ocrx_word' id='word_1_847' title='bbox 291 2924 329 2981; x_wconf 43' lang='lat' dir='ltr'>&#39;A</span> <span class='ocrx_word' id='word_1_848' title='bbox 354 2938 413 2966; x_wconf 63' lang='lat' dir='ltr'>v,</span> <span class='ocrx_word' id='word_1_849' title='bbox 436 2928 456 2963; x_wconf 61' lang='grc' dir='ltr'><em>ἢ</em></span> <span class='ocrx_word' id='word_1_850' title='bbox 488 2922 588 2959; x_wconf 88' lang='lat' dir='ltr'>Dicit</span> <span class='ocrx_word' id='word_1_851' title='bbox 617 2922 719 2959; x_wconf 89' lang='lat' dir='ltr'>enim</span> <span class='ocrx_word' id='word_1_852' title='bbox 749 2921 997 2969; x_wconf 81' lang='lat' dir='ltr'>Augustinus,</span> <span class='ocrx_word' id='word_1_853' title='bbox 1023 2921 1062 2958; x_wconf 91' lang='lat' dir='ltr'>in</span> <span class='ocrx_word' id='word_1_854' title='bbox 1088 2922 1185 2959; x_wconf 93' lang='lat' dir='ltr'>libro</span> <span class='ocrx_word' id='word_1_855' title='bbox 1213 2922 1260 2959; x_wconf 85' lang='lat' dir='ltr'>de</span> <span class='ocrx_word' id='word_1_856' title='bbox 1277 2922 1350 2958; x_wconf 87' lang='lat' dir='ltr'>Pa-</span> 
     </span>
    </p>
   </div>
   <div class='ocr_carea' id='block_1_32' title="bbox 331 2951 400 3002">
    <p class='ocr_par' dir='ltr' id='par_1_37' title="bbox 331 2951 400 3002">
     <span class='ocr_line' id='line_1_106' title="bbox 331 2951 400 3002; baseline 0 0"><span class='ocrx_word' id='word_1_857' title='bbox 331 2951 400 3002; x_wconf 65' lang='lat' dir='ltr'>e</span> 
     </span>
     <span class='ocr_line' id='line_1_107' title="bbox 332 2990 371 3000; baseline 0 0"><span class='ocrx_word' id='word_1_858' title='bbox 332 2990 340 3000; x_wconf 49' lang='lat' dir='ltr'>k</span> <span class='ocrx_word' id='word_1_859' title='bbox 366 2998 371 3000; x_wconf 42' lang='lat' dir='ltr'><em>s</em></span> 
     </span>
    </p>
   </div>
   <div class='ocr_carea' id='block_1_33' title="bbox 382 2968 1351 3025">
    <p class='ocr_par' dir='ltr' id='par_1_38' title="bbox 382 2968 1351 3025">
     <span class='ocr_line' id='line_1_108' title="bbox 382 2968 1351 3025; baseline 0.004 -17"><span class='ocrx_word' id='word_1_860' title='bbox 382 2972 429 3008; x_wconf 60' lang='lat' dir='ltr'>qq,</span> <span class='ocrx_word' id='word_1_861' title='bbox 445 2968 614 3013; x_wconf 49' lang='lat' dir='ltr'>&amp;tientia</span> <span class='ocrx_word' id='word_1_862' title='bbox 624 2975 655 3023; x_wconf 88' lang='lat'>*,</span> <span class='ocrx_word' id='word_1_863' title='bbox 683 2975 788 3024; x_wconf 92' lang='lat' dir='ltr'>quod</span> <span class='ocrx_word' id='word_1_864' title='bbox 808 2975 989 3024; x_wconf 87' lang='lat' dir='ltr'>patientia</span> <span class='ocrx_word' id='word_1_865' title='bbox 1009 2975 1081 3012; x_wconf 91' lang='lat' dir='ltr'>Dei</span> <span class='ocrx_word' id='word_1_866' title='bbox 1111 2975 1351 3025; x_wconf 90' lang='lat' dir='ltr'>praedicatur</span> 
     </span>
    </p>
   </div>
   <div class='ocr_carea' id='block_1_34' title="bbox 329 2834 473 2993">
    <p class='ocr_par' dir='ltr' id='par_1_39' title="bbox 329 2834 473 2993">
     <span class='ocr_line' id='line_1_109' title="bbox 329 2834 473 2993; baseline 0.014 -96"><span class='ocrx_word' id='word_1_867' title='bbox 329 2834 473 2993; x_wconf 95' lang='lat' dir='ltr'>   </span> 
     </span>
    </p>
   </div>
   <div class='ocr_carea' id='block_1_35' title="bbox 292 2834 308 2899">
    <p class='ocr_par' dir='ltr' id='par_1_40' title="bbox 292 2834 308 2899">
     <span class='ocr_line' id='line_1_110' title="bbox 292 2834 308 2899; baseline 0 1299"><span class='ocrx_word' id='word_1_868' title='bbox 292 2834 308 2899; x_wconf 95' lang='lat' dir='ltr'> </span> 
     </span>
    </p>
   </div>
   <div class='ocr_carea' id='block_1_36' title="bbox 277 3028 1377 3078">
    <p class='ocr_par' dir='ltr' id='par_1_41' title="bbox 277 3028 1377 3078">
     <span class='ocr_line' id='line_1_111' title="bbox 277 3028 1377 3078; baseline 0.001 -13"><span class='ocrx_word' id='word_1_869' title='bbox 277 3041 353 3066; x_wconf 91' lang='lat' dir='ltr'>non</span> <span class='ocrx_word' id='word_1_870' title='bbox 385 3029 421 3066; x_wconf 89' lang='lat' dir='ltr'>in</span> <span class='ocrx_word' id='word_1_871' title='bbox 451 3029 525 3066; x_wconf 91' lang='lat' dir='ltr'>hoc</span> <span class='ocrx_word' id='word_1_872' title='bbox 564 3029 670 3078; x_wconf 91' lang='lat' dir='ltr'>quod</span> <span class='ocrx_word' id='word_1_873' title='bbox 700 3028 854 3078; x_wconf 88' lang='lat' dir='ltr'>aliquod</span> <span class='ocrx_word' id='word_1_874' title='bbox 893 3029 1038 3065; x_wconf 88' lang='lat' dir='ltr'>malurn</span> <span class='ocrx_word' id='word_1_875' title='bbox 1069 3028 1250 3078; x_wconf 89' lang='lat' dir='ltr'>patiatur,</span> <span class='ocrx_word' id='word_1_876' title='bbox 1282 3029 1348 3066; x_wconf 93' lang='lat' dir='ltr'>sed</span> <span class='ocrx_word' id='word_1_877' title='bbox 1376 3044 1377 3047; x_wconf 47' lang='lat'>¹</span> 
     </span>
    </p>
   </div>
   <div class='ocr_carea' id='block_1_37' title="bbox 276 3082 1349 3185">
    <p class='ocr_par' dir='ltr' id='par_1_42' title="bbox 276 3082 1349 3185">
     <span class='ocr_line' id='line_1_112' title="bbox 276 3082 1349 3132; baseline 0 -13"><span class='ocrx_word' id='word_1_878' title='bbox 276 3082 314 3119; x_wconf 90' lang='lat' dir='ltr'>in</span> <span class='ocrx_word' id='word_1_879' title='bbox 335 3083 409 3119; x_wconf 89' lang='lat' dir='ltr'>hoc</span> <span class='ocrx_word' id='word_1_880' title='bbox 428 3084 534 3131; x_wconf 90' lang='lat' dir='ltr'>quod</span> <span class='ocrx_word' id='word_1_881' title='bbox 554 3087 726 3132; x_wconf 82' lang='lat' dir='ltr'>expectat</span> <span class='ocrx_word' id='word_1_882' title='bbox 743 3082 864 3119; x_wconf 81' lang='lat' dir='ltr'>malos</span> <span class='ocrx_word' id='word_1_883' title='bbox 885 3088 923 3119; x_wconf 89' lang='lat' dir='ltr'>ut</span> <span class='ocrx_word' id='word_1_884' title='bbox 941 3088 1226 3120; x_wconf 77' lang='lat' dir='ltr'>convertantur:</span> <span class='ocrx_word' id='word_1_885' title='bbox 1246 3083 1349 3120; x_wconf 91' lang='lat' dir='ltr'>unde</span> 
     </span>
     <span class='ocr_line' id='line_1_113' title="bbox 276 3135 1347 3185; baseline 0.001 -13"><span class='ocrx_word' id='word_1_886' title='bbox 276 3136 392 3174; x_wconf 88' lang='lat' dir='ltr'>Eccli.</span> <span class='ocrx_word' id='word_1_887' title='bbox 413 3147 437 3173; x_wconf 91' lang='lat' dir='ltr'><strong>v</strong></span> <span class='ocrx_word' id='word_1_888' title='bbox 455 3135 475 3158; x_wconf 75' lang='lat'>⁵¹⁸</span> <span class='ocrx_word' id='word_1_889' title='bbox 505 3136 652 3174; x_wconf 89' lang='lat' dir='ltr'>dicitur:</span> <span class='ocrx_word' id='word_1_890' title='bbox 683 3135 895 3173; x_wconf 74' lang='lat' dir='ltr'>Altis-simus</span> <span class='ocrx_word' id='word_1_891' title='bbox 920 3137 1068 3185; x_wconf 85' lang='lat' dir='ltr'>patiens</span> <span class='ocrx_word' id='word_1_892' title='bbox 1092 3137 1258 3174; x_wconf 82' lang='lat' dir='ltr'>redditor</span> <span class='ocrx_word' id='word_1_893' title='bbox 1285 3142 1347 3173; x_wconf 86' lang='lat' dir='ltr'>est.</span> 
     </span>
    </p>
   </div>
   <div class='ocr_carea' id='block_1_38' title="bbox 279 3189 1377 3239">
    <p class='ocr_par' dir='ltr' id='par_1_43' title="bbox 279 3189 1377 3239">
     <span class='ocr_line' id='line_1_114' title="bbox 279 3189 1377 3239; baseline -0.002 -13"><span class='ocrx_word' id='word_1_894' title='bbox 279 3190 380 3237; x_wconf 88' lang='lat' dir='ltr'>Ergo</span> <span class='ocrx_word' id='word_1_895' title='bbox 399 3189 553 3227; x_wconf 90' lang='lat' dir='ltr'>videtur</span> <span class='ocrx_word' id='word_1_896' title='bbox 572 3190 677 3239; x_wconf 88' lang='lat' dir='ltr'>quod</span> <span class='ocrx_word' id='word_1_897' title='bbox 697 3189 877 3238; x_wconf 89' lang='lat' dir='ltr'>patientia</span> <span class='ocrx_word' id='word_1_898' title='bbox 898 3189 943 3226; x_wconf 89' lang='lat' dir='ltr'>sit</span> <span class='ocrx_word' id='word_1_899' title='bbox 963 3189 1065 3227; x_wconf 89' lang='lat' dir='ltr'>idem</span> <span class='ocrx_word' id='word_1_900' title='bbox 1095 3190 1200 3239; x_wconf 91' lang='lat' dir='ltr'>quod</span> <span class='ocrx_word' id='word_1_901' title='bbox 1222 3191 1350 3239; x_wconf 87' lang='lat' dir='ltr'>longa·</span> <span class='ocrx_word' id='word_1_902' title='bbox 1376 3218 1377 3224; x_wconf 71' lang='grc'>,</span> 
     </span>
    </p>
   </div>
   <div class='ocr_carea' id='block_1_39' title="bbox 279 3250 1351 3454">
    <p class='ocr_par' dir='ltr' id='par_1_44' title="bbox 279 3250 486 3280">
     <span class='ocr_line' id='line_1_115' title="bbox 279 3250 486 3280; baseline 0.01 -2"><span class='ocrx_word' id='word_1_903' title='bbox 279 3250 441 3280; x_wconf 76' lang='lat' dir='ltr'>nimltas.</span> <span class='ocrx_word' id='word_1_904' title='bbox 483 3263 486 3267; x_wconf 60' lang='grc'>’</span> 
     </span>
    </p>

    <p class='ocr_par' dir='ltr' id='par_1_45' title="bbox 280 3296 1351 3454">
     <span class='ocr_line' id='line_1_116' title="bbox 334 3296 1349 3347; baseline 0.002 -15"><span class='ocrx_word' id='word_1_905' title='bbox 334 3308 368 3332; x_wconf 90' lang='lat'>2.</span> <span class='ocrx_word' id='word_1_906' title='bbox 398 3297 639 3344; x_wconf 79' lang='lat' dir='ltr'>PRAETEREA,</span> <span class='ocrx_word' id='word_1_907' title='bbox 677 3297 781 3334; x_wconf 90' lang='lat' dir='ltr'>idem</span> <span class='ocrx_word' id='word_1_908' title='bbox 812 3309 889 3334; x_wconf 91' lang='lat' dir='ltr'>non</span> <span class='ocrx_word' id='word_1_909' title='bbox 920 3305 974 3334; x_wconf 90' lang='lat' dir='ltr'>est</span> <span class='ocrx_word' id='word_1_910' title='bbox 1004 3296 1224 3347; x_wconf 90' lang='lat' dir='ltr'>oppositum</span> <span class='ocrx_word' id='word_1_911' title='bbox 1255 3297 1349 3334; x_wconf 93' lang='lat' dir='ltr'>duo-</span> 
     </span>
     <span class='ocr_line' id='line_1_117' title="bbox 280 3349 1351 3400; baseline 0.003 -15"><span class='ocrx_word' id='word_1_912' title='bbox 280 3349 363 3386; x_wconf 92' lang='lat' dir='ltr'>bus.</span> <span class='ocrx_word' id='word_1_913' title='bbox 394 3350 471 3386; x_wconf 90' lang='lat' dir='ltr'>Sed</span> <span class='ocrx_word' id='word_1_914' title='bbox 491 3350 726 3399; x_wconf 87' lang='lat' dir='ltr'>impatientia</span> <span class='ocrx_word' id='word_1_915' title='bbox 746 3350 954 3400; x_wconf 83' lang='lat' dir='ltr'>opponitur</span> <span class='ocrx_word' id='word_1_916' title='bbox 974 3350 1261 3399; x_wconf 85' lang='lat' dir='ltr'>longanimitati,</span> <span class='ocrx_word' id='word_1_917' title='bbox 1282 3363 1351 3400; x_wconf 91' lang='lat' dir='ltr'>per</span> 
     </span>
     <span class='ocr_line' id='line_1_118' title="bbox 280 3403 1350 3454; baseline 0.002 -16"><span class='ocrx_word' id='word_1_918' title='bbox 280 3414 397 3451; x_wconf 88' lang='lat' dir='ltr'>quam</span> <span class='ocrx_word' id='word_1_919' title='bbox 425 3403 557 3452; x_wconf 88' lang='lat' dir='ltr'>aliquis</span> <span class='ocrx_word' id='word_1_920' title='bbox 586 3416 737 3441; x_wconf 87' lang='lat' dir='ltr'>moram</span> <span class='ocrx_word' id='word_1_921' title='bbox 766 3412 958 3454; x_wconf 86' lang='lat' dir='ltr'>expectat:</span> <span class='ocrx_word' id='word_1_922' title='bbox 990 3404 1125 3442; x_wconf 91' lang='lat' dir='ltr'>dicitur</span> <span class='ocrx_word' id='word_1_923' title='bbox 1153 3404 1255 3442; x_wconf 86' lang='lat' dir='ltr'>enim</span> <span class='ocrx_word' id='word_1_924' title='bbox 1285 3404 1350 3442; x_wconf 87' lang='lat' dir='ltr'>ali-</span> 
     </span>
    </p>
   </div>
   <div class='ocr_carea' id='block_1_40' title="bbox 458 2813 1377 2863">
    <p class='ocr_par' dir='ltr' id='par_1_46' title="bbox 458 2813 1377 2863">
     <span class='ocr_line' id='line_1_119' title="bbox 458 2813 1377 2863; baseline 0.001 -14"><span class='ocrx_word' id='word_1_925' title='bbox 458 2840 462 2849; x_wconf 57' lang='lat'>.</span> <span class='ocrx_word' id='word_1_926' title='bbox 488 2827 510 2852; x_wconf 84' lang='lat' dir='ltr'>D</span> <span class='ocrx_word' id='word_1_927' title='bbox 531 2826 695 2858; x_wconf 60' lang='lat' dir='ltr'>Quiritum</span> <span class='ocrx_word' id='word_1_928' title='bbox 719 2826 773 2851; x_wconf 75' lang='lat' dir='ltr'>sm</span> <span class='ocrx_word' id='word_1_929' title='bbox 794 2826 1038 2851; x_wconf 73' lang='lat' dir='ltr'>PROCEDITUR.</span> <span class='ocrx_word' id='word_1_930' title='bbox 1062 2813 1224 2852; x_wconf 89' lang='lat' dir='ltr'>Videtur</span> <span class='ocrx_word' id='word_1_931' title='bbox 1245 2813 1349 2863; x_wconf 88' lang='lat' dir='ltr'>quod</span> <span class='ocrx_word' id='word_1_932' title='bbox 1376 2818 1377 2821; x_wconf 77' lang='grc'>’</span> 
     </span>
    </p>
   </div>
   <div class='ocr_carea' id='block_1_41' title="bbox 1404 2814 2480 3079">
    <p class='ocr_par' dir='ltr' id='par_1_47' title="bbox 1404 2814 2480 2904">
     <span class='ocr_line' id='line_1_120' title="bbox 1404 2814 2480 2865; baseline 0.004 -15"><span class='ocrx_word' id='word_1_933' title='bbox 1404 2814 1507 2862; x_wconf 88' lang='lat' dir='ltr'>Ergo</span> <span class='ocrx_word' id='word_1_934' title='bbox 1544 2814 1695 2851; x_wconf 91' lang='lat' dir='ltr'>videtur</span> <span class='ocrx_word' id='word_1_935' title='bbox 1733 2815 1838 2863; x_wconf 90' lang='lat' dir='ltr'>quod</span> <span class='ocrx_word' id='word_1_936' title='bbox 1876 2814 2055 2864; x_wconf 87' lang='lat' dir='ltr'>patientia</span> <span class='ocrx_word' id='word_1_937' title='bbox 2093 2814 2139 2852; x_wconf 92' lang='lat' dir='ltr'>sit</span> <span class='ocrx_word' id='word_1_938' title='bbox 2174 2815 2277 2854; x_wconf 89' lang='lat' dir='ltr'>idem</span> <span class='ocrx_word' id='word_1_939' title='bbox 2310 2816 2480 2865; x_wconf 86' lang='lat' dir='ltr'>longani-</span> 
     </span>
     <span class='ocr_line' id='line_1_121' title="bbox 1404 2875 1536 2904; baseline 0 0"><span class='ocrx_word' id='word_1_940' title='bbox 1404 2875 1536 2904; x_wconf 80' lang='lat' dir='ltr'>mitati.</span> 
     </span>
    </p>

    <p class='ocr_par' dir='ltr' id='par_1_48' title="bbox 1404 2922 2479 3079">
     <span class='ocr_line' id='line_1_122' title="bbox 1460 2922 2479 2972; baseline 0.002 -14"><span class='ocrx_word' id='word_1_941' title='bbox 1460 2922 1494 2958; x_wconf 87' lang='lat'>3.</span> <span class='ocrx_word' id='word_1_942' title='bbox 1526 2922 1768 2968; x_wconf 52' lang='lat' dir='ltr'>Paternum,</span> <span class='ocrx_word' id='word_1_943' title='bbox 1799 2922 1896 2958; x_wconf 88' lang='lat' dir='ltr'>sicut</span> <span class='ocrx_word' id='word_1_944' title='bbox 1923 2929 2074 2971; x_wconf 87' lang='lat' dir='ltr'>tempus</span> <span class='ocrx_word' id='word_1_945' title='bbox 2104 2929 2160 2959; x_wconf 91' lang='lat' dir='ltr'>est</span> <span class='ocrx_word' id='word_1_946' title='bbox 2187 2922 2378 2972; x_wconf 87' lang='lat' dir='ltr'>quaedam</span> <span class='ocrx_word' id='word_1_947' title='bbox 2410 2923 2479 2960; x_wconf 91' lang='lat' dir='ltr'>cir-</span> 
     </span>
     <span class='ocr_line' id='line_1_123' title="bbox 1405 2975 2477 3025; baseline 0.003 -14"><span class='ocrx_word' id='word_1_948' title='bbox 1405 2975 1630 3012; x_wconf 86' lang='lat' dir='ltr'>cumstantia</span> <span class='ocrx_word' id='word_1_949' title='bbox 1659 2975 1850 3012; x_wconf 89' lang='lat' dir='ltr'>malorum</span> <span class='ocrx_word' id='word_1_950' title='bbox 1879 2987 1977 3025; x_wconf 85' lang='lat' dir='ltr'>quae</span> <span class='ocrx_word' id='word_1_951' title='bbox 2007 2976 2254 3021; x_wconf 88' lang='lat' dir='ltr'>sustinentur,</span> <span class='ocrx_word' id='word_1_952' title='bbox 2285 2976 2334 3013; x_wconf 87' lang='lat' dir='ltr'>ita</span> <span class='ocrx_word' id='word_1_953' title='bbox 2364 2976 2477 3014; x_wconf 87' lang='lat' dir='ltr'>etiam</span> 
     </span>
     <span class='ocr_line' id='line_1_124' title="bbox 1404 3029 2479 3079; baseline 0.001 -13"><span class='ocrx_word' id='word_1_954' title='bbox 1404 3029 1522 3066; x_wconf 86' lang='lat' dir='ltr'>locus.</span> <span class='ocrx_word' id='word_1_955' title='bbox 1561 3029 1639 3066; x_wconf 91' lang='lat' dir='ltr'>Sed</span> <span class='ocrx_word' id='word_1_956' title='bbox 1674 3040 1718 3066; x_wconf 89' lang='lat' dir='ltr'>ex</span> <span class='ocrx_word' id='word_1_957' title='bbox 1757 3036 1862 3078; x_wconf 88' lang='lat' dir='ltr'>parte</span> <span class='ocrx_word' id='word_1_958' title='bbox 1900 3029 1972 3067; x_wconf 92' lang='lat' dir='ltr'>loci</span> <span class='ocrx_word' id='word_1_959' title='bbox 2009 3041 2088 3067; x_wconf 93' lang='lat' dir='ltr'>non</span> <span class='ocrx_word' id='word_1_960' title='bbox 2122 3029 2282 3067; x_wconf 89' lang='lat' dir='ltr'>sumitur</span> <span class='ocrx_word' id='word_1_961' title='bbox 2305 3034 2323 3051; x_wconf 73' lang='lat'><em>²</em></span> <span class='ocrx_word' id='word_1_962' title='bbox 2351 3029 2479 3079; x_wconf 85' lang='lat' dir='ltr'>aliqua</span> 
     </span>
    </p>
   </div>
   <div class='ocr_carea' id='block_1_42' title="bbox 1375 3081 2478 3134">
    <p class='ocr_par' dir='ltr' id='par_1_49' title="bbox 1375 3081 2478 3134">
     <span class='ocr_line' id='line_1_125' title="bbox 1375 3081 2478 3134; baseline 0.001 -15"><span class='ocrx_word' id='word_1_963' title='bbox 1375 3127 1377 3134; x_wconf 24' lang='grc' dir='ltr'><em>Α</em></span> <span class='ocrx_word' id='word_1_964' title='bbox 1403 3082 1522 3120; x_wconf 90' lang='lat' dir='ltr'>virtus</span> <span class='ocrx_word' id='word_1_965' title='bbox 1551 3095 1650 3132; x_wconf 87' lang='lat' dir='ltr'>quae</span> <span class='ocrx_word' id='word_1_966' title='bbox 1679 3082 1930 3132; x_wconf 87' lang='lat' dir='ltr'>distinguatur</span> <span class='ocrx_word' id='word_1_967' title='bbox 1957 3095 1980 3120; x_wconf 88' lang='lat' dir='ltr'>a</span> <span class='ocrx_word' id='word_1_968' title='bbox 2006 3081 2200 3132; x_wconf 87' lang='lat' dir='ltr'>patientia.</span> <span class='ocrx_word' id='word_1_969' title='bbox 2239 3083 2341 3132; x_wconf 90' lang='lat' dir='ltr'>Ergo</span> <span class='ocrx_word' id='word_1_970' title='bbox 2375 3083 2478 3122; x_wconf 88' lang='lat' dir='ltr'>simi-</span> 
     </span>
    </p>
   </div>
   <div class='ocr_carea' id='block_1_43' title="bbox 1403 3135 2478 3293">
    <p class='ocr_par' dir='ltr' id='par_1_50' title="bbox 1403 3135 2478 3293">
     <span class='ocr_line' id='line_1_126' title="bbox 1404 3135 2478 3186; baseline 0.001 -13"><span class='ocrx_word' id='word_1_971' title='bbox 1404 3136 1487 3173; x_wconf 91' lang='lat' dir='ltr'>liter</span> <span class='ocrx_word' id='word_1_972' title='bbox 1524 3148 1595 3174; x_wconf 91' lang='lat' dir='ltr'>nec</span> <span class='ocrx_word' id='word_1_973' title='bbox 1633 3136 1922 3185; x_wconf 87' lang='lat' dir='ltr'>longanimitas,</span> <span class='ocrx_word' id='word_1_974' title='bbox 1951 3148 2051 3186; x_wconf 84' lang='lat' dir='ltr'>quae</span> <span class='ocrx_word' id='word_1_975' title='bbox 2089 3135 2251 3174; x_wconf 87' lang='lat' dir='ltr'>sumitur</span> <span class='ocrx_word' id='word_1_976' title='bbox 2289 3149 2334 3174; x_wconf 87' lang='lat' dir='ltr'>ex</span> <span class='ocrx_word' id='word_1_977' title='bbox 2371 3145 2478 3186; x_wconf 85' lang='lat' dir='ltr'>parte</span> 
     </span>
     <span class='ocr_line' id='line_1_127' title="bbox 1403 3189 2477 3240; baseline 0.001 -13"><span class='ocrx_word' id='word_1_978' title='bbox 1403 3190 1600 3239; x_wconf 89' lang='lat' dir='ltr'>temporis,</span> <span class='ocrx_word' id='word_1_979' title='bbox 1626 3190 1851 3240; x_wconf 88' lang='lat' dir='ltr'>inquantum</span> <span class='ocrx_word' id='word_1_980' title='bbox 1881 3189 2021 3227; x_wconf 90' lang='lat' dir='ltr'>scilicet</span> <span class='ocrx_word' id='word_1_981' title='bbox 2044 3189 2178 3239; x_wconf 85' lang='lat' dir='ltr'>aliquis</span> <span class='ocrx_word' id='word_1_982' title='bbox 2208 3189 2272 3227; x_wconf 92' lang='lat' dir='ltr'>diu</span> <span class='ocrx_word' id='word_1_983' title='bbox 2293 3199 2477 3240; x_wconf 79' lang='lat' dir='ltr'>expectat,</span> 
     </span>
     <span class='ocr_line' id='line_1_128' title="bbox 1406 3242 1913 3293; baseline 0 -13"><span class='ocrx_word' id='word_1_984' title='bbox 1406 3243 1644 3292; x_wconf 88' lang='lat' dir='ltr'>distinguitur</span> <span class='ocrx_word' id='word_1_985' title='bbox 1672 3256 1692 3280; x_wconf 86' lang='lat' dir='ltr'>a</span> <span class='ocrx_word' id='word_1_986' title='bbox 1721 3242 1913 3293; x_wconf 87' lang='lat' dir='ltr'>patientia.</span> 
     </span>
    </p>
   </div>
   <div class='ocr_carea' id='block_1_44' title="bbox 1459 3295 2517 3346">
    <p class='ocr_par' dir='ltr' id='par_1_51' title="bbox 1459 3295 2517 3346">
     <span class='ocr_line' id='line_1_129' title="bbox 1459 3295 2517 3346; baseline 0.002 -12"><span class='ocrx_word' id='word_1_987' title='bbox 1459 3298 1535 3334; x_wconf 83' lang='lat' dir='ltr'>SED</span> <span class='ocrx_word' id='word_1_988' title='bbox 1551 3308 1698 3335; x_wconf 72' lang='lat' dir='ltr'>coaraA</span> <span class='ocrx_word' id='word_1_989' title='bbox 1717 3308 1784 3335; x_wconf 71' lang='lat' dir='ltr'>as&#39;r</span> <span class='ocrx_word' id='word_1_990' title='bbox 1807 3295 1914 3346; x_wconf 90' lang='lat' dir='ltr'>quod</span> <span class='ocrx_word' id='word_1_991' title='bbox 1931 3297 2045 3334; x_wconf 84' lang='lat' dir='ltr'>Rom.</span> <span class='ocrx_word' id='word_1_992' title='bbox 2068 3308 2102 3343; x_wconf 86' lang='lat'>11,</span> <span class='ocrx_word' id='word_1_993' title='bbox 2120 3309 2235 3346; x_wconf 89' lang='lat' dir='ltr'>super</span> <span class='ocrx_word' id='word_1_994' title='bbox 2255 3297 2345 3335; x_wconf 89' lang='lat' dir='ltr'>illud</span> <span class='ocrx_word' id='word_1_995' title='bbox 2364 3297 2396 3346; x_wconf 84' lang='lat'>&#39;¹&#39;,</span> <span class='ocrx_word' id='word_1_996' title='bbox 2416 3299 2478 3336; x_wconf 83' lang='lat' dir='ltr'>An</span> <span class='ocrx_word' id='word_1_997' title='bbox 2508 3310 2517 3319; x_wconf 90' lang='lat'><strong>·</strong></span> 
     </span>
    </p>
   </div>
   <div class='ocr_carea' id='block_1_45' title="bbox 1404 3350 2478 3402">
    <p class='ocr_par' dir='ltr' id='par_1_52' title="bbox 1404 3350 2478 3402">
     <span class='ocr_line' id='line_1_130' title="bbox 1404 3350 2478 3402; baseline 0.002 -14"><span class='ocrx_word' id='word_1_998' title='bbox 1404 3350 1552 3388; x_wconf 82' lang='lat' dir='ltr'>divitias</span> <span class='ocrx_word' id='word_1_999' title='bbox 1580 3351 1753 3388; x_wconf 82' lang='lat' dir='ltr'>bonitatis</span> <span class='ocrx_word' id='word_1_1000' title='bbox 1780 3350 1860 3387; x_wconf 81' lang='lat' dir='ltr'>eius</span> <span class='ocrx_word' id='word_1_1001' title='bbox 1887 3355 1923 3387; x_wconf 85' lang='lat' dir='ltr'>et</span> <span class='ocrx_word' id='word_1_1002' title='bbox 1947 3350 2154 3399; x_wconf 83' lang='lat' dir='ltr'>patientiae</span> <span class='ocrx_word' id='word_1_1003' title='bbox 2188 3356 2224 3387; x_wconf 90' lang='lat' dir='ltr'>et</span> <span class='ocrx_word' id='word_1_1004' title='bbox 2249 3351 2478 3402; x_wconf 85' lang='lat' dir='ltr'>longanimi-</span> 
     </span>
    </p>
   </div>
   <div class='ocr_carea' id='block_1_46' title="bbox 1377 3403 2478 3456">
    <p class='ocr_par' dir='ltr' id='par_1_53' title="bbox 1377 3403 2478 3456">
     <span class='ocr_line' id='line_1_131' title="bbox 1377 3403 2478 3456; baseline 0.002 -15"><span class='ocrx_word' id='word_1_1005' title='bbox 1377 3434 1378 3441; x_wconf 68' lang='grc'>,</span> <span class='ocrx_word' id='word_1_1006' title='bbox 1405 3405 1489 3442; x_wconf 82' lang='lat' dir='ltr'>tatis</span> <span class='ocrx_word' id='word_1_1007' title='bbox 1516 3404 1742 3449; x_wconf 87' lang='lat' dir='ltr'>contemnis,</span> <span class='ocrx_word' id='word_1_1008' title='bbox 1772 3403 1861 3441; x_wconf 92' lang='lat' dir='ltr'>dicit</span> <span class='ocrx_word' id='word_1_1009' title='bbox 1889 3403 2027 3441; x_wconf 86' lang='lat' dir='ltr'>Glossa</span> <span class='ocrx_word' id='word_1_1010' title='bbox 2046 3403 2083 3441; x_wconf 76' lang='grc' dir='ltr'>*ε</span> <span class='ocrx_word' id='word_1_1011' title='bbox 2117 3404 2269 3442; x_wconf 86' lang='lat' dir='ltr'>Videtur</span> <span class='ocrx_word' id='word_1_1012' title='bbox 2305 3406 2478 3456; x_wconf 81' lang='lat' dir='ltr'>longani-</span> 
     </span>
    </p>
   </div>
   <div class='ocr_carea' id='block_1_47' title="bbox 281 3455 2479 3507">
    <p class='ocr_par' dir='ltr' id='par_1_54' title="bbox 281 3452 2479 3507">
     <span class='ocr_line' id='line_1_132' title="bbox 281 3455 2479 3507; baseline 0.002 -16"><span class='ocrx_word' id='word_1_1013' title='bbox 281 3455 364 3504; x_wconf 92' lang='lat' dir='ltr'>quis</span> <span class='ocrx_word' id='word_1_1014' title='bbox 393 3455 588 3504; x_wconf 83' lang='lat' dir='ltr'>impatiens</span> <span class='ocrx_word' id='word_1_1015' title='bbox 609 3469 751 3503; x_wconf 89' lang='lat' dir='ltr'>morae,</span> <span class='ocrx_word' id='word_1_1016' title='bbox 774 3458 869 3495; x_wconf 90' lang='lat' dir='ltr'>sicut</span> <span class='ocrx_word' id='word_1_1017' title='bbox 899 3466 935 3495; x_wconf 92' lang='lat' dir='ltr'>et</span> <span class='ocrx_word' id='word_1_1018' title='bbox 963 3458 1123 3495; x_wconf 85' lang='lat' dir='ltr'>aliorum</span> <span class='ocrx_word' id='word_1_1019' title='bbox 1145 3459 1350 3495; x_wconf 87' lang='lat' dir='ltr'>malorum.</span> <span class='ocrx_word' id='word_1_1020' title='bbox 1377 3467 1379 3505; x_wconf 95' lang='lat'>3</span> <span class='ocrx_word' id='word_1_1021' title='bbox 1405 3458 1516 3494; x_wconf 88' lang='lat' dir='ltr'>mitas</span> <span class='ocrx_word' id='word_1_1022' title='bbox 1547 3469 1572 3494; x_wconf 90' lang='lat' dir='ltr'>a</span> <span class='ocrx_word' id='word_1_1023' title='bbox 1599 3456 1782 3505; x_wconf 83' lang='lat' dir='ltr'>patientia</span> <span class='ocrx_word' id='word_1_1024' title='bbox 1819 3456 1994 3506; x_wconf 82' lang='lat' dir='ltr'>differre,</span> <span class='ocrx_word' id='word_1_1025' title='bbox 2033 3458 2123 3506; x_wconf 87' lang='lat' dir='ltr'>quia</span> <span class='ocrx_word' id='word_1_1026' title='bbox 2160 3458 2227 3507; x_wconf 84' lang='lat' dir='ltr'>qui</span> <span class='ocrx_word' id='word_1_1027' title='bbox 2261 3458 2479 3507; x_wconf 81' lang='lat' dir='ltr'>infirmitate</span> 
     </span>
    </p>
   </div>
   <div class='ocr_carea' id='block_1_48' title="bbox 335 3614 806 3647">
    <p class='ocr_par' dir='ltr' id='par_1_55' title="bbox 335 3614 806 3647">
     <span class='ocr_line' id='line_1_133' title="bbox 335 3614 806 3647; baseline 0 -8"><span class='ocrx_word' id='word_1_1028' title='bbox 335 3614 362 3647; x_wconf 74' lang='lat' dir='ltr'>a)</span> <span class='ocrx_word' id='word_1_1029' title='bbox 382 3614 507 3639; x_wconf 79' lang='lat' dir='ltr'>sumitur.</span> <span class='ocrx_word' id='word_1_1030' title='bbox 519 3627 538 3633; x_wconf 93' lang='lat'><em>—</em></span> <span class='ocrx_word' id='word_1_1031' title='bbox 555 3614 711 3639; x_wconf 75' lang='lat' dir='ltr'>exsamitur</span> <span class='ocrx_word' id='word_1_1032' title='bbox 729 3614 806 3639; x_wconf 84' lang='grc' dir='ltr'>ΑΒΚ.</span> 
     </span>
    </p>
   </div>
   <div class='ocr_carea' id='block_1_49' title="bbox 2501 750 2716 876">
    <p class='ocr_par' dir='ltr' id='par_1_56' title="bbox 2501 750 2716 876">
     <span class='ocr_line' id='line_1_134' title="bbox 2503 750 2715 776; baseline 0.009 -7"><span class='ocrx_word' id='word_1_1033' title='bbox 2503 751 2510 757; x_wconf 76' lang='grc'><em>“</em></span> <span class='ocrx_word' id='word_1_1034' title='bbox 2528 750 2575 776; x_wconf 90' lang='lat' dir='ltr'>Qu.</span> <span class='ocrx_word' id='word_1_1035' title='bbox 2591 755 2661 773; x_wconf 72' lang='lat' dir='ltr'>xuni.</span> <span class='ocrx_word' id='word_1_1036' title='bbox 2673 753 2715 771; x_wconf 81' lang='lat' dir='ltr'>art.</span> 
     </span>
     <span class='ocr_line' id='line_1_135' title="bbox 2503 776 2715 804; baseline 0.009 -8"><span class='ocrx_word' id='word_1_1037' title='bbox 2503 782 2531 804; x_wconf 86' lang='lat'>¹3-</span> <span class='ocrx_word' id='word_1_1038' title='bbox 2542 776 2570 797; x_wconf 83' lang='lat' dir='ltr'>ad</span> <span class='ocrx_word' id='word_1_1039' title='bbox 2585 782 2608 798; x_wconf 83' lang='lat'>2:</span> <span class='ocrx_word' id='word_1_1040' title='bbox 2623 776 2646 797; x_wconf 69' lang='lat'>1²¹</span> <span class='ocrx_word' id='word_1_1041' title='bbox 2661 776 2715 802; x_wconf 69' lang='lat'>11⁸².</span> 
     </span>
     <span class='ocr_line' id='line_1_136' title="bbox 2502 806 2716 833; baseline 0 -10"><span class='ocrx_word' id='word_1_1042' title='bbox 2502 808 2541 833; x_wconf 85' lang='lat' dir='ltr'>qu.</span> <span class='ocrx_word' id='word_1_1043' title='bbox 2561 808 2612 825; x_wconf 61' lang='lat' dir='ltr'>exv.</span> <span class='ocrx_word' id='word_1_1044' title='bbox 2633 806 2675 824; x_wconf 84' lang='lat' dir='ltr'>art.</span> <span class='ocrx_word' id='word_1_1045' title='bbox 2692 810 2716 830; x_wconf 80' lang='lat'>4,</span> 
     </span>
     <span class='ocr_line' id='line_1_137' title="bbox 2502 830 2715 852; baseline 0.005 -2"><span class='ocrx_word' id='word_1_1046' title='bbox 2502 830 2635 851; x_wconf 54' lang='lat' dir='ltr'>hommem.</span> <span class='ocrx_word' id='word_1_1047' title='bbox 2651 835 2715 852; x_wconf 86' lang='lat' dir='ltr'>num.</span> 
     </span>
     <span class='ocr_line' id='line_1_138' title="bbox 2501 862 2514 876; baseline 0 -11"><span class='ocrx_word' id='word_1_1048' title='bbox 2501 862 2514 876; x_wconf 43' lang='lat' dir='ltr'>V</span> 
     </span>
    </p>
   </div>
   <div class='ocr_carea' id='block_1_50' title="bbox 2504 871 2613 910">
    <p class='ocr_par' dir='ltr' id='par_1_57' title="bbox 2504 871 2613 910">
     <span class='ocr_line' id='line_1_139' title="bbox 2504 871 2613 910; baseline 0 -7"><span class='ocrx_word' id='word_1_1049' title='bbox 2504 887 2511 891; x_wconf 86' lang='grc'><em>·</em></span> <span class='ocrx_word' id='word_1_1050' title='bbox 2518 871 2579 904; x_wconf 47' lang='lat' dir='ltr'>&#39;Arta</span> <span class='ocrx_word' id='word_1_1051' title='bbox 2592 889 2613 910; x_wconf 88' lang='lat'>3.</span> 
     </span>
    </p>
   </div>
   <div class='ocr_carea' id='block_1_51' title="bbox 2503 1018 2588 1041">
    <p class='ocr_par' dir='ltr' id='par_1_58' title="bbox 2503 1018 2588 1041">
     <span class='ocr_line' id='line_1_140' title="bbox 2503 1018 2588 1041; baseline 0.012 -1"><span class='ocrx_word' id='word_1_1052' title='bbox 2503 1021 2513 1029; x_wconf 77' lang='lat'>⁸</span> <span class='ocrx_word' id='word_1_1053' title='bbox 2527 1018 2588 1041; x_wconf 80' lang='lat' dir='ltr'>lbid.</span> 
     </span>
    </p>
   </div>
   <div class='ocr_carea' id='block_1_52' title="bbox 2503 1103 2716 1156">
    <p class='ocr_par' dir='ltr' id='par_1_59' title="bbox 2503 1103 2716 1156">
     <span class='ocr_line' id='line_1_141' title="bbox 2504 1103 2716 1132; baseline 0.005 -7"><span class='ocrx_word' id='word_1_1054' title='bbox 2504 1106 2514 1114; x_wconf 92' lang='lat'>⁸</span> <span class='ocrx_word' id='word_1_1055' title='bbox 2523 1104 2532 1125; x_wconf 93' lang='lat'>1</span> <span class='ocrx_word' id='word_1_1056' title='bbox 2543 1103 2577 1125; x_wconf 77' lang='lat' dir='ltr'>ad</span> <span class='ocrx_word' id='word_1_1057' title='bbox 2589 1103 2656 1126; x_wconf 74' lang='lat' dir='ltr'>Cor..</span> <span class='ocrx_word' id='word_1_1058' title='bbox 2665 1109 2716 1132; x_wconf 76' lang='lat' dir='ltr'>cap.</span> 
     </span>
     <span class='ocr_line' id='line_1_142' title="bbox 2503 1136 2668 1156; baseline -0.006 -4"><span class='ocrx_word' id='word_1_1059' title='bbox 2503 1137 2555 1155; x_wconf 70' lang='lat' dir='ltr'>xm,</span> <span class='ocrx_word' id='word_1_1060' title='bbox 2571 1136 2631 1153; x_wconf 75' lang='lat' dir='ltr'>vers.</span> <span class='ocrx_word' id='word_1_1061' title='bbox 2646 1137 2668 1156; x_wconf 84' lang='lat'>4.</span> 
     </span>
    </p>
   </div>
   <div class='ocr_carea' id='block_1_53' title="bbox 2508 2354 2721 2404">
    <p class='ocr_par' dir='ltr' id='par_1_60' title="bbox 2508 2354 2721 2404">
     <span class='ocr_line' id='line_1_143' title="bbox 2509 2354 2721 2382; baseline -0.005 -5"><span class='ocrx_word' id='word_1_1062' title='bbox 2509 2356 2518 2366; x_wconf 96' lang='lat'>⁸</span> <span class='ocrx_word' id='word_1_1063' title='bbox 2541 2354 2578 2378; x_wconf 76' lang='lat' dir='ltr'>Cf.</span> <span class='ocrx_word' id='word_1_1064' title='bbox 2601 2360 2666 2377; x_wconf 84' lang='lat' dir='ltr'>num.</span> <span class='ocrx_word' id='word_1_1065' title='bbox 2685 2360 2721 2382; x_wconf 84' lang='lat' dir='ltr'>vi,</span> 
     </span>
     <span class='ocr_line' id='line_1_144' title="bbox 2508 2387 2550 2404; baseline -0.024 0"><span class='ocrx_word' id='word_1_1066' title='bbox 2508 2387 2550 2404; x_wconf 86' lang='lat' dir='ltr'>vn.</span> 
     </span>
    </p>
   </div>
   <div class='ocr_carea' id='block_1_54' title="bbox 2532 3308 2638 3336">
    <p class='ocr_par' dir='ltr' id='par_1_61' title="bbox 2532 3308 2638 3336">
     <span class='ocr_line' id='line_1_145' title="bbox 2532 3308 2638 3336; baseline 0.009 -6"><span class='ocrx_word' id='word_1_1067' title='bbox 2532 3308 2598 3331; x_wconf 77' lang='lat' dir='ltr'>Ven-</span> <span class='ocrx_word' id='word_1_1068' title='bbox 2613 3315 2638 3336; x_wconf 75' lang='grc'>4.</span> 
     </span>
    </p>
   </div>
   <div class='ocr_carea' id='block_1_55' title="bbox 2507 3412 2721 3441">
    <p class='ocr_par' dir='ltr' id='par_1_62' title="bbox 2507 3412 2721 3441">
     <span class='ocr_line' id='line_1_146' title="bbox 2507 3412 2721 3441; baseline -0.005 -6"><span class='ocrx_word' id='word_1_1069' title='bbox 2507 3415 2517 3424; x_wconf 84' lang='grc'><strong><em>·</em></strong></span> <span class='ocrx_word' id='word_1_1070' title='bbox 2525 3413 2608 3435; x_wconf 81' lang='lat' dir='ltr'>Lomb.</span> <span class='ocrx_word' id='word_1_1071' title='bbox 2617 3419 2645 3436; x_wconf 78' lang='lat' dir='ltr'>ex</span> <span class='ocrx_word' id='word_1_1072' title='bbox 2653 3412 2721 3441; x_wconf 70' lang='lat' dir='ltr'>orig.</span> 
     </span>
    </p>
   </div>
  </div>
 </body>
</html>
