2768 4198
935 285 1204 331 QUAESTIO
1235 286 1446 334 CLXXIV,
1476 287 1776 325 ARTICULUS
1806 288 1819 324 I

337 364 385 399 Et
412 363 504 411 quia
535 363 830 412 praedestinatio
867 364 938 400 sub
972 365 1222 412 praescientia
1252 378 1356 403 com-

41 420 253 443 ·0rd-1in0110m·
281 415 540 465 prehenditur,
569 415 656 453 ideo
685 415 723 452 in
753 416 891 453 Glossa
909 417 940 464 ²¹⁶,
971 418 1010 453 in
1038 418 1223 467 principio
1253 420 1356 456 Psal-

42 472 212 495 ·1'r⁰¹¹·²m⁶¹⁰
229 472 253 493 ’ἢ
281 469 363 506 terii
377 468 408 516 *‚
428 468 583 518 ponitur
610 476 758 506 tantum
780 470 920 518 duplex
939 471 1165 519 prophetiae
1189 473 1354 521 species:

41 500 63 522 1²
72 499 127 522 alm.

283 522 424 559 scilicet
436 522 642 559 secundum
656 523 962 570 praescientiam,
984 531 1020 560 et
1032 525 1238 562 secundum
1254 538 1355 563 com-

282 576 540 612 minationem.

335 631 394 665 An
432 640 570 665 PRIMUM
607 639 706 665 ERGO
745 641 931 666 nlcENDUM
963 630 1070 679 quod
1105 631 1356 679 praescientia

281 681 436 730 proprie
465 681 600 719 dicitur
618 682 879 730 praecognitio
899 683 1115 720 futurorum
1146 692 1353 721 eventuum

280 742 396 783 prout
423 734 461 771 in
490 734 622 783 seipsis
651 742 756 772 sunt:
791 743 826 771 et
855 736 1067 774 secundum
1097 738 1172 774 hoc
1200 738 1356 787 ponitur

281 787 428 836 species
455 787 692 836 prophetiae.
722 789 843 826 Prout
870 797 1000 826 autem
1021 789 1155 827 dicitur
1180 799 1355 840 respectu

281 841 496 877 futurorum
518 849 728 878 eventuum
750 842 829 880 sive
859 843 1074 880 secundum
1095 844 1202 891 quod
1230 844 1269 881 in
1297 857 1355 882 se-

279 893 371 942 ipsis
405 901 493 931 sunt
526 895 609 932 sive
644 897 858 933 secundum
897 897 1002 945 quod
1041 905 1129 934 sunt
1156 897 1194 934 in
1231 898 1355 935 causis

281 946 380 994 suis,
411 947 669 985 communiter
697 961 737 985 se
765 949 882 986 habet
909 949 958 987 ad
987 962 1146 987 omnem
1184 951 1354 999 speciem

279 1000 518 1049 prophetiae.

333 1056 392 1090 An
421 1066 613 1091 SECUNDUM
633 1066 820 1092 DICENDUM
840 1055 947 1104 quod
965 1056 1167 1104 prophetia
1189 1057 1355 1104 promis-

278 1107 394 1144 sionis
432 1108 772 1156 comprehenditur
808 1108 879 1145 sub
907 1109 1110 1158 prophetia
1146 1110 1353 1147 commina-

279 1160 411 1197 tionis.-
439 1160 528 1209 quia
558 1162 694 1198 eadem
724 1161 819 1198 ratio
840 1168 897 1198 est
914 1161 1083 1198 veritatis
1113 1161 1150 1198 in
1178 1170 1353 1212 utraque.

280 1213 564 1251 Denominatur
582 1221 712 1252 tamen
736 1214 858 1262 magis
878 1226 899 1251 a
921 1214 1235 1263 comminatione,
1264 1216 1354 1264 quia

279 1267 387 1303 Deus
413 1267 574 1316 pronior
602 1275 658 1305 est
685 1268 735 1305 ad
763 1267 1013 1304 relaxandum
1036 1279 1204 1316 poenam
1235 1281 1352 1317 quam

279 1319 329 1357 ad
346 1318 661 1358 subtrahendum
690 1321 880 1370 promissa
909 1321 1109 1358 beneficia.

332 1375 392 1410 An
419 1385 582 1411 ‘ri-:anum
612 1386 800 1412 monimum
829 1374 935 1423 quod
964 1373 1132 1411 Isidorus
1161 1373 1355 1422 distinguit

276 1426 521 1475 prophetiam
541 1427 757 1465 secundum
786 1428 949 1464 modum
973 1427 1243 1476 prophetandi.
1275 1427 1352 1475 Qui

277 1479 436 1528 quidem
464 1487 591 1529 potest
619 1480 798 1529 distingui
826 1481 889 1518 vel
918 1480 1134 1517 secundum
1163 1481 1353 1530 potentias

332 1610 357 1645 ὅ)
376 1612 456 1639 sumi.
468 1627 487 1633 -
506 1612 642 1645 distingui
665 1612 712 1638 Pa.

2395 291 2468 338 393

1411 367 1690 414 cognoscitivas
1718 366 1757 403 in
1784 367 1954 414 homine,
1984 380 2083 416 quae
2113 375 2200 405 sunt
2220 380 2364 415 sensus,
2386 369 2479 405 ima-

1409 420 1550 467 ginatio
1572 428 1608 457 et
1634 420 1856 457 intellectus.
1887 422 1935 457 Et
1955 421 2008 458 sic
2036 421 2198 458 sumitur
2216 421 2349 470 triplex
2367 422 2478 468 visio,

1409 485 1527 521 quarn
1555 474 1664 522 ponit
1693 480 1772 510 tam
1800 474 1881 523 ipse
1911 487 2027 523 quam
2057 474 2302 522 Augustinus,
2324 476 2393 511 XII
2421 487 2480 511 su-

1402 538 1477 574 per
1509 527 1601 563 Gen.
1632 528 1684 564 ad
1710 526 1775 563 litt.
1796 526 1817 548 '¹‘

1461 580 1533 616 Vel
1561 588 1688 628 potest
1716 580 1816 616 sumi
1836 578 1849 602 ὅ
1879 581 2091 618 secundum
2114 580 2368 618 differentiam
2393 593 2480 629 pro—

1409 632 1549 681 phetici
1578 633 1753 671 influxus.
1789 634 1866 680 Qui
1895 634 2070 682 quidem,
2100 642 2287 682 quantum
2324 635 2371 671 ad
2400 634 2480 671 illu-

1409 686 1631 723 strationem
1651 687 1872 733 intellectus,
1894 687 2127 734 significatur
2150 699 2220 736 per
2238 688 2480 736 repletionem

1408 739 1568 787 Spiritus
1587 740 1726 787 Sancti,
1743 752 1861 788 quam
1882 740 2044 788 septimo
2065 741 2151 777 loco
2171 741 2291 790 ponit.
2307 761 2332 768 -
2348 741 2480 788 Quan-

1408 799 1490 829 tum
1519 805 1614 829 vero
1643 794 1692 830 ad
1720 793 2015 841 impressionem
2054 794 2266 831 formarum
2296 793 2479 842 imagina-

1408 845 1555 892 bilium,
1585 847 1694 894 ponit
1720 846 1806 884 tria:
1837 846 1978 883 scilicet
2009 847 2210 893 somnium,
2238 847 2346 895 quod
2372 848 2481 896 ponit

1407 898 1518 935 tertio
1538 899 1643 945 loc0;
1674 908 1711 937 et
1737 900 1932 945 visionem,
1954 912 2053 948 quae
2082 900 2124 937 fit
2152 900 2190 937 in
2209 900 2403 948 vigilando
2424 913 2480 938 re-

1408 959 1542 1000 spectu
1570 964 1905 1000 quorumcumque
1927 953 2206 1000 communium,
2227 965 2344 1002 quarn
2373 955 2481 1002 ponit

1409 1004 1447 1041 in
1484 1005 1656 1042 secundo
1691 1007 1798 1050 loco;
1830 1013 1865 1042 et
1893 1007 2068 1052 extasim,
2098 1019 2196 1055 quae
2226 1007 2269 1043 fit
2304 1019 2374 1055 per
2407 1008 2479 1044 ele-

1407 1057 1605 1094 vationem
1642 1059 1780 1096 mentis
1816 1058 1854 1094 in
1883 1058 2010 1107 aliqua
2044 1059 2194 1106 altiora,
2224 1072 2340 1108 quam
2373 1061 2482 1109 ponit

1408 1110 1533 1158 primo
1554 1111 1653 1148 loco.
1684 1133 1708 1139 —
1738 1112 1937 1158 Quantum
1955 1124 2051 1149 vero
2072 1113 2121 1149 ad
2150 1113 2341 1150 sensibilia
2361 1113 2478 1161 signa,

1406 1163 1514 1212 ponit
1541 1163 1623 1200 tria.
1655 1165 1757 1212 Quia
1786 1164 1964 1201 sensibile
1994 1165 2146 1213 signum
2175 1174 2238 1202 aut
2267 1174 2322 1203 est
2352 1167 2479 1214 aliqua

1409 1228 1468 1253 res
1489 1228 1675 1265 corporea
1697 1217 1859 1254 exterius
1879 1230 2068 1266 apparens
2088 1218 2202 1255 visui:
2234 1219 2329 1256 sicut
2352 1221 2479 1267 nubes,

1408 1281 1526 1318 quarn
1562 1270 1671 1318 ponit
1705 1278 1840 1320 quarto
1873 1271 1972 1308 loco.
2006 1274 2083 1308 Aut
2119 1280 2174 1308 est
2205 1283 2284 1309 vox
2319 1273 2481 1310 exterius

1407 1322 1572 1359 formata
1600 1323 1655 1360 ad·
1670 1323 1844 1361 auditum
1873 1324 2041 1361 hominis
2062 1325 2200 1362 delata:
2231 1338 2348 1374 quam
2374 1327 2481 1374 ponit

1408 1374 1543 1424 quinto
1572 1376 1672 1413 loco.
1702 1378 1780 1413 Aut
1810 1384 1866 1413 est
1892 1389 1970 1414 vox
1997 1389 2066 1426 per
2094 1378 2294 1415 hominem
2318 1379 2480 1417 formata

1409 1440 1497 1465 cum
1528 1428 1774 1467 similitudine
1803 1429 1960 1467 alicuius
1990 1430 2061 1467 rei:
2096 1431 2203 1479 quod
2232 1431 2395 1480 pertinet
2431 1433 2480 1470 ad

1402 1481 1647 1529 parabolam,
1677 1495 1796 1531 quam
1826 1482 1935 1531 ponit
1964 1491 2070 1520 sexto
2100 1485 2199 1521 loco.

965 1692 1300 1726 Commentaria
1323 1693 1575 1727 Oardinalis
1599 1694 1802 1728 Caietam

280 1793 328 1856 Iu
359 1782 494 1814 articulo
530 1782 636 1822 primo
665 1781 862 1822 quaestionis
896 1781 1353 1823 centesimaeseptuagesimae-

1378 1784 1381 1835 l
1405 1783 1493 1813 niam
1515 1783 1559 1814 ibi
1576 1784 1779 1815 concluditur
1801 1785 1892 1825 quod
1915 1785 2084 1826 prophetia
2104 1793 2151 1817 est
2167 1786 2263 1816 unius
2278 1787 2393 1827 speciei
2409 1797 2481 1828 spe-

308 1833 449 1869 quartae,
475 1826 611 1857 dubium
635 1826 773 1857 occurrit
795 1826 836 1856 ad
859 1826 1035 1857 hominem.
1068 1827 1234 1864 Quoniam
1257 1837 1352 1868 supe·
1378 1837 1380 1875 Ι
1406 1827 1603 1864 cialissirnae‚
1627 1828 1679 1859 hic
1702 1839 1778 1859 vero
1802 1830 1892 1870 quod
1915 1836 1991 1860 sunt
2013 1830 2120 1870 plures
2141 1830 2261 1871 species
2284 1831 2480 1872 prophetiae.

277 1872 352 1908 rius,
376 1871 409 1902 in
433 1881 489 1912 qu.
505 1881 605 1908 cnxxr,
630 1877 686 1901 art.
707 1871 800 1907 3,.ad
819 1871 847 1907 3,
871 1872 995 1901 Auctor
1017 1871 1128 1911 posuit
1150 1871 1354 1912 prophetiam
1379 1880 1380 1917 {

277 1926 345 1948 esse
361 1916 457 1947 unius
473 1914 600 1956 speciei.
621 1914 683 1945 Hic
698 1924 774 1945 vero
790 1914 884 1955 ponit
900 1914 1017 1946 multas
1029 1915 1216 1955 prophetiae
1233 1916 1353 1956 species

277 1971 314 1992 ex
338 1959 471 1991 obiectis
494 1959 666 1995 distinctas,
690 1958 772 1989 sicut
799 1958 1018 1990 universaliter
1040 1959 1167 1990 habitus
1191 1970 1247 1991 seu
1264 1967 1353 1991 actus

277 2015 315 2036 ex
338 2004 471 2035 obiectis
487 2003 703 2044 distinguitur.
728 2003 804 2041 Quo
826 2010 921 2043 pacto
946 2010 1030 2035 stant
1043 2003 1120 2034 haec
1144 2004 1211 2035 duo
1235 2002 1354 2035 simul?

345 2049 384 2079 11.
408 2049 459 2079 Ad
482 2048 545 2078 hoc
569 2047 685 2078 dicitur
714 2048 804 2088 quod
829 2050 950 2078 Auctor
979 2048 1126 2088 superius
1152 2049 1282 2079 locutus
1306 2055 1354 2080 est

278 2094 318 2124 de
341 2093 446 2135 specie
469 2093 665 2124 subalterna:
699 2091 750 2123 hic
773 2102 850 2122 vero
877 2092 1022 2133 loquitur
1044 2093 1084 2123 de
1107 2093 1211 2133 specie
1235 2093 1354 2133 specia-

276 2137 408 2170 lissima.
432 2137 474 2168 Et
495 2137 569 2167 ideo
593 2136 681 2167 nulla
698 2143 745 2167 est
769 2136 971 2168 contrarietas
994 2137 1075 2168 inter
1088 2137 1174 2168 illius
1194 2137 1285 2169 dicta.

276 2226 321 2257 ibi
336 2226 483 2268 loquitur
498 2226 537 2256 de
553 2225 657 2266 specie
672 2225 908 2266 specialissima.
934 2225 1122 2256 Ostenditur
1137 2233 1255 2262 autern,
1277 2236 1352 2257 con-

278 2270 410 2302 ferendo
432 2270 675 2310 responsionem
695 2269 784 2300 illam
801 2269 841 2300 ad
860 2269 989 2300 tertium
1009 2270 1070 2311 ipsi
1086 2277 1276 2310 argumento
1294 2277 1353 2301 ter-

277 2315 335 2346 tio.
364 2315 416 2346 Ad
438 2314 529 2346 cuius
550 2314 752 2351 evidentiam,
769 2314 1000 2345 advertendum
1017 2321 1064 2345 est
1086 2315 1177 2355 quod
1192 2315 1226 2345 in
1248 2315 1354 2355 specie

277 2410 324 2435 est
348 2403 452 2435 unitas
475 2403 635 2444 generica;
661 2409 691 2434 et
713 2402 875 2434 invenitur
898 2403 1060 2434 diversitas
1084 2403 1245 2443 specifica,
1271 2414 1353 2445 quo-

277 2448 365 2479 niam
380 2447 580 2488 impossibile
596 2453 643 2478 est
657 2457 725 2478 esse
741 2447 883 2488 aliquam
899 2447 1039 2488 speciem
1055 2448 1271 2479 subalternam
1286 2448 1354 2479 sine

277 2492 403 2524 duabus
425 2493 465 2522 ad
489 2491 597 2522 minus
620 2491 796 2532 speciebus,
821 2501 896 2522 cum
920 2501 1018 2522 omne
1040 2502 1142 2532 genus
1166 2493 1290 2523 duabus
1314 2493 1354 2523 ad

277 2537 387 2568 minus
409 2535 592 2567 differentiis
607 2536 776 2568 dividatur.
800 2538 1039 2576 Argumentum
1054 2536 1135 2567 illud
1154 2537 1285 2568 tertium
1308 2537 1354 2567 di-

278 2713 341 2745 cies
364 2712 565 2754 prophetiae:
591 2712 758 2753 responsio
774 2723 851 2744 vero
870 2713 1015 2744 consistit
1029 2713 1063 2743 in
1080 2713 1271 2754 assignando
1288 2714 1353 2745 for-

278 2758 362 2789 male
385 2757 472 2788 unde
495 2756 665 2798 prophetia
688 2757 784 2788 habet
799 2756 954 2788 unitatem
970 2757 1161 2798 specificam.
1185 2758 1249 2789 Ubi
1268 2765 1355 2799 patet
1379 2759 1380 2807 ζ

278 2803 380 2844 quod,
404 2802 430 2832 si
447 2802 486 2832 de
501 2802 605 2842 specie
621 2801 801 2832 subalterna
818 2801 936 2832 solutio
952 2802 1147 2843 loqueretur,
1164 2809 1354 2843 argumento

279 2857 347 2878 non
369 2845 550 2878 satisfieret:
583 2846 659 2887 quia
686 2853 781 2877 staret
802 2845 883 2876 illud
912 2846 1003 2887 quod
1029 2846 1240 2883 inferebatur,
1264 2848 1354 2888 quod
1379 2862 1380 2892 3

280 2901 347 2921 non
376 2897 459 2922 esset
485 2891 598 2921 eadem
631 2890 751 2931 species
778 2890 985 2931 prophetiae;
1015 2891 1172 2931 quoniam
1199 2891 1262 2922 hoc
1293 2898 1355 2923 stat
1379 2894 1380 2918 l

280 2945 356 2966 cum
379 2934 484 2976 specie
508 2934 700 2966 subalterna.
730 2935 771 2966 Et
795 2934 839 2965 sic
865 2935 1032 2975 responsio
1060 2934 1140 2965 nihil
1163 2935 1292 2966 dixisset
1315 2936 1355 2966 ad
1379 2943 1380 2976 i

280 2989 339 3020 pro
365 2979 486 3010 ositum
509 2985 746 3019 argumentum.

352 3023 390 3055 11.
418 3023 601 3054 Dicendum
631 3030 679 3054 est
710 3033 786 3063 ergo
817 3023 906 3064 quod
937 3023 1109 3064 utrobique
1139 3023 1284 3064 loquitur
1315 3024 1354 3054 de

281 3067 385 3107 specie
407 3067 644 3108 specialissima.
669 3067 714 3098 Ita
737 3067 828 3108 quod
851 3067 1016 3098 conclusio
1040 3067 1091 3098 hic
1110 3067 1225 3108 posita,
1242 3077 1353 3099 secun-

283 3111 362 3142 dum
384 3121 430 3148 se„
452 3119 500 3144 est
523 3112 679 3144 contraria
703 3112 903 3143 conclusioni
926 3111 973 3142 illi
996 3112 1175 3142 secundum
1194 3119 1244 3142 se:
1268 3122 1352 3153 quo-

431 3665 540 3689 Smuun
558 3664 660 3689 Timor..
679 3663 710 3689 D.
723 3663 838 3689 Tuom
856 3664 888 3689 T.
906 3665 960 3690 Vll.

1462 1872 1504 1902 Et
1526 1873 1617 1913 quod
1639 1873 1683 1903 ita
1706 1874 1756 1909 sit,
1780 1874 1860 1904 ratio
1884 1873 2004 1904 litterae
2027 1874 2079 1905 hic
2102 1881 2132 1905 et
2155 1875 2199 1905 ibi
2223 1875 2367 1915 explicat.
2397 1876 2480 1906 Nam

1406 1916 1486 1946 ratio
1510 1926 1593 1957 quae
1616 1917 1667 1947 hic
1690 1917 1818 1948 affertur
1840 1918 1881 1948 ad
1904 1918 2174 1955 concludendum,
2193 1919 2320 1956 scilicet,
2339 1920 2482 1951 Habitus

1406 1965 1438 1990 et
1459 1966 1552 1991 actus
1574 1961 1825 2003 distinguuntur
1841 1972 1906 2002 per
1928 1963 2062 2000 obiecta,
2086 1963 2130 1993 ibi
2153 1963 2280 1994 affertur
2299 1965 2479 2004 arguendo:

1379 2034 1380 2038 ,
1405 2011 1436 2035 et
1459 2005 1604 2042 solvitur,
1630 2006 1719 2047 quod
1742 2006 1929 2046 intelligitur
1948 2007 1986 2037 de
2002 2007 2127 2038 obiecto
2144 2007 2287 2044 formali3
2313 2015 2344 2039 et
2367 2009 2482 2039 dicitur

1406 2050 1496 2089 quod
1515 2049 1667 2090 formale
1695 2052 1726 2081 in
1751 2051 1871 2082 obiecto
1895 2052 2088 2091 prophetiae
2111 2057 2159 2082 est
2181 2053 2289 2082 lumen
2313 2053 2478 2090 divinum,

1379 2126 1380 2132 ἵ
1406 2103 1426 2123 a
1450 2094 1544 2124 cuius
1567 2095 1692 2125 unitate
1716 2096 1890 2135 prophetia
1912 2096 2006 2126 habet
2027 2097 2144 2136 speciei
2167 2098 2333 2128 unitatem.
2365 2098 2405 2129 Et
2429 2107 2479 2128 ex-

1379 2139 1380 2143 ’
1407 2147 1512 2178 presse
1536 2139 1713 2170 excluditur
1736 2139 1815 2170 ratio
1839 2139 1890 2170 hic
1914 2140 2007 2170 allata
2030 2141 2109 2171 dum
2133 2141 2294 2172 subditur:
2321 2142 2394 2172 licet
2415 2144 2481 2172 sint

333 2181 396 2213 Sed
419 2181 497 2212 haec
518 2181 685 2223 responsio
709 2180 800 2211 facile
818 2180 1012 2218 confutatur,
1029 2182 1239 2219 monstrando
1263 2181 1354 2223 quod
1379 2178 1380 2182 ¹

1406 2182 1534 2213 diversa
1551 2193 1634 2223 quae
1647 2193 1711 2223 per
1726 2184 1869 2214 divinum
1888 2184 1996 2215 lumen
2012 2185 2200 2225 prophetice
2215 2185 2478 2226 manifestantur.

1462 2227 1618 2257 Notanter
1646 2234 1755 2258 autem
1783 2228 1863 2264 dixi,
1888 2229 2064 2259 secundum
2092 2239 2137 2259 se.
2170 2229 2333 2266 Quoniam
2359 2237 2394 2260 ut
2422 2240 2480 2270 po-

1407 2277 1528 2301 nuntur
1550 2271 1584 2301 in
1607 2271 1720 2308 littera,
1745 2282 1810 2302 non
1836 2279 1911 2303 sunt
1935 2273 2108 2304 contrariae
2130 2273 2230 2304 dictae
2247 2274 2479 2305 conclusiones.

1379 2341 1380 2349 ,
1408 2315 1573 2353 Quoniam
1598 2316 1763 2347 conclusio
1788 2317 1827 2347 de
1850 2317 2013 2348 identitate
2036 2317 2182 2357 specifica
2206 2317 2392 2358 prophetiae
2421 2329 2480 2359 po-

277 2359 458 2391 subalterna
480 2358 686 2390 inveniuntur
715 2359 798 2390 duo:
831 2358 949 2390 scilicet
977 2358 1083 2390 unitas
1111 2359 1245 2399 speciei,
1270 2369 1354 2400 quae
1379 2375 1380 2406 ζ

1408 2359 1495 2391 nitur
1517 2360 1556 2390 ab
1579 2362 1720 2391 Auctore
1744 2361 1943 2401 simpliciter,
1969 2368 1999 2392 et
2022 2362 2200 2393 secundum
2224 2362 2388 2403 propriam
2412 2373 2480 2393 sen-

1379 2409 1380 2435 ]
1407 2404 1552 2442 tentiam,
1577 2411 1613 2435 ut
1634 2405 1678 2435 ibi
1702 2412 1788 2445 patet
1810 2405 1937 2446 legenti.
1963 2405 2139 2437 Conclusio
2159 2413 2268 2437 autem
2292 2407 2330 2437 de
2355 2407 2482 2438 diversi-

1379 2448 1380 2483 ]
1408 2455 1471 2479 tate
1494 2447 1642 2489 specifica
1664 2449 1796 2490 ponitur
1819 2450 1998 2480 secundum
2021 2450 2119 2490 quid,
2145 2457 2175 2481 et
2202 2452 2380 2482 secundum
2408 2452 2481 2482 alie-

1408 2503 1482 2523 nam
1508 2493 1714 2524 sententiam:
1738 2501 1775 2525 ut
1797 2501 1884 2535 patet
1903 2504 1939 2525 ex
1956 2495 2083 2525 duobus
2102 2495 2135 2525 in
2151 2495 2254 2526 littera
2268 2496 2337 2526 hac.
2361 2496 2480 2532 Primo,

1379 2529 1381 2573 ,³
1408 2547 1445 2568 ex
1469 2547 1508 2568 eo
1531 2538 1622 2578 quod
1645 2537 1678 2568 in
1701 2537 1804 2569 littera
1826 2538 1960 2569 infertur
1981 2539 2042 2569 sic:
2066 2539 2110 2569 Et
2133 2539 2204 2570 ideo
2226 2540 2401 2570 secundum
2425 2541 2478 2570 ho-

277 2588 361 2613 recte
392 2587 424 2612 et
453 2580 597 2621 explicite
628 2587 738 2611 contra
765 2581 943 2611 secundum
970 2580 1090 2617 tendit,
1119 2581 1237 2612 scilicet
1263 2582 1354 2622 quod
1379 2579 1380 2587 ¹

278 2624 447 2666 prophetia
477 2634 544 2655 non
567 2624 663 2656 habet
685 2624 822 2655 diversas
846 2625 967 2665 species
998 2625 1053 2655 sed
1080 2635 1180 2656 unam
1207 2632 1352 2662 tantum,
1379 2630 1381 2662 ’ς

278 2669 467 2701 deducendo
491 2669 532 2699 ad
555 2668 618 2699 hoc
641 2668 881 2705 inconveniens,
905 2669 996 2710 quod
1015 2679 1083 2699 non
1098 2669 1138 2701 sit
1155 2670 1267 2700 eadem
1283 2680 1354 2710 spe·
1379 2669 1380 2672 ’

1408 2592 1481 2612 rum
1504 2581 1708 2622 differentias
1738 2583 1910 2623 prophetia
1939 2583 2154 2624 distinguitur
2183 2585 2215 2614 in
2239 2584 2387 2615 diversas
2408 2593 2476 2624 spe-

1408 2627 1491 2658 cies:
1513 2636 1580 2657 non
1603 2627 1736 2667 quidem
1759 2627 1915 2663 absolute,
1939 2627 2002 2658 hoc
2017 2633 2073 2663 est,
2097 2627 2165 2658 sine
2182 2627 2345 2658 additione
2360 2628 2477 2668 aliqua,

1408 2671 1464 2702 sed
1487 2681 1562 2701 cum
1583 2671 1642 2702 ista
1658 2671 1829 2708 additione,
1845 2672 2020 2702 secundum
2034 2672 2132 2712 prius
2146 2671 2264 2703 dictam
2281 2672 2478 2703 divisionem.

1408 2715 1509 2753 Quasi
1533 2715 1651 2746 diceret
1673 2715 1764 2756 quod
1782 2715 1841 2746 ista
1857 2715 2018 2746 diversitas
2034 2714 2180 2756 specifica
2203 2716 2335 2756 ponitur
2358 2726 2478 2756 suppo-

1408 2760 1515 2790 nendo
1538 2758 1577 2802 [et
1600 2759 1765 2802 sequendo
1798 2759 1887 2800 prius
1917 2759 2034 2790 dictam
2058 2759 2259 2791 divisionem.
2283 2777 2304 2782 —
2328 2760 2476 2790 Secundo

1408 2810 1494 2844 patet
1525 2813 1562 2834 ex
1585 2813 1623 2834 eo
1653 2804 1743 2844 quod
1773 2803 1807 2834 in
1836 2804 1919 2834 calce
1949 2804 2091 2844 corporis
2115 2804 2238 2835 articuli
2260 2804 2359 2835 salvat
2382 2804 2477 2834 etiam

1407 2848 1497 2889 quod
1517 2848 1598 2878 duae
1614 2854 1740 2878 tantum
1756 2848 1876 2888 species
1898 2848 2085 2888 prophetiae
2108 2856 2280 2888 ponantur.
2304 2849 2376 2879 Hoc
2391 2849 2477 2878 enim

1407 2892 1535 2932 signum
1563 2899 1610 2923 est
1633 2893 1722 2932 quod
1745 2892 1964 2933 adaptationes
1994 2892 2215 2924 adinveniebat
2242 2893 2282 2923 ad
2312 2892 2476 2923 salvandas

1405 2937 1527 2977 glossas
1557 2936 1752 2976 Scriptum,
1777 2937 1856 2967 dum
1884 2937 1984 2967 modo
2008 2944 2085 2973 tres,
2115 2938 2215 2967 modo
2244 2938 2323 2968 duas
2348 2943 2475 2967 tanturn

1379 2977 1380 2983 ¹
1406 2980 1526 3021 species
1550 2981 1659 3011 salvat.

1461 3025 1648 3055 Reverentia
1672 3034 1746 3065 ergo
1769 3025 1960 3061 Doctorum,
1981 3025 2149 3065 congenita
2172 3032 2261 3056 tanto
2285 3025 2371 3061 viro,
2394 3024 2474 3055 ratio

1406 3075 1453 3099 est
1482 3068 1599 3099 horum
1629 3069 1799 3100 dictorum.
1830 3069 1962 3109 Propria
1989 3076 2098 3099 autern
2126 3069 2278 3100 sententia
2306 3069 2386 3099 ratio
2416 3068 2476 3098 fuit

1404 3113 1493 3153 prius
1517 3113 1686 3144 dictorum.
1712 3113 1753 3144 Et
1775 3113 1819 3144 sic
1843 3113 1952 3144 omnia
1976 3121 2163 3144 consonant.
2260 3118 2266 3122 “

2296 3666 2327 3691 50

2508 522 2517 531 ·
2532 521 2588 550 Cap.
2603 528 2635 549 vt,
2649 528 2689 544 vu.
