2768 4198
86 778 95 788 ⁴
109 777 160 798 Art.
175 782 195 804 3,
211 775 239 797 ad
253 781 273 796 2.

86 1707 95 1716 ·
119 1705 167 1732 Qu.
195 1709 295 1729 mviii,

84 1735 124 1754 art.
139 1738 163 1758 4,
178 1730 207 1752 ad
222 1737 238 1757 ι,
252 1737 272 1759 3.

95 3204 148 3226 ·Ad
163 3204 246 3226 obiect.
259 3205 304 3233 3ηΙ

95 3234 157 3252 cont.
172 3231 274 3252 conclus.
286 3237 305 3253 2.

324 317 400 354 280

323 395 400 432 rius
429 394 499 431 sub
529 393 673 430 ratione
701 391 902 428 vindictae.
934 387 1140 425 Minimum
1161 393 1289 421 autem
1319 396 1387 420 no-

325 454 591 485 cumentorum
629 452 683 482 est
716 444 821 492 quod
849 443 891 479 fit
924 441 1005 477 solo
1040 439 1174 475 verbo.
1215 437 1263 473 Et
1298 436 1385 473 ideo

978 309 1244 357 QUAESTIO
1275 307 1448 353 CLVIII,
1481 304 1782 342 ARTICULUS
1811 303 1846 340 V

1442 383 1525 419 alia.
1557 383 1606 419 Et
1625 382 1713 419 ideo
1733 381 1887 429 singulis
1917 393 2051 419 eorum
2072 390 2268 432 ponuntur
2287 396 2512 434 correspon-

1443 435 1570 472 dentia
1614 434 1740 483 aliqua
1781 434 2007 483 pertinentia
2045 436 2094 473 ad
2134 437 2510 475 condemnationem.

324 508 508 551 quantum
543 499 591 536 ad
628 499 702 535 hoc
736 496 840 534 dicit:
880 493 955 535 Qui
980 492 1120 528 dixerit
1141 490 1267 538 fratri
1296 501 1365 526 suo
1375 517 1385 535 ,
1443 488 1519 525 Sed
1539 487 1577 524 in
1605 488 1730 536 primo
1751 487 1906 537 ponitur
1933 488 2124 536 iudicium,
2146 491 2251 540 quod
2280 490 2405 527 minus
2435 498 2512 528 est:

322 556 454 591 Fatue.

1443 541 1544 589 quia,
1568 548 1607 577 ut
1634 540 1871 588 Augustinus
1901 540 1989 578 dicit
2007 541 2040 588 ³⁸,
2069 543 2106 579 in
2136 543 2273 580 iudicio
2301 544 2426 581 adhuc
2453 545 2514 581 de·
2542 548 2755 603 {ffljfffiffgj-ffiffi

379 608 427 643 Et
455 606 507 643 sic
535 611 637 653 patet
666 601 769 650 quod
794 598 1006 636 secundum
1036 596 1141 633 addit
1169 607 1286 644 supra
1313 594 1388 643 pri·
1432 594 1621 643 sensionis
1641 594 1743 630 locus
1769 594 1892 630 datur.
1923 595 1966 631 In
1986 596 2156 634 secundo
2179 609 2271 634 vero
2300 597 2408 645 ponit
2427 609 2514 634 con·
2542 608 2638 630 σῦν-ι*-

323 672 443 706 mum,
466 666 502 695 et
529 656 678 693 tertium
708 664 821 701 supra
854 658 1073 697 utrumque.
1113 649 1225 686 Unde
1254 648 1284 685 si
1312 647 1387 696 pri·
1442 647 1569 684 cilium
1590 652 1630 684 ηε
1661 647 1698 683 in
1737 658 1815 694 quo
1845 647 1985 684 iudices
2017 648 2114 685 inter
2140 661 2180 686 se
2207 651 2409 699 conferunt
2440 662 2514 699 quo

325 724 431 749 mum
462 718 517 747 est
544 715 742 758 peccatum
772 704 944 750 mortale,
965 703 1003 739 in
1032 714 1122 739 casu
1142 701 1180 738 in
1210 713 1287 750 quo
1308 702 1388 738 Do-
1441 700 1623 750 supplicio
1657 700 1840 736 damnari
1877 706 2056 749 oporteat.
2092 703 2134 739 ln
2168 703 2278 740 tertio
2313 703 2423 752 ponit
2448 715 2516 754 ge-

324 766 450 802 minus
479 761 653 809 loquitur,
681 759 775 795 sicut
805 757 946 794 dictum
978 763 1032 792 est
1057 754 1087 802 ²¹⁶,
1117 755 1237 791 multo
1266 753 1387 802 magis
1415 751 1418 804 Ι

376 877 402 909 η)
420 876 568 901 concilium.
581 887 599 892 -
617 872 756 898 consilium
777 870 941 896 PACHKLa.

1443 755 1606 791 hennam
1636 752 1757 803 ignis:
1796 764 1896 800 quae
1926 761 1981 790 est
2008 761 2110 792 certa
2139 755 2342 794 damnatio.

998 950 1336 982 Commentario.
1358 950 1613 984 Oardjnalis
1635 953 1838 986 Caietam

353 1046 372 1065 N
392 1033 524 1064 articulo
541 1032 654 1072 quinto
670 1031 812 1061 eiusdem
830 1029 1391 1071 centesimaequinquagesimaeocta-

326 1048 408 1109 Ivae
432 1075 637 1118 quaestionis,
655 1075 791 1105 dubium
814 1075 960 1111 occurrit,
978 1085 1045 1115 quo
1064 1081 1157 1115 pacto
1182 1074 1340 1105 distinctio
1357 1074 1389 1104 in

321 1124 422 1154 littera
443 1121 546 1162 posita
570 1130 606 1150 ex
629 1119 808 1156 Aristotele,
833 1119 873 1150 sit
896 1119 1055 1150 distinctio
1080 1118 1224 1159 specifica
1247 1125 1390 1159 peccato-

321 1178 393 1198 rum
425 1167 499 1196 irae.
528 1165 568 1195 Et
592 1171 638 1194 est
660 1163 740 1194 ratio
774 1163 861 1194 dubii
893 1163 967 1204 quia
997 1169 1124 1204 peccata
1154 1162 1392 1203 distinguuntur

322 1211 424 1252 specie
448 1219 504 1250 per
520 1208 643 1239 obiecta
658 1207 833 1238 formaliter
849 1207 1005 1239 distincta.
1030 1208 1099 1238 Hae
1116 1214 1223 1238 autem
1246 1207 1309 1238 irae
1326 1217 1390 1238 non

322 1266 359 1286 ex
381 1261 469 1295 parte
500 1253 615 1284 obiecti
643 1252 894 1293 distinguuntur:
925 1253 994 1289 sed,
1019 1259 1054 1283 ut
1076 1252 1109 1282 in
1136 1251 1237 1282 littera
1267 1252 1390 1288 dicitur,

322 1300 424 1341 prima
447 1298 566 1339 species
583 1297 755 1328 attenditur
770 1307 807 1327 ex
822 1303 910 1337 parte
924 1296 1067 1337 originis;
1093 1297 1232 1327 secunda
1251 1306 1288 1327 ex
1304 1302 1392 1336 parte

322 1343 497 1375 durationis
521 1350 652 1378 causae;
685 1341 775 1372 tertia
799 1350 836 1371 ex
859 1347 946 1381 parte
970 1340 1145 1372 durationis
1168 1340 1267 1381 ipsius
1291 1341 1393 1371 vindi-

322 1395 398 1420 ctae.
416 1406 436 1410 -
459 1386 609 1418 Similiter
632 1395 690 1416 nec
713 1385 845 1416 facilitas
863 1395 921 1416 nec
936 1384 1067 1416 firmitas
1089 1385 1229 1416 hominis
1253 1385 1292 1415 ad
1312 1385 1392 1415 iram

322 1444 354 1464 se
379 1439 464 1463 tenet
488 1441 525 1462 ex
548 1436 635 1471 parte
660 1429 788 1467 obiecti,
814 1430 869 1460 sed
893 1429 1034 1461 subiecti.

377 1476 430 1507 Ad
453 1475 515 1506 hoc
539 1474 653 1506 dicitur
676 1474 765 1515 quod
789 1473 949 1504 distinctio
979 1474 1038 1505 ista
1062 1480 1108 1504 est
1137 1473 1297 1504 distinctio
1321 1483 1392 1513 spe-

323 1520 411 1552 cifica
429 1525 634 1561 peccatorum
650 1519 729 1549 irae:
755 1525 785 1549 et
801 1528 837 1549 ex
854 1525 941 1559 parte
956 1517 1070 1549 obiecti
1089 1518 1184 1548 habet
1206 1517 1393 1548 differentias

323 1565 483 1596 formales.
509 1564 600 1600 Quae
624 1563 681 1594 etsi
705 1572 771 1593 non
795 1563 857 1593 sint
880 1562 1059 1603 explicatae,
1077 1569 1212 1602 possunt
1235 1561 1324 1593 facile
1341 1572 1391 1592 ex-

323 1609 442 1650 plicari.
471 1608 587 1640 Omnis
603 1607 689 1638 enim
705 1607 938 1638 circumstantia
962 1617 1017 1638 seu
1042 1606 1184 1637 conditio
1208 1606 1322 1637 obiecti
1337 1616 1393 1647 per

324 1654 461 1694 seipsam
477 1651 635 1683 sufficiens
651 1652 690 1682 ad
707 1652 904 1682 movendum
925 1651 1103 1692 appetitum
1119 1651 1159 1681 ad
1174 1650 1392 1682 inordinatum

324 1705 451 1730 motum
475 1697 548 1733 irae,
567 1696 729 1727 constituit
753 1706 852 1726 unam
876 1696 1029 1736 speciem:
1055 1702 1091 1726 ut
1107 1694 1251 1735 superius
1266 1694 1293 1731 *,
1318 1705 1392 1725 cum

324 1743 363 1773 de
381 1741 545 1783 speciebus
560 1741 652 1781 gulae
669 1747 821 1780 ageretur,
839 1746 934 1780 patet.
950 1740 1030 1771 Dico
1047 1746 1154 1770 autem
1164 1748 1228 1779 per
1242 1740 1390 1779 seipsam,

324 1788 386 1818 hoc
409 1793 464 1822 est,
482 1795 548 1815 non
565 1791 601 1815 ut
623 1794 694 1825 pars
711 1784 882 1814 subiectiva
897 1784 947 1814 vel
967 1783 1126 1824 integralis
1150 1782 1292 1814 alterius:
1317 1783 1393 1824 quia

323 1839 400 1863 tunc
423 1840 490 1860 non
513 1829 599 1869 ipsa,
624 1829 679 1859 sed
702 1829 781 1859 illud
812 1828 902 1859 cuius
925 1836 972 1859 est
995 1837 1082 1868 pars,
1108 1833 1189 1858 esset
1216 1827 1393 1858 constituti-

323 1886 402 1906 vum
425 1873 550 1915 speciei.
575 1873 636 1904 Sed
659 1873 699 1903 ad
723 1872 940 1903 inordinatum
964 1879 1092 1903 motum
1115 1872 1178 1902 irae
1194 1881 1250 1911 per
1273 1881 1305 1902 se
1329 1871 1393 1902 suf-

323 1920 462 1951 ficienter
486 1924 595 1948 movet
619 1917 652 1947 in
676 1917 786 1957 primis
810 1916 948 1947 vindicta
973 1916 1147 1947 indiscusse
1178 1916 1392 1956 apprehensa;

323 1963 446 1999 deinde,
462 1961 601 1992 vindicta
625 1967 661 1992 ut
684 1961 818 1991 ablativa
834 1967 900 1991 tam
915 1961 1050 2000 ingentis
1074 1960 1215 1991 tristitiae
1233 1960 1271 1990 de
1291 1959 1392 2000 parvi-

323 2007 492 2048 pensione;
517 2012 547 2037 et
570 2006 711 2040 demum,
731 2005 868 2036 vindicta
892 2012 928 2036 ut
951 2004 1104 2046 expletiva
1127 2004 1287 2045 appetitus
1307 2003 1395 2035 aliter

322 2051 516 2083 insatiabilis.
532 2050 573 2080 Et
584 2050 726 2090 primum
743 2049 906 2080 constituit
921 2055 1043 2087 acutos,
1058 2049 1236 2080 secundum
1250 2058 1392 2086 amaros,

323 2096 452 2128 tertium
473 2095 632 2136 difficiles.
657 2094 752 2134 Ergo.

379 2140 513 2171 Declaro
537 2138 672 2179 singula.
702 2137 900 2169 Sufficienter
922 2138 955 2168 in
979 2137 1089 2178 primis
1114 2138 1153 2168 ad
1176 2137 1395 2169 inordinatum

323 2185 386 2215 irae
417 2191 544 2215 motum
577 2189 686 2214 movet
716 2182 904 2213 indiscussio
935 2182 1004 2223 ipsa
1037 2182 1194 2222 propositi
1224 2182 1393 2213 vindictae:

324 2229 478 2270 quoniam
492 2228 561 2269 ipsa
583 2227 771 2258 indiscussio
791 2227 947 2268 propositi
967 2233 1040 2257 nata
1056 2234 1103 2257 est
1125 2226 1395 2258 inordinationem

325 2283 461 2304 causare.
490 2273 532 2303 Et
555 2278 722 2313 propterea
744 2273 842 2310 acuti,
866 2271 1061 2312 inexpectata
1089 2271 1300 2308 discussione,
1325 2281 1394 2301 mo-

324 2325 437 2349 ventur
453 2317 633 2358 appetendo
652 2315 830 2347 inordinate
846 2316 1028 2346 vindictam.
1045 2333 1064 2338 -
1080 2315 1248 2352 Quantum
1262 2325 1395 2357 quoque

324 2363 357 2393 in
381 2362 473 2393 nobis
487 2362 554 2392 vim
570 2361 684 2391 habeat
702 2367 855 2401 concepta
874 2360 998 2391 tristitia
1017 2360 1055 2391 de
1074 2360 1327 2401 parvipensione,
1344 2370 1395 2391 ex-

325 2407 478 2448 perimur:
505 2416 540 2437 ac
556 2415 612 2446 per
628 2405 699 2441 hoc,
712 2404 850 2436 vindicta
866 2411 902 2435 ut
917 2405 1056 2435 amotiva
1072 2405 1142 2435 talis
1157 2404 1309 2442 tristitiae,
1326 2414 1394 2445 spe·

326 2451 403 2482 ciale
427 2450 586 2482 motivum
610 2456 656 2480 est
672 2449 711 2479 ad
734 2449 952 2480 inordinatum
974 2449 1038 2479 irae
1053 2456 1190 2480 motum.
1215 2449 1266 2480 Sic
1287 2456 1395 2480 autem

326 2502 495 2526 moventur
517 2495 634 2531 amari,
652 2493 708 2534 qui
725 2493 903 2524 cruciantur
918 2504 955 2524 ex
971 2493 1094 2525 tristitia
1113 2501 1276 2534 concepta.
1293 2494 1396 2524 donec

325 2540 377 2571 illa
394 2540 495 2570 durat.
521 2538 696 2576 Quoniam,
713 2537 766 2568 illa
782 2548 837 2578 per
851 2538 1004 2578 temporis
1020 2537 1262 2569 diuturnitatem
1281 2537 1394 2575 attrita,

325 2585 390 2615 iam
404 2583 540 2614 vindicta
563 2593 629 2613 non
647 2582 741 2613 habet
760 2583 898 2624 amplius
914 2582 1010 2613 talem
1031 2581 1210 2623 appetibilis
1229 2582 1395 2619 rationem,

326 2628 443 2660 scilicet
466 2634 502 2659 ut
518 2627 656 2658 amotiva
675 2626 832 2658 tristitiae:
857 2627 1012 2668 quoniam
1028 2627 1151 2658 tristitia
1169 2636 1236 2657 non
1260 2633 1306 2658 est
1329 2637 1396 2658 am—

327 2673 420 2713 plius.
445 2690 464 2694 -
488 2672 549 2703 Sed
573 2678 603 2702 et
625 2671 789 2713 difficiles,
805 2672 881 2712 quia
904 2671 1122 2703 insatiabiliter
1145 2671 1323 2712 appetitum
1342 2671 1395 2701 ha-

326 2718 401 2748 bent
423 2715 523 2747 fixum
546 2715 578 2746 in
602 2715 669 2746 sola
692 2716 848 2747 vindictae
872 2716 1067 2754 executione,
1084 2725 1149 2746 non
1173 2715 1302 2746 aliunde
1325 2725 1396 2746 mo·

326 2768 447 2792 ventur.
476 2761 561 2791 Nam
585 2770 622 2790 ex
644 2760 706 2791 hoc
730 2760 800 2801 ipso
831 2767 1002 2791 moventur
1025 2761 1065 2791 ad
1087 2760 1305 2791 inordinatum
1331 2759 1395 2791 irae

328 2813 464 2841 motum,
489 2805 577 2845 quod
601 2804 669 2835 sola
692 2805 869 2845 expletione
896 2804 1052 2836 vindictae
1081 2804 1237 2835 satiabiles
1257 2814 1290 2835 se
1314 2804 1397 2835 exhi-

327 2851 412 2880 bent.
436 2849 477 2879 Et
500 2855 630 2889 propter
653 2848 724 2885 hoc,
741 2848 922 2879 incurabilis
941 2849 1076 2880 omnino
1099 2849 1218 2879 horum
1234 2848 1324 2879 furor
1339 2856 1396 2880 est.

384 2893 425 2924 Et
440 2893 516 2933 quia
530 2892 717 2923 huiusmodi
740 2892 899 2924 distinctio
923 2903 959 2924 ex
976 2892 1106 2924 obiectis
1125 2903 1278 2924 annexam
1303 2893 1398 2924 habet

330 2937 564 2968 distinctionem
594 2947 690 2977 penes
714 2936 895 2968 facilitatem
922 2944 952 2968 et
979 2936 1161 2968 firmitatem
1193 2937 1333 2969 hominis
1356 2938 1397 2968 ad

328 2982 417 3018 iram,
442 2981 523 3012 sicut
547 2981 708 3012 distinctio
732 2980 876 3021 specifica
899 2981 979 3012 inter
994 2981 1139 3012 habitum
1163 2988 1194 3012 et
1216 2981 1396 3022 dispositio-

330 3035 404 3056 nem
420 3035 457 3056 ex
473 3025 603 3056 obiectis
619 3035 774 3055 annexam
790 3035 921 3066 quoque
937 3025 1032 3056 habet
1048 3025 1285 3057 distinctionem
1299 3036 1397 3067 penes

331 3069 455 3100 facilem
479 3076 508 3100 et
531 3068 692 3100 difficilem
715 3069 926 3101 mobilitatem
949 3070 982 3100 in
1006 3069 1165 3106 subiecto,
1190 3069 1262 3101 ideo
1286 3077 1396 3101 neutra

331 3114 418 3144 alteri
442 3113 644 3154 praeiudicat.

387 3158 424 3188 11.
450 3157 485 3188 In
508 3157 717 3198 responsione
746 3158 786 3188 ad
814 3157 943 3188 tertium
971 3158 1114 3188 eiusdem
1138 3158 1260 3189 articuli
1283 3158 1397 3198 quinti,

332 3201 467 3232 dubium
490 3201 624 3233 occurrit
647 3211 684 3232 ex
706 3202 853 3238 Martino,
870 3202 903 3232 in
934 3213 942 3232 1
967 3212 1023 3243 qu.
1048 3202 1086 3233 de
1110 3201 1273 3233 Iracundia
1288 3202 1314 3239 *‚
1332 3202 1397 3240 ubi,

333 3245 457 3276 recitata
479 3246 537 3276 hac
561 3246 778 3287 responsione,
803 3246 924 3277 subdit:
948 3247 1036 3277 Haec
1055 3246 1137 3278 dicta
1160 3246 1292 3287 pulchra
1307 3253 1395 3278 sunt:

334 3289 387 3319 sed
414 3296 519 3320 tamen
550 3290 695 3321 nonnihil
724 3289 914 3322 difficultatis
938 3290 1072 3322 habent.
1098 3291 1224 3328 Primo,
1249 3291 1325 3332 quia
1347 3291 1397 3322 vel

1445 1031 1478 1061 in
1494 1031 1561 1062 istis
1585 1032 1685 1063 tribus
1708 1033 1772 1063 irae
1791 1032 1940 1073 gradibus
1957 1039 2003 1063 est
2026 1032 2112 1063 idem
2136 1032 2274 1072 praecise
2290 1039 2321 1063 et
2343 1033 2517 1073 adaequate

1445 1082 1534 1107 actus
1557 1076 1702 1108 interior:
1727 1077 1778 1107 vel
1798 1087 1874 1108 non.
1899 1076 1932 1108 Si
1955 1076 2010 1113 sic,
2026 1076 2170 1117 sequitur
2192 1077 2281 1118 quod
2304 1076 2385 1108 sicut
2408 1077 2517 1108 tertius

1446 1120 1520 1151 facit
1535 1130 1627 1151 reum
1643 1122 1805 1161 gehennae
1824 1121 1915 1161 ignis,
1931 1121 1975 1152 ita
1998 1121 2157 1152 secundus
2173 1128 2204 1152 et
2218 1121 2351 1161 primus.
2376 1121 2417 1152 Et
2432 1128 2518 1162 patet

1446 1164 1594 1205 sequela:
1619 1166 1695 1206 quia
1719 1166 1895 1197 secundum
1920 1165 2027 1196 solum
2051 1173 2158 1197 actum
2180 1165 2363 1196 interiorem
2386 1166 2518 1197 attendi—

1445 1216 1497 1240 tur
1519 1209 1669 1241 meritum
1694 1211 1744 1241 vel
1767 1210 1968 1246 demeritum,
1994 1217 2024 1241 et
2047 1209 2132 1240 illius
2156 1209 2324 1251 quantitas.
2348 1226 2367 1233 ·
2392 1209 2516 1246 Sinon,

1446 1263 1521 1294 ergo
1545 1264 1612 1284 non
1643 1255 1723 1285 bene
1754 1254 1957 1294 distinguitur
1980 1264 1998 1284 a
2021 1254 2164 1285 Thoma:
2195 1253 2249 1284 sed
2277 1252 2388 1285 debuit
2413 1253 2518 1294 primo

1447 1298 1639 1339 distinguere
1662 1309 1719 1340 per
1742 1306 1830 1330 actus
1853 1299 2026 1330 interiores.

1502 1342 1661 1382 Secundo,
1685 1343 1760 1384 quia
1783 1343 1832 1374 vel
1855 1343 1978 1384 primus
2001 1343 2117 1383 gradus
2139 1343 2234 1374 habet
2257 1342 2392 1374 exterius
2419 1352 2517 1374 nocu-

1447 1394 1593 1418 mentum
1617 1397 1675 1428 pro
1699 1388 1839 1419 obiecto:
1863 1388 1914 1418 vel
1937 1397 2015 1418 non.
2046 1387 2079 1418 Si
2103 1387 2163 1424 sic,
2188 1397 2263 1427 ergo
2287 1386 2362 1418 facit
2385 1386 2518 1428 dignum

1446 1431 1601 1472 gehenna.
1626 1449 1647 1455 -
1671 1431 1703 1463 Si
1727 1442 1809 1469 non,
1834 1442 1908 1472 ergo
1940 1431 2144 1472 distinguitur
2166 1431 2270 1472 specie
2294 1441 2312 1462 a
2334 1431 2438 1468 tertio,
2462 1431 2519 1474 qui

1447 1475 1541 1506 habet
1564 1483 1798 1508 nocumentum
1822 1476 1956 1507 exterius
1979 1486 2039 1516 pro
2064 1476 2199 1507 obiecto.

1507 1521 1625 1558 Tertio,
1642 1520 1718 1561 quia
1741 1520 1830 1561 quod
1853 1521 1937 1557 dicit,
1956 1530 2032 1551 reus
2055 1521 2117 1551 erit
2140 1520 2269 1557 iudicio,
2295 1526 2350 1551 aut
2372 1519 2518 1561 intelligi·

1447 1571 1498 1595 tur
1514 1564 1553 1595 de
1569 1564 1687 1596 iudicio
1704 1565 1863 1596 humano:
1887 1565 1937 1596 vel
1954 1565 2074 1596 divino.
2102 1564 2135 1595 Si
2152 1564 2191 1595 de
2206 1564 2363 1600 humano,
2379 1571 2434 1596 aut
2457 1565 2520 1596 hoc

1447 1609 1480 1639 in
1496 1608 1567 1639 foro
1584 1609 1740 1640 exteriori:
1762 1616 1817 1640 aut
1831 1609 1982 1641 interiori.
2001 1610 2076 1640 Non
2092 1609 2250 1640 exteriori:
2270 1608 2346 1650 quia
2364 1608 2397 1639 in
2413 1609 2519 1649 primo

1447 1653 1526 1683 nihil
1558 1653 1692 1684 exterius
1719 1660 1865 1694 apparet,
1894 1663 1952 1685 nec
1984 1653 2113 1694 signum
2143 1663 2202 1684 nec
2229 1662 2473 1686 nocumentum.
2497 1671 2519 1678 -

1447 1697 1524 1728 Non
1548 1697 1708 1728 interiori:
1735 1698 1810 1739 quia
1833 1697 1866 1728 in
1889 1698 1943 1729 tali
1966 1697 2038 1728 foro
2062 1707 2128 1728 non
2152 1698 2306 1728 debemus
2329 1708 2389 1728 nos
2413 1697 2519 1730 defen-

1447 1741 1531 1777 dere,
1557 1742 1611 1772 sed
1635 1741 1743 1782 potius
1767 1752 1923 1774 accusare.
1948 1759 1969 1765 -
1992 1742 2067 1772 Non
2091 1741 2216 1772 divino:
2246 1741 2323 1783 quia
2345 1741 2388 1772 ibi
2411 1741 2520 1773 nullus

1447 1792 1494 1816 est
1512 1785 1709 1827 defensionis
1724 1786 1825 1824 Iocus,
1842 1796 1918 1817 cum
1932 1786 1976 1816 ibi
1992 1786 2072 1817 nihil
2087 1793 2252 1817 accusetur
2267 1786 2327 1817 nisi
2351 1786 2518 1827 culpabile.

1504 1829 1556 1860 111.
1581 1830 1632 1860 Ad
1647 1831 1792 1870 primum
1817 1830 1935 1861 horum
1961 1830 2076 1861 dicitur
2100 1830 2190 1871 quod
2214 1840 2283 1861 non
2309 1837 2357 1861 est
2383 1830 2518 1863 omnino

1447 1873 1534 1904 idem
1553 1874 1691 1914 praecise
1703 1881 1734 1905 et
1750 1875 1923 1915 adaequate
1946 1881 2035 1906 actus
2051 1874 2181 1905 interior
2196 1874 2229 1905 in
2245 1874 2312 1906 istis
2336 1874 2436 1908 tribua
2448 1885 2518 1916 gra-

1448 1917 1552 1948 dibus.
1570 1918 1734 1955 Quoniam
1748 1918 1782 1948 in
1797 1918 1902 1959 primo
1918 1925 1964 1949 est
1979 1926 2068 1950 actus
2083 1918 2214 1949 interior
2229 1919 2407 1950 secundum
2423 1928 2470 1958 se;
2485 1919 2519 1952 in

1448 1962 1600 1998 secundo,
1618 1969 1706 1992 actus
1722 1962 1852 1993 interior
1868 1969 1899 1993 et
1913 1962 2091 1993 secundum
2106 1972 2149 1999 se,
2165 1968 2196 1993 et
2212 1969 2248 1993 ut
2262 1962 2344 1994 ratio
2361 1962 2520 2002 exterioris

1448 2005 1688 2046 indignationis;
1713 2006 1746 2036 in
1769 2006 1862 2037 tertio
1885 2016 1972 2043 vero,
1989 2013 2026 2037 ut
2047 2006 2128 2037 ratio
2153 2005 2314 2037 exterioris
2337 2005 2480 2039 iniuriae.
2499 2003 2521 2031 ’-

1449 2050 1490 2081 Et
1513 2060 1587 2080 cum
1616 2057 1726 2082 contra
1757 2050 1916 2091 arguitur,
1940 2049 2034 2092 Ergo
2067 2060 2131 2082 non
2155 2050 2234 2082 bene
2263 2050 2478 2092 distinguitur
2499 2062 2520 2083 a

1454 2095 1596 2126 Thomu:
1618 2102 1751 2135 negatur
1765 2095 1905 2136 sequela.
1928 2095 1970 2126 Et
1989 2095 2030 2126 ad
2045 2095 2282 2136 probationem,
2298 2095 2388 2136 quod
2412 2095 2522 2128 debuit

1448 2149 1505 2180 per
1531 2146 1620 2170 actus
1647 2139 1811 2170 interiores
1843 2139 2051 2180 distinguere:
2083 2139 2293 2180 respondetur
2315 2140 2418 2181 quod,
2443 2141 2522 2173 dum

1449 2186 1571 2215 Auctor
1593 2183 1734 2214 distinxit
1760 2184 1877 2224 gradus
1893 2194 1996 2225 penes
2011 2193 2226 2226 progressum
2256 2184 2392 2216 humani
2417 2189 2521 2224 actus,

1449 2227 1578 2266 scilicet,
1598 2229 1630 2258 in
1655 2228 1761 2266 corde,
1779 2235 1849 2265 etc„
1873 2228 1946 2259 satis
1970 2228 2081 2259 docuit
2096 2228 2310 2260 diversitatem
2332 2228 2522 2262 interiorum

1450 2279 1581 2304 actuum
1605 2281 1691 2303 nunc
1714 2272 1914 2304 declaratam.

1506 2317 1557 2347 Ad
1580 2316 1755 2348 secundum
1779 2316 1894 2348 dicitur
1917 2317 2007 2357 quod
2030 2316 2153 2357 primus
2179 2317 2296 2357 gradus
2323 2317 2419 2349 habet
2440 2323 2522 2350 exte-

1450 2361 1515 2392 rius
1531 2367 1765 2392 nocumentum
1781 2370 1840 2401 pro
1857 2361 1998 2392 obiecto:
2023 2361 2188 2401 quoniam,
2206 2368 2242 2392 ut
2256 2364 2379 2393 Auctor
2402 2361 2479 2394 dixit
2492 2362 2521 2402 ⁴¹,

1449 2405 1611 2437 Dominus
1629 2405 1774 2446 loquitur
1797 2406 1836 2437 de
1858 2405 1904 2436 ira
1926 2405 2100 2442 homicidii,
2117 2415 2174 2436 seu
2197 2405 2300 2446 gravis
2322 2405 2482 2439 laesionis.
2503 2425 2522 2431 -

1449 2450 1491 2481 Et
1514 2459 1588 2480 cum
1612 2456 1722 2480 contra
1745 2449 1896 2490 arguitur,
1915 2450 2009 2491 Ergo
2026 2451 2157 2490 primus
2178 2450 2306 2491 gradus
2320 2449 2408 2491 facit
2430 2460 2522 2483 reum

1449 2494 1619 2536 gehennae
1649 2495 1755 2535 ig'nis:
1787 2501 1920 2534 negetur
1947 2493 2086 2535 sequela.
2115 2493 2281 2531 Quoniam
2311 2503 2377 2524 non
2400 2504 2438 2526 ex
2460 2494 2523 2527 hoc

1450 2538 1540 2579 quod
1564 2538 1698 2569 exterius
1721 2546 1956 2570 nocumentum
1979 2545 2026 2569 est
2049 2538 2230 2575 obiectum,
2254 2538 2385 2579 ponitur
2407 2538 2524 2579 gradus

1449 2582 1560 2614 tertius
1579 2592 1651 2613 reus
1667 2582 1843 2623 gehennae:
1867 2583 1922 2614 sed
1938 2593 1975 2614 ex
1994 2582 2056 2614 boc
2071 2582 2162 2623 quod
2177 2589 2298 2614 exercet
2313 2583 2448 2615 exterius
2464 2592 2522 2615 no·

1450 2634 1648 2663 cumentum,
1673 2626 1820 2664 dicendo,
1835 2627 1941 2658 Fatue
1947 2635 1960 2665 ,·
1981 2627 2072 2668 quod
2091 2636 2158 2658 non
2176 2626 2213 2658 fit
2226 2626 2260 2658 in
2283 2627 2389 2668 primo
2411 2627 2522 2668 gradu,

1449 2672 1505 2703 ubi
1529 2678 1762 2702 nocumentum
1785 2682 1852 2702 non
1875 2678 2045 2703 exercetur.

1505 2716 1557 2747 Ad
1581 2717 1723 2755 tertium,
1743 2716 1835 2758 quod
1856 2723 1903 2747 est
1921 2726 1988 2747 non
2011 2723 2078 2749 tam
2096 2722 2207 2747 contra
2225 2718 2400 2747 Auctorem
2423 2724 2523 2757 quam

1451 2767 1559 2792 contra
1588 2759 1824 2801 Augustinum,
1855 2759 1968 2792 dicitur
1997 2760 2104 2801 quod,
2135 2759 2263 2801 proprie
2293 2766 2324 2791 et
2349 2756 2523 2791 formaliter

1449 2805 1626 2846 quuend0‚
1643 2814 1709 2835 non
1734 2811 1780 2836 est
1794 2805 1836 2836 ibi
1861 2814 1965 2836 sermo
1983 2805 2021 2835 de
2035 2803 2156 2835 iudicio
2175 2803 2284 2835 divino
2300 2810 2356 2835 aut
2377 2803 2521 2834 humano

1451 2849 1666 2886 determinate,
1692 2849 1747 2880 sed
1770 2849 1809 2880 de
1825 2849 1944 2880 iudicio
1969 2849 2123 2880 absolute.
2149 2848 2195 2880 Ita
2217 2848 2307 2890 quod
2330 2857 2368 2878 ex
2382 2846 2444 2878 illis
2467 2847 2521 2878 tri-

1450 2895 1510 2924 bus
1533 2893 1682 2934 gradibus
1705 2893 1738 2924 in
1763 2903 1914 2934 processu
1938 2903 2077 2934 poenae,
2100 2891 2236 2923 intendit
2258 2892 2424 2923 ostendere
2446 2901 2522 2932 pro-

1450 2948 1595 2978 gressum
1618 2938 1730 2979 culpae
1753 2937 1784 2968 in
1809 2945 1940 2978 peccato
1963 2937 2038 2969 irae.
2061 2937 2103 2968 Et
2120 2943 2288 2977 propterea
2309 2935 2520 2976 Augustinus,

1451 2982 1526 3024 quia
1555 2989 1629 3024 post
1656 2982 1812 3014 iudicium
1841 2988 1982 3014 remanet
2010 2980 2191 3023 defensioni
2213 2981 2322 3018 locus,
2348 2979 2520 3011 minimum

1450 3026 1494 3057 ibi
1517 3036 1641 3067 poenae
1663 3026 1799 3067 gradum
1826 3026 1949 3066 posuit:
1983 3031 2013 3056 et
2036 3025 2080 3056 sic
2108 3024 2147 3055 de
2177 3023 2255 3055 aliis.
2280 3041 2301 3047 -
2324 3024 2372 3055 Ex
2403 3024 2521 3066 quibus

1451 3077 1537 3112 patet
1571 3071 1661 3112 quod
1695 3071 1752 3102 iste
1787 3070 1888 3101 homo
1925 3069 2058 3101 debebat
2091 3075 2266 3100 reverenter
2300 3068 2520 3100 auctoritatem

1450 3114 1636 3155 Augustini,
1660 3114 1686 3145 si
1717 3114 1776 3146 sibi
1804 3123 1870 3145 non
1897 3113 2052 3155 placebat,
2075 3112 2187 3144 saltem
2210 3111 2336 3143 silentio
2361 3120 2522 3153 pertrans-

1450 3159 1505 3190 ire.
1530 3159 1729 3200 Factumque
1753 3165 1799 3189 est
1821 3165 1868 3195 ut,
1892 3158 1971 3188 dum
1990 3157 2084 3198 ponit
2106 3166 2142 3187 os
2164 3157 2197 3187 in
2221 3157 2346 3187 caelum
2361 3157 2395 3194 *,
2424 3157 2520 3189 etiam

1451 3248 1557 3278 siones
1583 3247 1802 3279 damnationis
1829 3251 1983 3278 aeternae
2004 3251 2163 3285 spectant,
2189 3245 2308 3286 absque
2330 3247 2521 3278 aeternitate

1451 3290 1612 3332 suscipiat.

2549 2363 2737 2391 'muz-da.

2547 3158 2558 3169 ⁸
2571 3157 2609 3180 Pe.
2618 3163 2690 3185 mn,
2699 3163 2759 3180 vere.

1452 3203 1602 3234 Glossam
1619 3202 1637 3223 *
1660 3202 1817 3234 dicentem
1840 3202 1929 3244 quod
1956 3201 2015 3232 hae
2043 3210 2166 3241 poenae
2189 3201 2229 3231 ad
2251 3200 2398 3233 diversas
2429 3211 2520 3234 man·
2547 3190 2758 3266 {312¹th

2592 3253 2599 3261 .
2629 3254 2636 3266 ,
2706 3253 2711 3258 .
2754 3253 2758 3258 .
