2768 4198
13 1369 23 1379 ⁸
38 1367 123 1390 conat,
134 1366 163 1394 11,
174 1372 224 1394 cap.

16 1748 26 1758 ¹·
40 1747 96 1774 Cap.
111 1752 178 1768 xxm.

22 2474 32 2484 ·
57 2472 182 2494 comment.
211 2471 235 2492 in

22 2498 108 2521 Manli.
124 2498 164 2520 lib.
179 2497 196 2519 1.

27 2972 36 2981 ⁸
59 2970 108 2998 Qu.
132 2976 240 2997 «ai-xxxiv,

27 3000 125 3046 323⁴.
145 3003 172 3025 ⁷³
201 3003 239 3025 ‘¹²²‘

255 270 327 306 532

249 346 319 383 fini
347 347 715 395 proportionatum.:
759 344 854 380 sicut
891 342 1064 379 medicus
1101 353 1181 376 non
1219 339 1351 397 tanto}

252 400 373 447 magis
394 407 501 436 sanat
522 407 665 446 quanto
686 397 873 433 maiorem
895 396 959 432 dat
984 394 1232 439 medicinam,
1256 394 1323 429 sed

251 461 395 502 quanto
416 453 604 489 medicina
629 459 683 487 est
712 450 831 497 magis
861 448 1149 497 proportionata
1169 448 1322 484 morbo.

253 507 315 543 Sic
344 506 454 554 igitur
478 518 556 542 non
577 511 727 552 oportet
756 503 860 550 quod
882 502 1010 549 religio
1040 509 1144 538 tanto
1166 500 1212 536 sit
1240 513 1323 549 per—

253 621 396 661 quanto
436 613 515 648 eius
550 618 754 659 paupertas
788 617 843 645 est
877 609 997 656 magis
1033 608 1324 657 proportionata

253 665 449 703 communi
478 664 544 701 fini
575 672 610 700 et
638 662 803 712 speciali.

306 720 354 755 Et
382 718 411 754 si
434 718 588 755 daretur
607 717 713 765 quod
734 728 911 752 excessus
930 715 1165 764 paupertatis
1185 715 1325 751 faceret

253 772 473 819 religionem
498 770 764 819 perfectiorem
795 770 1009 806 secundum
1029 770 1104 805 hoc
1134 769 1239 817 quod
1270 776 1326 805 est

251 825 472 874 pauperior,
503 836 581 861 non
610 832 740 861 tamen
770 823 911 859 faceret
940 835 1026 859 earn
1056 822 1324 871 perfectiorem

251 878 481 927 simpliciter.
525 878 661 914 Posset
694 877 796 914 enim
834 888 917 913 esse
955 877 1064 925 quod>
1094 876 1164 913 alia
1194 876 1324 924 religio

252 933 451 969 excederet
479 931 517 967 in
545 932 603 968 his
633 943 731 980 quae
759 930 949 979 pertinent
978 930 1026 967 ad
1052 930 1324 967 continentiam

252 994 288 1022 et
317 984 589 1031 obedientiam,
612 993 647 1022 et
666 985 719 1021 sic
740 992 839 1021 esset
858 984 1078 1033 simpliciter
1099 983 1324 1033 perfectior:

251 1039 340 1087 quia
374 1039 480 1087 quod
508 1038 547 1075 in
575 1039 798 1076 melioribus
827 1039 991 1085 excedit,
1022 1046 1077 1075 est
1106 1037 1327 1087 simpliciter

252 1093 400 1129 melius.

304 1149 364 1183 An
384 1157 576 1183 SECUNDUM
597 1157 783 1183 mcENDUM
804 1145 910 1194 quod
939 1158 1008 1194 per
1026 1146 1101 1182 hoc
1120 1145 1226 1193 quod
1247 1146 1326 1182 Do-

252 1199 378 1236 minus
408 1199 507 1246 dicit,
537 1199 667 1237 Nolite
684 1199 833 1236 solliciti
850 1211 929 1236 esse
949 1200 985 1236 in
1006 1199 1226 1246 crastinum,
1247 1211 1327 1236 non

251 1253 466 1301 intelligitur
494 1253 601 1301 quod
621 1253 711 1290 nihil
733 1261 949 1290 reservetur
967 1253 1005 1289 in
1026 1253 1208 1290 futurum.
1240 1253 1327 1290 Hoc

254 1307 355 1343 enim
386 1307 645 1356 periculosum
677 1319 759 1344 esse
789 1307 923 1344 beatus
951 1308 1154 1354 Antonius,
1180 1307 1218 1344 in
1244 1307 1329 1344 Col-

252 1361 454 1398 lationibus
472 1361 631 1398 Patrum
649 1360 682 1407 *,
713 1361 890 1407 ostendit,
913 1361 1043 1398 dicens
1068 1361 1172 1410 quod
1195 1361 1329 1410 priva-

254 1415 392 1451 tionem
430 1415 600 1451 omnium
626 1415 861 1463 facultatum
900 1415 951 1452 ita
988 1420 1170 1451 sectantes
1208 1420 1249 1451 ut
1279 1427 1330 1452 ex

254 1469 341 1517 ipsis
356 1480 424 1505 nec
440 1469 550 1505 unius
569 1468 719 1517 quidem
739 1469 814 1505 diei
830 1469 970 1506 victum
989 1469 1146 1514 sibimet,
1164 1480 1330 1506 unumve

255 1522 454 1559 denarium
482 1534 677 1571 superesse
697 1528 933 1571 paterentur,
959 1530 995 1559 et
1014 1522 1086 1559 alia
1104 1521 1329 1560 huiusmodi

256 1577 453 1623 facientes,
487 1576 538 1613 ita
570 1576 733 1613 vidimus
765 1582 916 1625 repente
948 1576 1119 1624 deceptos
1152 1581 1193 1612 ut
1224 1588 1329 1613 arre-

250 1635 358 1679 ptum
379 1641 472 1680 opus
492 1642 567 1666 non
582 1629 777 1678 potuerint
793 1641 967 1679 congruo
987 1630 1091 1666 exitu
1111 1629 1328 1667 terminare.

257 1684 305 1720 Et
333 1690 374 1719 ut
402 1683 637 1730 Augustinus
666 1683 766 1729 dicit,
788 1684 824 1720 in
854 1683 949 1719 libro
970 1682 1017 1719 de
1039 1682 1222 1732 Operibus
1241 1684 1330 1720 Mo-

256 1737 364 1773 nach.
380 1735 411 1783 *,
429 1735 459 1772 si
479 1737 554 1774 hoc
573 1737 736 1773 verbum
753 1736 923 1783 Domini,
939 1736 1070 1773 Nolite
1087 1736 1236 1773 solliciti
1253 1749 1332 1774 esse

256 1791 293 1826 in
323 1790 541 1836 crastinum,
572 1789 621 1827 ita
650 1789 875 1838 intelligatur
893 1797 935 1826 ut
954 1790 1045 1826 nihil
1066 1789 1104 1827 in
1124 1790 1329 1827 crastinum

257 1850 482 1891 reponatur,
514 1855 588 1880 non
613 1849 793 1892 poterunt
819 1844 889 1880 ista
921 1855 1077 1880 servare
1104 1844 1170 1892 qui
1197 1856 1238 1880 se
1257 1855 1332 1893 per

257 1897 394 1934 multos
423 1897 500 1933 dies
528 1909 552 1934 a
581 1902 778 1945 conspectu
816 1897 1012 1934 hominum
1050 1903 1245 1946 separatos
1278 1899 1333 1935 in-

258 1951 422 1996 cludunt,
444 1951 608 1987 viventes
636 1951 673 1987 in
703 1963 848 2000 magna
871 1952 1073 1988 intentione
1100 1951 1329 1989 orationum.

259 2006 307 2041 Et
335 2011 469 2052 postea
498 2004 643 2042 subdit:
673 2004 734 2041 An
752 2005 874 2053 forte,
903 2017 976 2054 quo
1004 2010 1093 2042 sunt
1112 2005 1330 2053 sanctiores,

258 2070 302 2095 eo
321 2063 408 2094 sunt
424 2058 641 2095 volucribus
660 2058 945 2096 dissimiliores?
972 2059 1021 2095 Et
1048 2066 1183 2107 postea
1202 2058 1223 2081 ²¹⁵
1242 2060 1331 2097 sub-

260 2112 332 2149 dit:
363 2112 405 2148 Si
422 2112 522 2149 enim
543 2117 757 2162 urgeantur
783 2124 834 2149 ex
851 2112 1066 2162 Evangelio
1096 2118 1136 2149 ut
1163 2113 1256 2150 nihil
1274 2126 1332 2151 re-

254 2171 401 2215 ponant
429 2166 466 2202 in
496 2166 715 2212 crastinum,
746 2167 990 2215 respondent:
1025 2166 1104 2203 Cur
1131 2178 1227 2216 ergo
1256 2167 1335 2216 ipse

260 2219 448 2256 Dominus
476 2219 619 2257 loculos
646 2220 788 2265 habuit,
819 2220 884 2257 ubi
904 2220 1109 2269 pecuniam
1139 2220 1334 2259 collectam

261 2272 488 2321 reponeret?
521 2274 600 2310 Cur
623 2278 725 2310 tanto
745 2279 843 2319 ante,
870 2274 977 2319 fame
996 2274 1224 2319 imminente,
1241 2275 1334 2323 fru-

262 2332 387 2364 menta
415 2327 554 2363 sanctis
581 2327 756 2364 Patribus
784 2327 898 2363 missa
918 2327 1034 2364 sunt?
1067 2327 1146 2364 Cur
1165 2329 1338 2376 Apostoli

263 2379 493 2429 indigentiae
509 2385 728 2417 sanctorum
758 2380 971 2417 necessaria
994 2381 1284 2428 procurarunt?

318 2433 436 2480 Quod
465 2445 555 2482 ergo
586 2433 731 2478 dicitur,
761 2433 891 2471 Nolite
917 2434 1066 2470 solliciti
1090 2446 1169 2470 esse
1190 2434 1227 2471 in
1253 2446 1336 2472 cra-

262 2486 413 2532 stinum,
435 2488 647 2524 secundum
670 2487 955 2536 Hieronymum
975 2486 1006 2534 *,
1037 2487 1090 2524 sic
1115 2488 1335 2536 exponitur:

845 263 1113 311 QUAESTIO
1145 261 1429 308 CLxxxv111‚
1458 260 1758 298 ART1CULUs
1786 260 1856 297 vn

1379 339 1528 387 Sufficit
1546 339 1652 375 nobis
1665 339 1877 388 praesentis
1896 339 2074 387 temporis
2092 339 2291 388 cogitatio:
2299 340 2454 387 futura,

1379 404 1478 440 quae
1497 392 1642 429 incerta
1659 398 1758 439 sunt,
1778 394 1861 429 Deo
1881 392 2153 441 relinquamus.
2178 413 2203 420 -
2229 392 2454 429 Secundum

1380 445 1706 493 Chrysostomum
1725 445 1757 492 *,
1789 445 1858 482 sic:
1889 447 2040 494 Sufficit
2056 446 2166 483 labor
2185 458 2296 495 quem
2311 446 2456 495 pateris

1351 536 1352 549 χ
1374 504 1532 547 propter
1550 499 1785 536 necessaria.-
1814 499 1894 536 noli
1918 500 1964 537 de
1982 501 2182 549 superfluis
2209 500 2399 536 laborare.
2429 519 2454 528 -

254 560 384 596 fectior
413 566 556 608 quanto
582 557 767 593 maiorem
796 556 912 592 habet
939 562 1225 604 paupertatem:
1256 555 1324 591 sed
1351 577 1352 605 1

1380 660 1601 704 crastinum,
1630 660 1697 695 sed
1723 665 1879 696 aeterna
1907 661 2127 710 cogitemus.

1433 715 1493 749 An
1513 724 1676 750 ‘rani-ium
1699 724 1887 750 DICENDUM
1916 714 2022 762 quod
2040 715 2207 751 verbum
2228 713 2458 762 Hieronymi

1379 766 1495 803 habet
1531 767 1660 803 locum
1694 766 1761 803 ubi
1796 774 1883 803 sunt
1916 767 2273 815 superabundantes
2302 767 2457 804 divitiae

1381 832 1481 868 quae
1509 820 1700 856 habentur
1728 819 1838 868 quasi
1866 820 2065 869 propriae:
2099 821 2161 857 vel
2194 833 2264 869 per
2291 833 2457 870 quarum

1381 874 1547 911 abusum
1578 875 1691 910 etiam
1713 873 1850 922 singuli
1871 874 1918 911 de
1939 874 2213 911 communitate
2233 874 2459 924 superbiunt

1381 935 1417 964 et
1445 927 1658 964 lasciviunt.
1688 927 1782 964 Non
1810 935 1940 965 autem
1970 928 2087 965 habet
2109 928 2239 964 locum
2259 927 2299 964 in
2319 927 2458 965 divitiis

1380 981 1591 1018 moderatis
1621 981 1879 1018 communiter
1907 981 2144 1018 conservatis
2163 982 2211 1018 ad
2233 979 2356 1018 sola'm
2377 994 2460 1018 sus-

1380 1035 1629 1071 tentationem
1658 1035 1781 1082 vitae,
1820 1047 1897 1084 qua
1925 1035 2063 1083 singuli
2089 1034 2279 1083 indigent:
2320 1035 2458 1073 eadem

1382 1088 1484 1126 enirn
1525 1096 1581 1125 est
1618 1088 1713 1125 ratio
1752 1089 1859 1137 quod
1896 1088 2032 1137 singuli
2069 1096 2226 1126 utantur
2261 1088 2320 1125 his
2359 1101 2459 1138 quae

1380 1142 1571 1191 pertinent
1599 1143 1648 1179 ad
1677 1142 1893 1179 necessaria
1919 1142 2041 1190 vitae,
2076 1150 2114 1179 et
2145 1142 2253 1191 quod
2283 1154 2459 1179 commu-

1382 1196 1479 1233 niter
1508 1203 1801 1234 conserventur.

1434 1258 1493 1293 An
1514 1267 1691 1298 QUARTUM
1713 1267 1900 1293 otcENDuM
1921 1255 2027 1305 quod
2057 1257 2163 1293 Isaac
2190 1255 2460 1305 possessiones

1383 1310 1568 1346 renuebat
1597 1309 1784 1358 recipere,
1819 1309 1910 1359 quia
1938 1309 2100 1347 timebat
2131 1321 2180 1347 ne
2209 1322 2279 1359 per
2305 1310 2381 1347 hoc
2411 1309 2460 1347 ad

1380 1363 1596 1412 superfluas
1616 1362 1768 1400 divitias
1788 1363 1996 1410 veniretur,
2017 1375 2087 1412 per
2106 1375 2271 1413 quarum
2292 1363 2459 1401 abusum

1382 1417 1630 1466 impediretur
1659 1416 1850 1465 religionis
1878 1417 2074 1466 perfectio,
2109 1417 2222 1455 Unde
2251 1417 2461 1466 Gregorius

1383 1470 1528 1508 ibidem
1566 1470 1714 1507 subdit:
1753 1471 1816 1507 Sic
1848 1471 2038 1508 metuebat
2066 1473 2332 1520 paupertatem
2368 1482 2462 1509 suae

1381 1524 1593 1561 securitatis
1615 1525 1791 1573 perdere,
1820 1524 1918 1561 sicut
1943 1525 2057 1562 avari
2073 1525 2204 1563 divites
2230 1525 2353 1562 solent
2371 1536 2462 1575 per-

1384 1579 1504 1615 ituras
1532 1578 1681 1615 divitias
1709 1578 1908 1615 custodire.
1938 1579 2031 1615 Non
2051 1586 2180 1616 autem
2201 1579 2336 1627 legitur
2354 1578 2461 1628 quod

1384 1631 1549 1668 renuerit
1578 1632 1747 1680 recipere
1777 1631 1903 1681 aliqua
1933 1632 2147 1670 necessaria
2175 1633 2224 1670 ad
2253 1633 2355 1670 vitae
2380 1644 2462 1670 sus-

1384 1685 1636 1722 tentationem
1666 1686 1925 1722 communiter
1953 1685 2223 1723 conservanda
2241 1691 2262 1723 ⁴.

1439 1740 1498 1775 An
1534 1749 1699 1780 Qumruu
1732 1749 1918 1776 memnon
1961 1741 2067 1789 quod
2100 1739 2382 1789 Philosophus,
2422 1739 2461 1777 in

1387 1791 1529 1828 IPolit.
1555 1791 1596 1838 *,
1627 1791 1717 1829 dicit
1750 1804 1892 1841 panem
1921 1799 1959 1828 et
1986 1793 2120 1830 vinum
2160 1801 2197 1830 et
2229 1793 2303 1830 alia
2331 1793 2461 1831 huius·-

1386 1845 1492 1882 modi
1522 1857 1605 1882 esse
1644 1845 1794 1882 divitias
1823 1846 2031 1892 naturales,
2066 1846 2250 1895 pecunias
2282 1858 2377 1884 vero
2407 1846 2462 1884 di-

1384 1899 1496 1936 vitias
1523 1898 1750 1936 artificiales
1781 1899 1830 1936 Et
1857 1899 1945 1937 inde
1971 1907 2028 1936 est
2055 1899 2163 1948 quod
2191 1899 2350 1950 quidam
2377 1900 2462 1950 phi-

1386 1952 1539 2002 losophi
1576 1953 1760 1990 nolebant
1798 1952 1851 1990 uti
1888 1953 2073 2002 pecunia,
2111 1953 2180 1991 sed
2213 1953 2296 1991 aliis
2324 1954 2462 2001 rebus,

1387 2006 1497 2055 quasi
1526 2006 1742 2043 secundum
1771 2014 1948 2044 naturam
1968 2007 2156 2044 viventes.
2187 2007 2238 2044 Et
2264 2007 2352 2045 ideo
2372 2007 2463 2045 Hie*

1388 2072 1595 2109 ronymus,
1626 2060 1790 2108 ibidem,
1823 2071 1893 2110 per
1920 2061 2148 2098 sententiam
2178 2061 2359 2109 Domini,
2397 2061 2464 2111 qui

1387 2114 1559 2151 similiter
1594 2121 1802 2164 utrumque
1839 2114 2047 2162 interdicit,
2078 2114 2244 2152 ostendit
2280 2114 2388 2164 quod
2425 2114 2464 2152 in

1387 2167 1490 2205 idem
1521 2167 1616 2205 redit
1643 2169 1787 2205 habere
1816 2168 2035 2217 pecuniam,
2065 2176 2102 2205 et
2130 2168 2222 2206 alias
2242 2181 2302 2206 res
2331 2180 2464 2206 neces-

1388 2221 1505 2258 sarias
1533 2221 1647 2259 vitae.
1677 2241 1702 2250 -
1733 2222 1780 2258 Et
1808 2230 1960 2269 tamen,
1991 2222 2078 2260 licet
2105 2222 2299 2260 Dominus
2334 2222 2466 2260 huius-

1389 2274 1496 2312 modi
1533 2287 1611 2311 non
1641 2275 1786 2324 portari
1815 2275 1852 2312 in
1880 2275 1945 2312 via
1973 2276 2021 2312 ab
2051 2275 2110 2313 his
2143 2276 2208 2325 qui
2237 2275 2286 2314 ad
2314 2275 2466 2325 praedi-

1389 2328 1559 2365 candum
1588 2327 1848 2376 mittebantur,
1879 2329 2132 2366 ordinaverit:
2163 2341 2242 2367 non
2266 2337 2398 2368 tamen
2417 2341 2466 2367 ea

1389 2381 1428 2418 in
1457 2379 1657 2418 communi
1687 2382 1909 2419 conservari
1936 2382 2144 2432 prohibuit.

1444 2435 1618 2482 Qualiter
1645 2443 1776 2472 tamen
1805 2435 1867 2473 illa
1893 2436 2015 2473 verba
2043 2435 2202 2474 Domini
2230 2436 2304 2474 sint
2331 2436 2465 2475 intelli·
2493 2423 2539 2490 ἠ

1389 2489 1527 2536 genda,
1558 2501 1675 2538 supra
1693 2489 1714 2511 ⁸⁸
1742 2496 1940 2527 ostensum
1971 2497 2038 2527 est.

318 2601 336 2633 ι)
356 2600 550 2626 conservanda.
562 2613 581 2619 -
599 2599 812 2625 conservandam
833 2599 1083 2633 PABEFHleKsC
1102 2606 1127 2626 et
1145 2608 1172 2627 a.

943 2671 1283 2706 Commentaria
1306 2672 1563 2707 Garamans
1586 2673 1794 2707 Caietam

296 2756 315 2776 Ν
340 2745 473 2777 articulo
498 2744 636 2785 septimo
661 2744 806 2775 eiusdem
824 2744 1031 2785 quaestionis,
1049 2736 1175 2776 adverte
1195 2746 1227 2776 in
1244 2746 1338 2776 titulo

269 2758 329 2831 Ily
356 2789 588 2831 perfectionem
620 2789 798 2831 religionis.
834 2789 890 2820 Est
918 2790 1003 2820 enim
1032 2789 1144 2830 triplex
1168 2789 1337 2830 perfectio:

266 2835 383 2866 scilicet
406 2834 547 2865 hominis
567 2834 721 2870 absolute,
739 2843 821 2875 quae
838 2834 905 2864 sine
922 2834 1011 2864 omni
1034 2841 1116 2865 statu
1137 2834 1340 2875 perfectionis

267 2880 400 2910 habetur
422 2890 440 2909 a
463 2879 537 2909 viris
561 2878 706 2919 perfectis
740 2888 806 2909 non
831 2877 985 2918 religiosis
1014 2889 1071 2909 nec
1100 2879 1260 2919 praelatis;
1293 2887 1340 2910 est

267 2931 297 2955 et
321 2924 472 2964 perfectio
497 2930 596 2954 status
620 2922 768 2964 religiosi,
792 2923 831 2953 de
855 2933 919 2964 qua
939 2930 985 2954 est
1001 2932 1122 2960 sermo;
1148 2932 1195 2955 est
1217 2931 1247 2955 et
1272 2934 1340 2964 per-

267 2969 361 2999 fectio
387 2975 485 2999 status
510 2968 708 3008 episcopalis,
730 2968 768 2998 de
785 2978 850 3008 qua
869 2977 975 2998 sermo
992 2968 1120 2999 habitus
1134 2975 1181 3000 est
1195 2969 1221 3000 *.
1246 2969 1341 3001 Nunc

267 3013 363 3053 igitur
393 3013 431 3043 de
455 3012 648 3053 perfectione
672 3012 794 3049 media,
819 3022 901 3054 quae
926 3011 1077 3052 perfectio
1101 3013 1262 3054 religionis
1286 3024 1340 3054 ap-

268 3058 412 3098 pellatur,
437 3066 483 3088 est
507 3057 652 3098 quaestio
677 3067 716 3087 an
734 3056 841 3087 minor
864 3056 902 3088 sit
927 3057 1041 3088 habere
1064 3057 1185 3099 aliquid
1202 3058 1234 3088 in
1251 3068 1340 3089 com-

269 3102 370 3132 muni.
402 3102 442 3132 Et
466 3101 540 3142 quia
564 3101 751 3132 huiusmodi
776 3101 927 3142 perfectio
951 3109 998 3137 est
1025 3101 1176 3142 perfectio
1200 3102 1342 3134 hominis

269 3146 446 3177 secundum
469 3146 565 3177 talem
589 3153 717 3182 statum,
743 3153 774 3176 et
797 3146 962 3177 ordinatur
976 3147 1015 3177 ad
1035 3146 1263 3187 perfectionem
1283 3147 1341 3178 ho-

270 3191 364 3221 minis
387 3191 548 3227 absolute,
580 3200 662 3231 quae
685 3190 717 3221 in
742 3190 867 3222 caritate
892 3191 1052 3227 consistit;
1084 3191 1156 3222 ideo
1184 3191 1216 3222 in
1240 3192 1343 3223 littera

271 3245 307 3266 ex
331 3235 446 3266 mentis
469 3235 629 3266 humanae
653 3235 863 3276 dispositione
886 3236 936 3266 vel
959 3235 1169 3277 impeditione
1193 3237 1232 3267 ad
1253 3237 1342 3278 spiri-

272 3279 368 3310 tualia
399 3286 429 3310 et
457 3279 608 3320 speciales
638 3278 716 3310 fines
741 3279 948 3320 religionum,
974 3280 1150 3312 declaratur
1172 3281 1343 3314 intentum.

330 3324 365 3354 ll.
391 3324 425 3354 In
449 3324 563 3354 eodem
588 3324 721 3355 articulo
746 3324 883 3366 septimo
900 3325 1042 3356 eiusdem
1059 3325 1254 3366 quaestionis
1270 3336 1343 3357 cen-

273 3367 764 3407 tesimaeoctogesimaeoctavae,
790 3369 924 3399 dubium
949 3369 1085 3400 occurrit
1109 3370 1189 3401 circa
1213 3371 1341 3402 conclu-

275 3411 399 3442 sionem
429 3413 467 3443 de
491 3413 590 3443 modo
621 3413 814 3454 paupertatis
846 3413 1037 3453 religionum
1062 3414 1279 3446 ordinatarum
1303 3415 1343 3446 ad

275 3456 558 3495 contemplandum
574 3464 604 3488 et
620 3458 834 3498 contemplata
850 3458 1108 3498 praedicandum.
1125 3459 1250 3490 Dicitur
1258 3459 1343 3490 enim

276 3500 308 3530 in
332 3499 434 3531 littera
461 3501 550 3541 quod
574 3502 690 3532 modus
718 3502 911 3542 paupertatis
935 3503 1047 3534 talium
1070 3510 1132 3539 est,
1162 3505 1192 3535 si
1218 3504 1344 3536 modica

276 3554 360 3585 quae
387 3549 464 3575 sunt
493 3546 674 3575 necessaria
699 3547 742 3576 ad
766 3547 900 3583 victum,
926 3556 1071 3588 congruo
1099 3552 1242 3588 tempore
1266 3558 1344 3588 pro-

278 3593 405 3626 curata,
429 3594 672 3619 conservantur.
698 3590 801 3620 Habet
825 3591 909 3621 enim
927 3591 1091 3621 conclusio
1115 3591 1191 3622 haec
1211 3591 1345 3623 difficul-

277 3640 374 3664 tatem
398 3639 527 3673 propter
550 3633 626 3663 duo.
652 3633 772 3671 Primo,
797 3634 872 3674 quia
896 3634 953 3664 iste
970 3635 1086 3665 modus
1102 3634 1228 3665 vivendi
1251 3635 1345 3666 habet

1391 2747 1464 2787 plus
1484 2746 1707 2778 sollicitudinis
1722 2757 1822 2788 quam
1838 2747 1942 2778 vivere
1958 2757 1996 2779 ex
2011 2748 2184 2780 moderatis
2199 2748 2467 2790 possessionibus.

1392 2791 1558 2829 Quoniam
1582 2791 1774 2832 experientia
1797 2799 1929 2824 testatur
1952 2793 2059 2834 quod.
2091 2792 2117 2824 si
2140 2793 2258 2825 vivitur
2280 2803 2318 2826 ex
2341 2803 2467 2835 posses-

1391 2835 1546 2873 sionibus,
1571 2835 1755 2867 sollicitudo
1779 2836 1936 2868 incumbit
1959 2837 2051 2868 valde
2074 2837 2199 2878 paucis,
2223 2845 2255 2870 et
2277 2837 2391 2880 reliqui
2414 2848 2467 2869 va·

1392 2883 1475 2911 cant·
1487 2880 1594 2911 studio
1619 2887 1650 2911 et
1673 2880 1766 2912 saluti
1791 2881 1988 2912 animarum:
2014 2881 2039 2912 si
2063 2889 2171 2914 autem
2194 2882 2311 2914 vivitur
2333 2892 2370 2914 ex
2393 2892 2468 2923 pro-

1392 2925 1566 2961 curatione,
1590 2925 1653 2956 hoc
1676 2932 1723 2956 est
1746 2935 1783 2956 ex
1806 2925 2022 2963 mendicitate,
2047 2933 2175 2967 oportet
2198 2927 2318 2958 multos
2341 2926 2467 2967 religio-

1392 2980 1455 3006 sos,
1480 2977 1625 3010 tempore
1654 2970 1764 3001 messis
1787 2977 1819 3002 et
1841 2970 2033 3007 vindemiae,
2057 2970 2199 3002 emittere
2222 2971 2262 3002 ad
2285 2978 2466 3012 quaestum,

1394 3015 1475 3045 ultra
1491 3014 1698 3055 quotidianos
1714 3021 1876 3056 quaestus.
1902 3016 1946 3046 lta
1962 3015 2052 3056 quod
2068 3016 2227 3057 magistra
2243 3025 2354 3046 rerum
2372 3025 2467 3058 expe-

1394 3060 1512 3090 rientia
1537 3066 1669 3090 testatur
1699 3059 1859 3091 minorem
1882 3059 2066 3092 incumbere
2089 3059 2337 3091 sollicitudinem
2361 3061 2467 3093 viven-

1394 3103 1478 3134 tibus
1509 3113 1547 3134 ex
1577 3103 1750 3135 moderatis
1780 3103 2050 3144 possessionibus.
2074 3113 2173 3145 quam
2197 3113 2234 3135 ex
2256 3104 2468 3148 eleemosynis

1395 3148 1581 3189 procuratis.
2382 3178 2384 3180 ,

1451 3193 1617 3230 Secundo,
1649 3192 1724 3234 quia
1754 3192 1813 3223 iste
1841 3192 1959 3224 modus
1982 3191 2108 3222 vivendi
2138 3192 2177 3223 de
2202 3191 2285 3224 facto
2309 3200 2356 3224 est
2385 3193 2467 3225 adeo

1395 3244 1542 3268 extensus
1567 3237 1606 3268 ad
1629 3244 1677 3268 tot
1700 3244 1884 3278 quaestores
1906 3235 2072 3277 utriusque
2096 3246 2198 3272 sexus.
2214 3244 2250 3268 ut
2268 3237 2468 3279 impossibile

1396 3281 1436 3313 sit
1459 3282 1597 3322 amplius
1621 3281 1726 3312 vivere
1749 3291 1786 3313 α
1809 3280 2027 3318 mendicitate,
2059 3281 2119 3312 nisi
2143 3291 2219 3313 cum
2243 3282 2381 3314 maxime
2404 3291 2466 3314 ser-

1396 3326 1495 3357 vitute
1522 3325 1666 3357 deviante
1682 3335 1700 3356 a
1721 3325 1828 3357 studio
1843 3324 2029 3356 litterarum.
2054 3326 2146 3363 Quae
2161 3326 2384 3368 multiplicatio
2401 3336 2466 3359 non

1397 3377 1462 3402 erat
1485 3377 1630 3411 tempore
1654 3369 1832 3410 praeterito.

1454 3414 1506 3446 111.
1531 3415 1583 3446 Ad
1606 3413 1747 3456 primum
1770 3413 1888 3444 horum
1912 3413 2026 3445 dicitur
2049 3415 2138 3455 quod
2161 3413 2241 3446 ratio
2258 3414 2388 3446 maioris
2403 3415 2467 3446 sol-

1396 3458 1569 3490 licitudinis
1591 3458 1625 3489 in
1648 3457 1786 3488 vivendo
1810 3467 1846 3488 ex
1870 3457 2014 3489 mendica
2038 3459 2262 3499 procuratione
2286 3466 2318 3490 et
2341 3468 2467 3490 conser-

1397 3503 1524 3534 vatione
1552 3509 1598 3534 est
1626 3501 1748 3542 triplex.
1784 3501 1888 3533 Prima
1913 3509 1959 3533 est
1982 3502 2156 3535 multitudo
2180 3503 2362 3544 promiscue
2385 3513 2467 3545 quo-

1398 3546 1574 3577 dammodo
1599 3555 1711 3576 eorum
1735 3546 1790 3587 qui
1815 3547 1853 3576 ad
1874 3546 2058 3578 huiusmodi
2076 3547 2242 3588 religiones
2260 3547 2464 3588 recipiuntur.

1397 3591 1471 3621 Non
1502 3590 1586 3621 enim
1618 3590 1767 3621 deberent
1790 3600 1902 3621 omnes
1925 3591 1966 3622 ad
1988 3591 2102 3623 harum
2126 3591 2318 3633 religionum
2347 3592 2468 3634 profes-

1399 3634 1523 3664 sionem
1547 3634 1658 3675 recipi:
1691 3635 1745 3665 sed
1767 3635 1826 3665 soli
1851 3635 1958 3666 idonei
1982 3636 2021 3666 ad
2045 3635 2187 3668 officium
2211 3635 2412 3677 praedicandi
2435 3643 2466 3668 et

2483 452 2492 461 ⁴
2504 450 2550 478 Op.
2564 450 2661 478 Impers.
2672 451 2697 472 in

2482 477 2567 499 Μαίη.
2614 477 2696 499 homil.

2483 493 2696 552 {X¹‘'s¹,¹2¹„“⁰¹'¹’·

1381 552 1604 589 Secundum
1635 552 1891 600 Augustinum
1911 553 1943 599 ²⁶,
1973 554 2044 590 sic:
2079 555 2176 591 Cum
2196 553 2341 602 aliquid
2366 553 2459 590 boni
2483 560 2696 614 ergsffgjnl-igoffi

1380 617 1598 654 operamur,
1622 618 1697 642 non
1718 606 1955 654 temporalia,
1979 619 2078 656 quae
2094 608 2362 657 significantur
2383 618 2458 655 per
2483 620 2534 642 cap-
2549 620 2607 636 xm-

2491 1801 2499 1810 ⁸
2514 1799 2571 1829 Cap.
2589 1806 2596 1822 ι
2639 1806 2662 1823 u.
2678 1807 2703 1824 ιο

2489 1826 2590 1856 sqq.-S.
2634 1844 2640 1850 .
2697 1844 2702 1849 .
