2768 4198
46 602 133 651 Squh
140 608 172 650 ιιι,
188 607 211 622 ιι.

157 632 199 650 eet
216 634 247 649 ix.

46 1295 93 1316 'De
101 1294 189 1316 Invent.
198 1293 258 1315 Rhe-

45 1324 91 1343 tor.
107 1321 145 1342 lib.
160 1321 189 1346 11,
207 1326 257 1348 cap.

44 1354 90 1370 Liv.

45 1407 54 1415 ⁸
65 1405 113 1433 Qu.
123 1410 179 1432 xcii,
190 1409 233 1427 art.
242 1411 257 1426 ι.

46 1564 258 1591 ·1.ib.x‚adiin.st

144 1660 158 1694 β

46 1825 55 1833 ”
62 1824 115 1845 Loc.
124 1824 171 1849 cin,
179 1829 203 1844 n.
211 1829 231 1850 a,
238 1830 257 1851 3.

47 2237 54 2244 ⁰
59 2235 95 2257 De
100 2234 258 2256 Fortitudine.

46 2282 54 2289 ⁸
70 2282 95 2302 ln
112 2279 214 2301 Notand.

45 2372 54 2380 ⁴
62 2370 98 2392 Ct.
108 2376 146 2398 qu.
155 2374 258 2391 cxxxvii.

45 2401 87 2419 art.
102 2403 121 2425 3.

52 2950 59 2956 ·
67 2947 191 2969 l.oc.ci1.in
198 2953 260 2974 corp.

55 3434 62 3439 ·
72 3431 268 3459 Cap.1x,n.2.3.-

53 3459 77 3479 δ.
93 3457 106 3479 'l
117 3458 138 3479 h.
154 3459 204 3479 lect.
221 3463 253 3478 ix.

293 300 363 337 116

343 392 376 417 2
408 381 644 426 PRAETEREA,
667 379 697 416 SI
727 386 933 428 opponltlll'
954 383 1276 425 perseverantlae,
1297 382 1389 442 anti

919 297 1188 343 QUAESTIO
1219 296 1467 344 CXXXVIII,
1497 297 1796 335 ARTICULUS
1828 299 1858 334 ll

1386 375 1512 413 idest
1517 378 1640 425 fortzs
1657 377 1871 423 sententiae,
1891 378 1954 414 vel
1975 378 2274 427 idimognomones
2291 376 2388 414 idest
2400 388 2491 425 pro-

287 433 495 483 opponitur
534 433 565 470 ei
595 445 665 482 per
701 443 920 475 excessum
951 437 1016 465 aut
1049 440 1118 477 per
1155 428 1360 465 defectum.
1386 422 1522 490 {priae
1548 432 1773 467 sententiae.-
1803 430 1892 479 quia
1912 430 2052 468 scilicet
2080 438 2328 479 perseverant
2347 430 2384 467 in
2406 443 2493 479 pro-

289 488 365 524 Sed
395 500 473 524 non
503 487 710 535 opponitur
730 486 762 521 ei
783 497 851 532 per
876 494 1096 519 excessum:
1128 482 1216 530 quia
1246 481 1360 518 etiam

287 541 458 590 pertinax
479 540 578 577 cedit
597 539 705 576 alicui
727 536 965 575 delectationi
985 543 1022 571 et
1042 535 1228 580 tristitiae3
1258 535 1359 583 quia,

249 602 329 631 ut
348 594 436 631 dicit
459 594 722 641 Philosophus,
746 592 781 627 in
802 590 870 626 VII
891 589 1012 625 Ethic.
1033 588 1064 635 ²¹⁶,
1084 589 1255 638 gaudent
1280 589 1361 625 vin-

288 653 420 693 centes,
451 653 487 683 et
513 647 708 683 tristantur
733 645 766 680 si
792 643 996 680 sententiae
1023 654 1156 678 eorum
1186 642 1362 690 infirmae

287 706 507 749 appareant.
530 699 569 736 Si
590 707 719 735 autem
740 709 809 746 per
829 697 1034 742 detectum,
1051 695 1119 732 erit
1137 695 1240 732 idem
1255 696 1359 744 quod

287 754 481 791 mollities:
521 752 626 801 quod
666 759 767 800 patet
806 762 888 787 esse
927 750 1076 786 falsum.
1114 749 1230 786 Nullo
1270 761 1360 797 ergo

288 807 406 844 modo
436 805 643 855 pertinacia
673 804 881 853 opponitur
909 803 1228 852 perseverantiae.

343 862 376 897 3.
418 861 661 905 PRAETEREA,
701 858 797 895 sicut
833 868 1086 906 perseverans
1123 856 1286 905 persistit
1323 855 1359 892 in

287 915 390 950 bono
422 920 551 949 contra
577 911 751 958 tristitias,
773 912 822 948 ita
852 911 1051 948 continens
1073 918 1109 947 et
1127 917 1361 959 temperatus

287 975 416 1003 contra
447 965 729 1011 delectationes,
760 973 796 1002 et
824 964 930 1002 fortis
959 972 1091 1001 contra
1119 964 1295 1011 timores,
1326 971 1361 1000 et

286 1028 509 1057 mansuetus
539 1027 671 1056 contra
699 1019 782 1056 iras.
821 1019 899 1056 Sed
928 1018 1099 1067 pertinax
1134 1018 1269 1055 dicitur
1296 1018 1361 1055 ali-

286 1073 371 1122 quis
401 1085 445 1110 ex
476 1086 522 1110 eo
553 1073 658 1122 quod
688 1073 801 1110 nimis
831 1073 868 1109 in
898 1072 1026 1120 aliquo
1050 1071 1226 1120 persistit.
1258 1072 1361 1120 Ergo

286 1127 491 1177 pertinacia
530 1139 608 1164 non
647 1127 766 1175 magis
805 1126 1013 1176 opponitur
1054 1125 1361 1174 perseverantiae

286 1194 405 1230 quam
435 1181 515 1218 aliis
543 1180 757 1218 virtutibus.

341 1235 415 1272 SED
437 1247 584 1272 CONTRA
604 1247 670 1272 EST
698 1234 804 1282 quod
825 1234 974 1271 Tullius
994 1233 1094 1279 dicit,
1115 1233 1153 1270 in
1174 1245 1242 1270 sua
1261 1234 1361 1270 Rhe-

286 1289 404 1326 torica
424 1289 455 1334 *,
486 1290 589 1338 quod
619 1289 669 1325 ita
698 1301 738 1325 se
767 1289 883 1325 habet
919 1287 1129 1337 pertinacia
1157 1287 1207 1324 ad
1235 1300 1363 1336 perse-

284 1343 499 1380 verantiam
533 1342 629 1380 sicut
665 1342 882 1391 superstitio
921 1342 969 1379 ad
1009 1341 1244 1389 religionem.
1284 1341 1361 1379 Sed

287 1396 503 1446 superstitio
534 1396 743 1446 opponitur
762 1395 946 1444 religioni,
967 1403 1008 1432 ut
1037 1407 1151 1445 supra
1169 1394 1190 1417 ’¹‘
1220 1395 1362 1433 dictum

287 1459 354 1488 est.
386 1451 488 1498 Ergo
519 1458 555 1487 et
581 1449 787 1499 pertinacia
815 1450 1131 1499 perseverantiae.

341 1505 570 1541 Responosso
590 1516 776 1541 mceunuu
797 1503 917 1552 quod,
938 1503 1034 1540 sicut
1063 1503 1231 1540 Isidorus
1260 1502 1360 1550 dicit,

287 1558 324 1595 in
362 1558 457 1595 libro
485 1558 653 1607 Etymol.
674 1557 714 1605 ²⁸,
739 1558 922 1607 pertinax
961 1557 1096 1594 dicitur
1132 1556 1267 1606 aliquis
1295 1557 1361 1605 qui

289 1620 343 1649 est
372 1612 606 1660 impudenter
642 1617 770 1649 tenens
790 1617 828 1658 α,
858 1610 967 1660 quasi
996 1612 1125 1648 omnia
1154 1616 1282 1648 tenax.
1314 1611 1362 1648 Et

286 1666 348 1703 hic
377 1666 479 1703 idem
510 1665 647 1703 dicitur
668 1666 858 1715 pervicax
876 1663 907 1701 βε
947 1677 994 1701 eo
1023 1664 1129 1714 quod
1159 1665 1196 1701 in
1220 1676 1360 1714 propo—

285 1720 354 1758 sito
386 1732 455 1756 suo
493 1720 544 1756 ad
574 1720 772 1756 victoriam
806 1724 1045 1779 perseverat.-
1081 1719 1228 1767 antiqui
1260 1718 1359 1756 enim

286 1774 460 1810 dicebant
484 1773 622 1810 viciam
643 1785 758 1821 quam
779 1785 847 1809 nos
866 1772 1077 1809 victoriam.
1108 1772 1157 1809 Et
1180 1772 1252 1809 hos
1272 1772 1359 1809 Phi-

286 1827 472 1875 losophus
493 1834 619 1873 vocat,
641 1826 679 1863 in
698 1826 765 1863 VII
787 1826 909 1862 Ethic.
929 1825 1359 1875 *,1'.schyrognomones,

340 1942 366 1972 α)
388 1944 519 1965 τεηεηεμ-
537 1943 624 1965 tenax
649 1939 706 1966 PD:
732 1947 780 1972 pro
804 1940 882 1972 quasi
906 1939 997 1964 omnia
1023 1943 1117 1968 tenax,
1143 1939 1221 1972 quasi
1245 1939 1364 1964 omnium

285 1980 373 2002 tenax
391 1976 422 2005 D.
442 1976 521 2008 quasi
543 1977 581 2006 (et
605 1976 683 2008 quasi
705 1976 746 2000 ed.
766 1977 796 2006 a)
815 1975 852 2000 ad
875 1975 967 2000 omnia
992 1978 1079 2000 tenax
1102 1976 1150 2004 La,
1170 1975 1249 2008 quasi
1273 1975 1364 2000 omnia

285 2016 377 2037 tenens
396 2013 449 2042 PK,
469 2020 524 2038 om.
543 2012 577 2037 G.

1386 492 1388 530 ξ
1416 482 1498 530 pria
1527 483 1715 520 sententia
1742 485 1829 532 plus
1857 496 1976 532 quarn
2007 492 2178 533 oportet;
2209 483 2334 521 mollis
2363 492 2491 521 autem

1415 535 1543 572 minus
1572 548 1690 584 quarn
1721 545 1889 585 oportet;
1919 550 2172 587 perseverans
2201 546 2330 574 autem
2358 549 2492 574 secun-

1415 588 1508 625 dum
1545 589 1650 638 quod
1689 598 1850 638 oportet.
1890 591 2003 628 Unde
2037 599 2139 640 patet
2175 592 2280 639 quod
2313 603 2492 640 perseve-

1415 641 1535 678 rantia
1564 642 1740 679 laudatur
1759 642 1854 680 sicut
1881 643 1919 680 in
1947 645 2077 682 medio
2108 644 2291 691 existens;
2319 645 2491 694 pertinax

1415 703 1544 732 autem
1583 695 1821 744 vituperatur
1858 697 1954 734 sicut
1983 703 1997 726 Υ
2034 699 2248 736 secundum
2293 711 2490 736 excessum
2617 701 2635 727 Υ

1414 748 1552 794 medii;
1583 749 1706 786 mollis
1736 758 1864 786 autern
1886 751 2101 789 secundum
2131 752 2333 790 defectum.

1468 804 1528 839 An
1548 814 1687 840 PRIMUM
1708 814 1806 840 ERGO
1827 815 2014 841 mesanum
2033 805 2140 853 quod
2169 805 2256 843 ideo
2282 806 2417 855 aliquis
2438 806 2491 843 ni·

1415 855 1487 893 mis
1507 854 1520 878 ⁶
1548 856 1715 906 persistit
1741 856 1779 893 in
1808 857 1963 906 propria
1993 858 2190 906 sententia,
2211 859 2301 907 quia
2325 871 2394 908 per
2417 860 2492 896 hoc
2619 853 2634 879 ὅ

1414 910 1497 946 vult
1525 922 1634 947 suam
1667 909 1929 948 excellentiam
1950 910 2206 950 manifestare.
2237 913 2285 949 Et
2311 913 2398 950 ideo
2420 913 2493 950 ori-

1415 971 1475 1000 tur
1503 976 1548 1000 ex
1577 964 1678 1001 inani
1713 963 1834 1012 gloria
1862 964 1959 1001 sicut
1996 976 2042 1000 ex
2080 977 2207 1002 causa.
2245 965 2401 1004 Dictum
2438 975 2493 1004 est

1415 1025 1544 1055 autem
1583 1030 1699 1067 supra
1717 1017 1738 1039 '¹‘
1765 1018 1872 1067 quod
1907 1018 2101 1067 oppositio
2130 1018 2313 1056 vitiorum
2341 1020 2390 1057 ad
2418 1020 2493 1057 vir·
2519 1027 2595 1081 8¹32
2598 1032 2708 1080 ⁸3¹¹va

1414 1079 1513 1108 tutes
1542 1084 1621 1108 non
1655 1072 1860 1109 attenditur
1887 1072 2101 1109 secundum
2132 1084 2310 1119 causam,
2339 1073 2408 1110 sed
2436 1086 2494 1111 se·
2520 1086 2616 1108 mn
2630 1059 2708 1103 “1⁶¹²-

1416 1125 1587 1163 cundum
1615 1126 1815 1176 propriam
1845 1125 2028 1175 speciem.

1469 1181 1529 1216 An
1563 1191 1757 1217 SECUNDUM
1790 1191 1978 1217 melerinum
2012 1181 2118 1229 quod
2147 1179 2320 1229 pertinax
2349 1179 2494 1217 excedit

1416 1233 1573 1282 quidem
1594 1233 1633 1271 in
1653 1234 1729 1270 hoc
1758 1233 1866 1281 quod
1884 1233 2099 1271 inordinate
2118 1232 2283 1283 persistit
2306 1233 2345 1270 in
2366 1233 2494 1283 aliquo

1417 1295 1548 1324 eontra
1577 1288 1716 1324 multas
1736 1287 1996 1324 difficultates:
2025 1288 2142 1324 habet
2167 1294 2298 1324 tamen
2326 1287 2494 1336 aliquam

1417 1341 1714 1379 delectationem
1751 1341 1789 1378 in
1825 1341 1924 1387 fine,
1959 1340 2056 1378 sicut
2094 1349 2131 1378 et
2168 1340 2273 1377 fortis
2308 1349 2345 1378 et
2378 1341 2492 1379 etiam

1416 1407 1682 1445 perseverans.
1705 1395 1807 1442 Quia
1823 1402 1953 1432 tamen
1974 1394 2035 1432 illa
2051 1394 2252 1432 delectatio
2273 1402 2331 1431 est
2342 1395 2493 1443 vitiosa,

1417 1461 1464 1486 ex
1501 1449 1578 1486 hoc
1615 1449 1721 1499 quod
1751 1448 1862 1486 nimis
1901 1460 1989 1486 eam
2019 1448 2162 1498 appetit
2189 1456 2227 1486 et
2264 1447 2493 1488 contrariam

1416 1503 1604 1541 tristitiam
1634 1503 1737 1551 fugit,
1759 1502 1989 1540 assimilatur
2013 1501 2264 1540 incontinenti
2291 1503 2353 1540 vel
2374 1502 2493 1541 molli.

1470 1559 1529 1594 An
1555 1568 1721 1595 TERTIUM
1745 1568 1931 1594 DICENDUM
1958 1556 2065 1605 quod
2094 1556 2189 1594 aliae
2217 1555 2395 1602 virtutes,
2425 1556 2495 1595 etsi

1415 1610 1618 1660 persistant
1647 1618 1778 1648 contra
1807 1610 1973 1659 impetus
1997 1610 2235 1659 passionum,
2255 1622 2335 1647 non
2363 1618 2493 1649 tamen

1416 1665 1571 1714 proprie
1591 1665 1674 1702 laus
1703 1676 1836 1702 earum
1858 1672 1914 1701 est
1943 1676 1987 1701 ex
2017 1663 2271 1713 persistendo,
2292 1663 2388 1701 sicut
2413 1665 2494 1702 laus

1415 1718 1736 1768 perseverantiae.
1767 1719 1870 1756 Laus
1897 1730 1992 1755 vero
2023 1717 2276 1756 continentiae
2300 1717 2420 1766 magis
2438 1717 2494 1755 vi-

1417 1772 1528 1809 detur
1557 1784 1602 1809 ex
1630 1772 1822 1809 vincendo
1860 1771 2144 1809 delectationes.
2179 1771 2229 1808 Et
2257 1771 2346 1809 ideo
2383 1770 2495 1821 perti-

1417 1826 1526 1862 nacia
1557 1825 1696 1862 directe
1726 1825 1935 1874 opponitur
1962 1824 2282 1874 perseverantiae.

1473 1938 1499 1971 β)
1515 1939 1658 1972 pervicax.
1671 1953 1690 1958 -
1705 1939 1841 1972 pertinax
1861 1939 2024 1972 PEFGILpC
2043 1944 2070 1963 et
2087 1947 2114 1964 a.

1472 1977 1499 2009 γ)
1519 1975 1597 2001 sicut.
1609 1989 1628 1994 —
1647 1975 1710 2000 Om.
1724 1975 1776 2000 PL.

1473 2010 1498 2043 ὂ)
1518 2011 1606 2036 nimis.
1619 2025 1637 2030 —
1656 2011 1745 2037 minus
1765 2010 1962 2044 BDEFpAGK;
1981 2011 2022 2036 vel
2041 2010 2128 2036 minus
2147 2018 2240 2043 margo
2258 2011 2289 2037 D.

972 2093 1312 2126 Commentariis.
1333 2092 1590 2126 Cardinalis
1612 2092 1817 2126 Caietani

318 2195 337 2214 N
355 2183 488 2214 articulo
506 2182 649 2213 secundo
669 2182 814 2212 eiusdem
834 2181 1032 2222 quaestionis
1057 2181 1368 2222 centesimaetrigesi-

290 2196 523 2259 Imaeoctavae
551 2227 688 2257 dubium
705 2236 742 2257 ex
761 2226 900 2257 Martino
921 2226 1069 2263 occurrit,
1090 2227 1210 2258 ibidem
1221 2226 1248 2262 *,
1266 2226 1299 2257 in
1312 2236 1367 2267 qu.

287 2274 326 2304 de
338 2272 514 2304 Pertinacia
526 2271 552 2308 *‚
563 2278 715 2311 arguente
729 2278 839 2302 contra
852 2271 939 2302 hunc
951 2271 1122 2303 articulum
1134 2271 1225 2312 quod
1237 2271 1368 2302 conclu·

287 2318 334 2348 sio
352 2327 418 2348 non
434 2324 480 2347 est
497 2315 673 2347 conformis
690 2315 759 2346 aliis
776 2315 867 2346 dictis
883 2315 1028 2346 eiusdem
1043 2316 1203 2346 Thomae.
1220 2315 1304 2346 Nam
1321 2326 1367 2346 se-

288 2363 430 2394 cundum
448 2371 524 2392 eum
536 2361 562 2397 *,
581 2371 647 2391 non
663 2360 770 2391 omnis
787 2360 958 2400 persistens
971 2360 1003 2392 in
1017 2361 1172 2392 sententia
1189 2361 1368 2391 secundum

288 2407 376 2448 quod
401 2412 539 2447 oportet,
556 2413 604 2436 est
627 2414 848 2446 perseverans:
873 2405 929 2436 sed
945 2405 998 2436 ine
1015 2412 1140 2436 tantum
1156 2405 1213 2447 qui
1230 2405 1368 2446 persistit

287 2453 354 2483 tion
378 2451 526 2482 obstante
550 2450 697 2481 molestia
721 2449 948 2482 diuturnitatis.
973 2450 1007 2482 Si
1031 2460 1108 2490 ergo
1132 2450 1305 2491 pertinacia
1322 2450 1367 2480 di-

288 2503 370 2528 recte
387 2495 565 2537 opponitur
581 2494 843 2536 perseverantiae,
857 2502 986 2535 oportet
1001 2495 1092 2536 quod
1108 2494 1204 2526 nimis
1221 2495 1368 2536 persistat

289 2548 399 2572 contra
423 2539 640 2571 diuturnitatis
665 2539 857 2571 molestiam.
883 2539 946 2571 Sed
970 2540 1150 2571 secundum
1167 2550 1254 2576 eum,
1272 2540 1368 2580 perti-

289 2586 378 2616 nacia
396 2595 461 2615 non
479 2592 526 2616 est
542 2585 604 2615 tale
620 2584 754 2615 vitIum:
780 2584 835 2615 sed
859 2584 976 2626 aliquis
996 2584 1112 2616 dicitur
1128 2585 1282 2625 pertinax,
1299 2591 1367 2615 esto

288 2631 376 2672 quod
403 2629 481 2660 nihil
498 2640 535 2660 ex
552 2629 760 2660 diuturnitate
784 2629 898 2660 sentiat
922 2629 1097 2661 molestiae.
1122 2630 1197 2660 Non
1219 2630 1368 2661 convenit

289 2686 364 2716 ergo
389 2675 555 2706 conclusio
579 2684 653 2706 cum
678 2674 748 2705 aliis
772 2673 863 2704 dictis
890 2674 1050 2706 Thomae.

345 2720 503 2757 Secundo,
516 2719 591 2761 quia
607 2726 794 2760 sequeretur
811 2718 938 2750 nullum
951 2718 1066 2750 vitium
1079 2729 1147 2750 esse
1160 2718 1367 2760 pertinaciam

289 2764 348 2795 nisi
366 2764 419 2795 ubi
437 2764 653 2796 diuturnitatis
670 2763 906 2796 circumstantia
923 2764 962 2794 de
979 2764 1067 2795 bono
1084 2764 1117 2795 in
1130 2764 1254 2795 malum
1267 2771 1367 2794 trans-

290 2809 392 2840 ferret.
418 2828 436 2832 —
458 2810 498 2840 Et
522 2817 608 2840 tenet
631 2808 878 2850 consequentia:
905 2809 981 2849 quia
1003 2809 1028 2839 si
1049 2809 1166 2840 directe
1190 2808 1368 2850 opponitur

290 2854 550 2894 perseverantiae,
576 2861 704 2895 oportet
727 2853 817 2894 quod
846 2853 989 2884 includat
1013 2853 1045 2884 in
1070 2863 1127 2884 sua
1151 2853 1274 2885 ratione
1298 2853 1367 2884 diu-

290 2898 486 2935 turnitatem,
511 2898 592 2930 sicut
616 2897 857 2939 perseverantia.

351 2943 474 2981 Tertio,
499 2943 575 2984 quia
606 2943 763 2984 pertinax,
792 2943 970 2974 secundum
996 2943 1155 2974 Isidorum
1204 2967 1212 2980 ,
1237 2950 1284 2974 est
1311 2943 1365 2984 qui

291 2988 445 3019 immanet
469 2988 642 3019 sententiae
666 2989 716 3019 cui
742 2997 806 3018 non
832 2987 926 3018 debet
942 2989 1128 3019 immanere.
1153 2988 1242 3019 Talis
1259 2995 1367 3019 autem

291 3033 411 3064 excedit
437 3033 629 3074 pertinacem
653 3033 842 3074 oppositum
867 3033 1097 3072 perseveranti:
1123 3032 1200 3073 quia
1223 3042 1366 3073 perseve-

291 3088 363 3108 rans
388 3087 434 3108 est
458 3088 524 3108 non
551 3079 696 3109 obstante
726 3076 858 3113 tristitia,
884 3085 914 3108 et
939 3077 1082 3108 similiter
1107 3087 1184 3108 suus
1212 3077 1366 3118 pertinax.

292 3123 376 3163 Ergo
403 3122 572 3162 pertinacia
597 3130 724 3163 accepta
748 3123 786 3153 ab
813 3121 934 3152 Isidoro
960 3130 991 3154 et
1014 3122 1154 3159 Thomu,
1181 3132 1245 3152 non
1262 3132 1367 3163 oppo-

293 3167 378 3197 nitur
402 3167 661 3207 perseverantiae.

352 3211 490 3249 Quart0,
504 3212 579 3252 quia
596 3211 747 3252 pertinax,
762 3219 796 3242 ut
814 3212 852 3243 de
869 3221 907 3242 eo
925 3211 1069 3253 loquitur
1084 3211 1240 3246 Thomas,
1254 3211 1367 3241 imma-

295 3263 347 3286 net
370 3256 542 3287 sententiae
566 3264 696 3297 propter
721 3256 973 3287 delectationem.
1000 3256 1085 3296 Ergo
1106 3266 1172 3287 non
1190 3256 1367 3297 opponitur

294 3301 556 3340 perseverantiae,
585 3302 639 3331 sed
672 3301 894 3332 continentiae.
920 3319 940 3324 -
965 3301 1122 3332 Probatur
1152 3307 1365 3341 assumptum.

295 3344 378 3381 Quia
403 3345 542 3384 pertinax
560 3346 714 3376 immanet
738 3346 912 3376 sententiae
929 3353 1060 3386 propter
1080 3345 1256 3376 victoriam.
1282 3345 1366 3385 Ergo

295 3396 424 3429 propter
441 3389 692 3421 delectationem.
709 3408 730 3413 -
747 3391 901 3421 Probatur
918 3390 980 3421 hoc
998 3390 1149 3421 ultimum
1166 3390 1365 3421 antecedens.

295 3433 383 3463 Tum
403 3443 439 3463 ex
456 3433 526 3473 ipso
549 3434 740 3465 Thomahic.
766 3435 853 3465 Tum
879 3445 914 3465 ex
937 3435 1116 3471 Aristotele,
1138 3435 1194 3466 Vll
1218 3435 1322 3466 Ethic.
1339 3434 1366 3470 ¹¹¹,

295 3477 418 3508 dicente
442 3479 529 3518 quod
556 3479 607 3508 isti
626 3481 782 3519 propriae
804 3481 983 3511 sententiae
1003 3481 1177 3511 vincuntur
1192 3490 1212 3510 a
1229 3480 1367 3511 delecta-

295 3522 454 3553 tionibus:
478 3523 624 3564 gaudent
648 3524 731 3553 enim
750 3525 922 3561 vincentes,
940 3525 968 3555 si
988 3534 1051 3555 non
1076 3524 1365 3555 transuadeantur.

295 3566 336 3598 Et
353 3566 515 3597 concludit
531 3567 619 3607 quod
636 3572 711 3597 sunt
729 3569 834 3608 magis
849 3569 970 3599 similes
986 3567 1254 3599 incontinentibus
1270 3577 1366 3608 quam

295 3610 538 3642 continentibus.

352 3656 389 3687 ll.
415 3656 463 3686 Ad
488 3655 603 3686 horum
631 3655 829 3689 evidentiam.
849 3656 926 3686 scito
944 3658 1043 3697 quod.
1062 3656 1142 3687 sicut
1159 3654 1366 3695 magnanimi-

1179 2941 1195 2958 t

1420 2189 1468 2212 tas
1491 2189 1521 2213 et
1545 2181 1618 2212 facit
1641 2191 1798 2222 magnum
1821 2182 1852 2212 in
1877 2182 2019 2223 qualibet
2042 2182 2158 2214 virtute
2181 2189 2212 2213 et
2234 2182 2327 2223 ponit
2349 2182 2494 2215 medium

1420 2226 1453 2256 in
1471 2226 1614 2268 appetitu
1637 2236 1830 2267 magnorum
1853 2226 2017 2258 honorum
2037 2226 2075 2246 *
2068 2237 2156 2263 ,nec
2176 2234 2304 2268 oportet
2327 2226 2532 2269 quodlibet·
2546 2232 2583 2255 Cf·
2599 2238 2640 2261 au·
2656 2237 2738 2259 0¹1¹.

1420 2270 1610 2311 oppositum
1627 2270 1672 2302 illi
1689 2270 1803 2303 vitium
1828 2271 1981 2312 respicere
2006 2271 2183 2312 appetitum
2199 2272 2342 2309 honoris,
2359 2272 2415 2303 sed
2431 2272 2495 2304 suf—
2520 2263 2562 2282 ¹¹²
2577 2266 2600 2287 ⁴

1420 2314 1485 2347 ficit
1511 2316 1601 2357 quod
1629 2325 1785 2356 magnum
1813 2315 1971 2347 honorem
2000 2316 2147 2357 respiciat
2172 2316 2223 2348 vel
2251 2327 2307 2358 per
2329 2327 2494 2350 excessum

1420 2360 1471 2391 vel
1499 2370 1556 2401 per
1582 2360 1755 2397 defectum,
1780 2367 1816 2392 ut
1839 2367 1926 2401 patet
1953 2361 1992 2392 de
2018 2361 2289 2402 praesumptione,
2316 2371 2399 2403 quae
2426 2371 2493 2393 non

1420 2405 1541 2436 excedit
1564 2405 1597 2436 in
1621 2405 1764 2446 appetitu
1788 2405 1932 2442 honoris,
1948 2406 2004 2437 sed
2021 2414 2111 2437 actus
2129 2405 2434 2439 incommensurati·
2451 2406 2493 2438 ita

1419 2450 1701 2501 proportionaliter
1724 2449 1955 2491 perseverantia
1979 2457 2010 2482 et
2033 2450 2107 2481 facit
2129 2460 2167 2482 ex
2190 2450 2368 2482 intentione
2396 2450 2494 2502 peni

1419 2495 1567 2526 stentiam
1592 2502 1811 2546 opportunam
1831 2494 1862 2526 in
1880 2494 2021 2536 qualibet
2043 2495 2170 2532 virtute,
2187 2502 2218 2526 et
2233 2495 2377 2526 medium
2401 2495 2494 2537 ponit

1420 2539 1597 2571 insistendo
1621 2539 1654 2570 in
1678 2539 1843 2571 sententia.
1868 2539 1910 2571 Et
1925 2547 2095 2581 propterea
2116 2539 2193 2571 vitia
2212 2539 2361 2582 opposita
2377 2540 2493 2578 eidem,

1421 2584 1445 2615 si
1471 2591 1609 2615 extrema
1634 2592 1708 2616 sunt
1732 2584 1800 2615 eius
1828 2584 1917 2626 quod
1941 2592 1988 2615 est
2011 2585 2120 2616 sistere
2144 2584 2176 2615 in
2200 2584 2365 2622 sententia,
2390 2594 2494 2626 perne-

1421 2629 1579 2660 verantiae
1611 2637 1840 2670 opponuntur:
1866 2629 1948 2661 sicut
1978 2629 2111 2661 ambitio
2141 2637 2173 2660 et
2203 2629 2272 2662 eius
2305 2629 2494 2671 oppositum

1421 2681 1559 2706 extrema
1584 2682 1659 2706 sunt
1683 2674 1962 2715 magnanimitatis,
1979 2674 2056 2716 quia
2075 2681 2213 2706 extrema
2229 2682 2305 2706 sunt
2320 2674 2389 2706 eius
2404 2675 2494 2716 quod

1421 2726 1467 2750 est
1491 2726 1639 2760 appetere
1663 2729 1798 2760 magnos
1822 2719 1972 2751 honores.

1479 2764 1530 2794 lll.
1551 2764 1610 2795 His
1635 2763 1830 2804 praelibatis,
1849 2764 1890 2795 ad
1907 2765 2053 2805 primum
2077 2764 2110 2795 in
2135 2763 2324 2805 oppositum
2338 2763 2356 2784 '⁸‘
2379 2763 2494 2796 dicitur
2522 2770 2531 2779 ⁸
2546 2768 2618 2791 Nun·
2633 2773 2648 2790 ¹·

1421 2809 1510 2850 quod
1527 2809 1692 2849 persistere
1715 2809 1746 2840 in
1773 2809 1928 2840 sententia
1943 2809 2024 2840 bene
2048 2809 2212 2849 operando
2235 2815 2291 2840 aut
2309 2808 2432 2840 malum
2449 2808 2493 2839 vi-

1421 2854 1531 2890 tando,
1548 2853 1704 2894 contingit
1721 2853 1897 2894 dupliciter.
1924 2853 1998 2885 Uno
2015 2854 2127 2890 modo,
2143 2863 2180 2884 ex
2201 2853 2386 2894 conditione
2405 2853 2493 2884 habi-

1421 2906 1472 2930 tus
1489 2898 1668 2939 operantis:
1699 2906 1728 2930 et
1752 2898 1796 2929 sic
1812 2898 1982 2939 persistens
1999 2908 2066 2929 non
2082 2906 2129 2930 est
2152 2907 2364 2939 perseverans,
2381 2907 2494 2929 secun—

1421 2944 1500 2974 dum
1514 2946 1700 2975 Auctorem.
1725 2943 1799 2974 Alio
1816 2943 1927 2979 modo,
1945 2953 1982 2974 ex
1998 2943 2164 2984 principali
2181 2942 2366 2974 intentione.
2391 2941 2432 2973 Et
2448 2941 2493 2974 sic

1421 2988 1590 3028 persistens
1607 2995 1653 3019 est
1670 2996 1887 3028 perseverans:
1911 2987 2067 3029 quoniam
2085 2987 2128 3019 sic
2144 2987 2309 3028 persistere
2325 2986 2493 3018 intendens

1421 3033 1537 3064 directe
1561 3033 1696 3064 intendit
1715 3032 1825 3064 tandiu
1841 3032 1984 3063 insistere
1999 3032 2143 3074 quandiu
2161 3039 2298 3073 oportet.
2316 3031 2389 3062 Hoc
2406 3031 2490 3063 euim

1421 3077 1574 3118 importat
1599 3078 1630 3119 ly
1660 3078 1869 3118 per-sistere;
1896 3077 1978 3108 sicut
2006 3077 2220 3118 per-vigilare
2248 3083 2295 3107 est
2323 3086 2425 3117 usque
2453 3076 2492 3108 ad

1421 3121 1517 3153 finem
1535 3122 1675 3162 vigilare.
1701 3122 1793 3153 Unde
1811 3131 1886 3153 cum
1903 3121 2018 3152 dicitur
2033 3121 2122 3162 quod
2139 3127 2227 3152 actus
2243 3120 2493 3162 perseverantiae

1422 3174 1468 3198 est
1496 3166 1661 3207 persistere
1690 3166 1722 3197 in
1751 3166 1906 3198 sententia
1935 3175 2009 3197 cum
2040 3165 2236 3202 executione,
2266 3175 2332 3196 non
2365 3172 2494 3206 oportet

1422 3212 1536 3242 addere
1551 3217 1665 3242 contra
1683 3212 1846 3243 molestias
1864 3211 2107 3242 diuturnitatis:
2130 3210 2286 3251 quoniam
2302 3210 2408 3250 ipsum
2425 3219 2494 3251 per-

1422 3256 1530 3287 sistere
1554 3257 1616 3287 hoc
1632 3256 1794 3296 importat,
1820 3255 1937 3286 scilicet
1952 3255 2052 3295 quod,
2070 3254 2095 3285 si
2113 3261 2159 3285 est
2179 3254 2295 3285 directe
2320 3254 2490 3291 intentum,

1422 3307 1549 3341 superet
1573 3300 1755 3332 molestiam
1779 3299 1970 3331 causabilem
1995 3309 2012 3329 a
2036 3299 2253 3330 diuturnitate.
2270 3317 2291 3322 -
2307 3299 2348 3330 Et
2366 3309 2440 3331 cum
2457 3309 2494 3330 ex

1422 3345 1483 3376 hoc
1509 3345 1650 3382 infertur,
1676 3345 1761 3385 Ergo
1786 3343 1958 3385 pertinacia
1982 3343 2232 3384 perseverantiae
2256 3344 2405 3384 opposita
2427 3354 2493 3374 non

1421 3397 1468 3421 est
1481 3390 1540 3420 nisi
1553 3389 1648 3420 nimis
1661 3388 1807 3429 persistat
1818 3394 1927 3419 contra
1941 3387 2156 3419 diuturnitatis
2169 3388 2344 3419 molestias:
2363 3395 2495 3429 negatur

1422 3435 1566 3475 sequela:
1592 3434 1646 3464 sed
1671 3432 1786 3463 sufficit
1810 3433 1899 3473 quod
1925 3432 2018 3462 nimis
2042 3443 2078 3463 ex
2099 3433 2275 3464 intentione
2299 3433 2444 3473 persistat
2460 3432 2492 3463 in

1421 3477 1585 3514 sententia,
1619 3478 1845 3518 undecumque
1875 3477 1936 3508 hoc
1968 3477 2103 3514 accidat;
2132 3478 2213 3509 sicut
2242 3477 2358 3509 sufficit
2384 3478 2423 3508 ad
2447 3477 2493 3508 in-

1422 3529 1633 3563 temperatum
1658 3522 1748 3562 quod
1771 3521 1900 3553 excedat
1924 3521 1956 3552 in
1977 3522 2240 3554 delectationibus
2264 3528 2375 3558 tactus,
2393 3521 2494 3553 unde-

1422 3576 1561 3607 cumque
1585 3566 1625 3597 ad
1650 3565 1710 3597 hoc
1740 3566 1859 3602 veniat;
1886 3574 1962 3607 puta
1988 3577 2024 3597 ex
2048 3566 2186 3603 avaritia,
2205 3574 2240 3598 ut
2263 3566 2419 3603 meretrix,
2443 3565 2492 3596 vel

1422 3621 1459 3641 ex
1482 3610 1629 3647 vindicta,
1647 3617 1682 3641 ut
1699 3611 1831 3646 occisor,
1849 3618 1908 3642 etc.
1935 3611 1974 3642 Et
1992 3611 2070 3642 ratio
2088 3618 2135 3642 est
2150 3611 2226 3653 quia
2242 3612 2281 3641 ad
2297 3610 2491 3652 positionem

1421 3654 1486 3686 vitii
1505 3654 1638 3686 alicuius
1655 3665 1720 3686 non
1738 3655 1908 3696 requiritur
1926 3656 2015 3696 quod
2036 3655 2216 3697 principalis
2235 3654 2370 3687 intentio
2391 3654 2494 3685 homi-
