2768 4198
67 537 77 545 ⁸
87 535 144 562 Cap.
155 540 205 559 1111,
217 539 280 561 n.19‚

67 567 105 609 ἔτί..
114 573 125 577 -
136 561 159 583 S.
173 560 216 582 Th.
228 560 279 581 lect.

68 720 78 729 '⁴
93 718 148 745 Cap.
165 724 184 739 v.

68 823 150 872 §.⁰422
163 829 224 871 ‚vet-
231 829 279 871 313.ss

65 1257 76 1267 ⁸
89 1257 139 1277 Art.
155 1255 257 1283 praeced.

66 1690 76 1700 ⁸
94 1689 150 1716 Cap.
169 1695 194 1715 v,
214 1694 236 1709 n.
258 1695 277 1711 1:

65 1722 84 1737 s.
99 1715 144 1737 Th.
159 1716 210 1736 lect.
226 1721 276 1736 ¹111.

66 1741 121 1764 -Cf.
137 1742 176 1763 lib.
187 1741 215 1769 11,
226 1748 252 1763 ca
271 1758 276 1762 .

65 1774 103 1794 vn,
115 1775 136 1790 n.
149 1775 184 1794 10;
200 1774 218 1789 s.
231 1768 252 1790 T
271 1785 276 1789 .

64 1796 115 1817 lect.
131 1802 160 1816 tx.

305 314 380 351 268

359 394 587 429 RESPONDEO
619 401 804 428 memnon
842 387 948 436 quod
985 386 1079 423 ratio
1117 385 1264 421 virtutis
1293 396 1376 420 mo-

307 446 394 484 ralis
423 445 592 482 consistit
619 444 658 480 in
686 444 761 480 hoc
789 441 894 490 quod
914 439 1102 488 appetitus
1122 437 1257 474 rationi
1286 438 1375 473 sub-

309 502 416 538 datur
436 504 473 535 ²:
502 506 544 534 ut
571 505 673 547 patet
700 508 769 544 per
797 493 1087 541 Philosophum,
1116 491 1155 528 in
1185 491 1338 527 IEthic.
1355 489 1374 511 ³¹⁴

308 554 394 589 Hoc
422 559 550 588 autem
579 557 750 587 servatur
777 555 854 584 tam
883 546 920 582 in
950 544 1151 582 clementia
1185 555 1302 591 quarn
1335 543 1374 580 in

308 604 619 643 mansuetudine:
662 614 752 639 nam
796 598 996 636 clementia
1034 598 1073 634 in
1122 596 1373 634 diminuendo

307 671 451 708 poenas
479 657 611 705 aspicit
636 655 687 691 ad
720 654 920 697 rationem,
951 659 992 688 ut
1021 651 1168 687 Seneca
1202 650 1305 696 dicit,
1335 650 1374 686 in

308 714 339 749 II
362 713 406 748 de
431 710 544 748 Clem.
565 709 605 755 *;
635 707 802 744 similiter
822 706 935 742 etiam
956 703 1212 741 mansuetudo
1241 715 1374 741 secun-

307 766 400 802 dum
430 763 615 800 rationem
635 767 777 797 rectam
806 758 1027 795 moderatur
1055 757 1140 804 iras,
1170 765 1211 793 ut
1240 757 1375 794 dicitur

306 819 343 855 in
374 818 424 854 IV
450 816 569 853 Ethic.
589 814 609 835 ’¹‘
637 812 747 850 Unde
782 811 1026 849 manifestum
1065 819 1121 848 est
1156 810 1262 858 quod
1294 818 1372 847 tam

306 870 506 908 clementia
535 879 649 916 quam
678 865 934 903 mansuetudo
963 872 1019 902 est
1047 865 1179 902 virtus.

357 925 416 960 Ao
445 933 583 959 PRtMUM
616 931 714 957 ERGO
747 931 934 956 mcaNDuM
971 918 1077 966 quod
1116 916 1373 955 mansuetudo

304 989 382 1014 non
411 976 551 1012 directe
585 972 793 1023 opponitur
820 972 1028 1010 severitati:
1066 983 1157 1009 nam
1195 983 1375 1008 mansue-

303 1029 396 1067 tudo
435 1036 490 1065 est
526 1028 624 1064 circa
661 1027 756 1073 iras,
787 1026 968 1063 severitas
1005 1033 1134 1063 autem
1172 1024 1375 1062 attenditur

304 1083 403 1120 circa
424 1081 649 1119 exteriorem
670 1080 920 1118 inflictionem
935 1091 1164 1129 poenarum.
1186 1078 1297 1116 Unde
1318 1090 1375 1115 se-

304 1137 473 1174 cundum
493 1136 579 1183 hoc,
599 1134 793 1172 videretur
820 1133 940 1181 magis
965 1132 1109 1182 opponi
1139 1132 1374 1180 clementiae,

304 1202 402 1239 quae
431 1189 545 1226 etiarn
576 1188 675 1226 circa
712 1187 937 1224 exteriorem
976 1186 1215 1235 punitionem
1254 1185 1375 1222 consi-

304 1244 468 1290 deratur,
497 1250 539 1279 ut
568 1242 711 1279 dictum
740 1249 795 1278 est
814 1241 844 1277 ³¹⁶.
877 1241 968 1277 Non
996 1248 1126 1277 tamen
1146 1239 1373 1288 opponitur:

305 1310 351 1335 eo
382 1296 488 1344 quod
515 1303 722 1344 utrumque
759 1302 815 1331 est
851 1294 1064 1331 secundum
1103 1293 1289 1330 rationem
1319 1305 1375 1330 re-

305 1359 416 1388 ctam.
452 1350 556 1386 Nam
590 1348 773 1386 severitas
809 1347 1024 1385 inflexibilis
1063 1355 1119 1384 est
1147 1347 1246 1384 circa
1278 1346 1373 1383 infli-

304 1404 470 1442 ctionem
500 1414 713 1452 poenarum
752 1401 909 1450 quando
944 1402 1019 1438 hoc
1048 1408 1148 1438 recta
1185 1399 1279 1437 ratio
1318 1412 1374 1437 re—

303 1457 435 1507 quirit:
468 1456 668 1493 clementia
688 1462 816 1492 autem
838 1454 1064 1492 diminutiva
1085 1462 1140 1491 est
1158 1465 1374 1503 poenarum

305 1511 419 1548 etiam
441 1511 653 1548 secundum
673 1509 860 1546 rationem
881 1516 1036 1555 rectam,
1057 1508 1214 1556 quando
1236 1507 1377 1544 scilicet

305 1572 467 1614 oportet,
498 1571 534 1600 et
562 1563 600 1600 in
629 1562 766 1612 quibus
796 1569 957 1611 oportet.
988 1562 1037 1599 Et
1064 1561 1152 1599 ideo
1182 1573 1259 1598 non
1289 1568 1376 1598 sunt

305 1617 503 1667 opposita:
532 1617 622 1666 quia
650 1629 728 1654 non
757 1623 844 1652 sunt
873 1615 971 1652 circa
998 1615 1114 1652 idem.

358 1674 418 1708 AD
446 1682 637 1708 SECUNDUM
673 1681 858 1706 mcENDUM
887 1668 1009 1717 quod,
1041 1668 1254 1705 secundum
1289 1667 1376 1704 Phi-

304 1725 532 1774 losophum,
563 1724 601 1760 in
631 1724 682 1760 IV
714 1723 834 1760 Ethic.
855 1722 895 1768 *,
925 1722 1073 1759 habitus
1108 1722 1174 1770 qui
1209 1721 1373 1758 medium

304 1784 401 1816 tenet
428 1779 464 1815 in
494 1778 572 1823 ira,
602 1782 656 1813 est
682 1776 962 1819 innominatus‚·
990 1781 1027 1811 et
1051 1775 1133 1812 ideo
1163 1775 1281 1811 virtus
1309 1787 1375 1811 no-

356 1944 383 1975 α)
403 1943 542 1969 subdatur.
556 1956 574 1961 -
592 1942 717 1967 subditur
736 1941 864 1966 BFGHK.

990 306 1259 355 QUAESTIO
1289 305 1443 352 CLVII,
1474 305 1773 342 ARTICULUS
1803 306 1833 341 II

1430 385 1600 421 minatur
1626 395 1651 420 a
1679 384 1925 422 diminutione
1943 384 2036 431 irae,
2056 396 2155 433 quae
2178 386 2418 436 significatur
2435 398 2501 423 no-

1430 437 1531 474 mine
1559 437 1876 474 mansuetudinis.-
1905 450 1952 474 eo
1982 438 2087 487 quod
2106 438 2226 476 virtus
2249 439 2502 489 propinquior

1431 497 1486 526 est
1515 489 1756 527 diminutioni
1785 503 1902 539 quam
1931 492 2317 540 superabundantiae,
2346 500 2503 542 propter

1429 543 1504 580 hoc
1533 543 1640 591 quod
1668 543 1875 581 naturalius
1905 552 1960 581 est
1987 545 2135 582 homini
2170 553 2350 595 appetere
2378 546 2502 584 vindi-

1431 604 1531 633 ctam
1561 596 1784 634 iniuriarum
1805 597 1992 634 illatarum
2014 610 2131 646 quam
2151 600 2200 636 ab
2219 600 2295 636 hoc
2316 600 2500 646 deficere;

1430 650 1519 698 quia
1553 650 1621 686 vix
1658 650 1774 687 alicui
1806 651 1918 687 nimis
1946 663 2094 701 parvae
2129 653 2303 690 videntur
2339 653 2502 690 iniuriae

1428 703 1500 740 sibi
1525 702 1671 748 illatae,
1699 712 1742 740 ut
1770 703 1858 740 dicit
1886 704 2084 741 Sallustius
2102 705 2133 743 ²⁸.

1484 757 1697 793 Clementia
1716 764 1845 794 autem
1861 764 1917 794 est
1932 757 2158 795 diminutiva
2175 771 2404 808 poenarum,
2422 772 2500 797 non

1429 809 1587 858 quidem
1617 809 1654 846 in
1675 818 1852 859 respectu
1880 810 1930 848 ad
1947 810 1986 848 id
2006 811 2112 859 quod
2133 819 2190 849 est
2208 813 2422 850 secundum
2443 826 2500 850 ra-

1428 863 1574 900 tionem
1603 870 1764 910 rectam,
1794 863 1862 900 sed
1891 864 1930 901 in
1957 873 2133 914 respectu
2161 865 2210 902 ad
2246 865 2285 903 id
2313 867 2419 915 quod
2446 874 2502 904 est

1429 917 1643 954 secundum
1672 917 1796 965 legem
1826 929 2089 966 communem,
2119 930 2237 967 quam
2265 919 2417 969 respicit
2447 920 2502 957 iu-

1429 970 1526 1008 stitia
1555 969 1704 1018 legalis:
1736 970 1804 1007 sed
1823 977 1980 1020 propter
2000 971 2127 1020 aliqua
2145 971 2386 1020 particularia
2411 986 2501 1011 con-

1429 1024 1604 1071 siderata,
1626 1024 1828 1061 clementia
1850 1023 2024 1062 diminuit
2051 1037 2210 1074 poenas,
2234 1026 2344 1074 quasi
2372 1027 2501 1065 decer-

1429 1090 1524 1115 nens
1543 1077 1741 1115 hominem
1763 1090 1842 1115 non
1864 1090 1946 1116 esse
1966 1077 2088 1126 magis
2106 1078 2359 1128 puniendum.
2388 1081 2502 1119 Unde

1430 1132 1519 1169 dicit
1557 1132 1722 1179 Seneca,
1753 1131 1791 1168 in
1828 1132 1858 1168 11
1893 1132 1940 1168 de
1971 1131 2088 1171 Clem.
2113 1131 2150 1168 *τ
2189 1132 2394 1171 Clementia
2431 1135 2504 1172 hoc

1423 1186 1595 1234 primum
1618 1190 1799 1233 praestat,
1830 1191 1870 1221 ut
1896 1197 1989 1234 quos
2008 1186 2166 1231 dimittit,
2188 1186 2281 1223 nihil
2297 1186 2403 1224 aliud
2421 1187 2503 1225 illos

1424 1239 1509 1289 pati
1534 1239 1703 1276 debuisse
1715 1239 1962 1287 pronuntiat:
1989 1239 2101 1276 venia
2130 1250 2221 1276 vero
2244 1240 2389 1278 debitae
2410 1251 2502 1289 poe-

1430 1305 1502 1330 nae
1531 1292 1699 1329 remissio
1728 1298 1791 1329 est.
1826 1293 1884 1329 Ex
1917 1305 1995 1341 quo
2025 1300 2129 1341 patet
2156 1293 2264 1341 quod
2302 1293 2503 1332 clementia

1430 1354 1674 1395 comparatur
1689 1346 1738 1383 ad
1758 1346 1998 1383 severitatem
2015 1346 2110 1383 sicut
2131 1346 2313 1395 epieikeia
2331 1348 2382 1386 ad
2400 1347 2503 1385 iusti-

1429 1400 1521 1437 tiam
1541 1400 1715 1448 legalem,
1732 1399 1839 1436 cuius
1858 1412 1947 1448 pars
1967 1407 2023 1440 est
2047 1400 2230 1438 severitas
2249 1408 2433 1449 quantum
2453 1401 2503 1440 ad

1428 1453 1679 1491 inflictionem
1706 1465 1923 1502 poenarum
1957 1454 2172 1491 secundum
2196 1455 2332 1502 legem.
2367 1454 2504 1492 Differt

1429 1515 1557 1545 tamen
1586 1507 1786 1543 clementia
1814 1507 1862 1544 ab
1887 1506 2081 1556 epieikeia,
2110 1515 2152 1544 ut
2180 1507 2277 1545 infra
2294 1507 2315 1529 ‘¹‘
2344 1507 2502 1546 dicetur.

1483 1562 1541 1597 AD
1569 1572 1731 1597 TERTluM
1764 1572 1950 1598 met-:nuum
1984 1561 2090 1610 quod
2127 1561 2379 1600 beatitudines
2416 1570 2505 1600 sunt

1428 1621 1535 1651 actus
1563 1613 1760 1662 virtutum,
1789 1614 1932 1651 fructus
1960 1622 2090 1652 autem
2120 1622 2207 1652 sunt
2231 1615 2504 1654 delectationes

1429 1668 1477 1705 de
1506 1667 1652 1704 actibus
1675 1667 1871 1705 virtutum.
1902 1668 1952 1704 Et
1970 1668 2058 1705 ideo
2078 1668 2170 1706 nihil
2198 1669 2376 1718 prohibet
2394 1681 2502 1707 man-

1429 1721 1689 1810 {uemdineml
1700 1720 1793 1770 poni
1823 1728 1859 1758 et
1886 1721 2066 1759 virtutem
2096 1730 2133 1760 et
2161 1722 2436 1760 beatitudinem
2465 1730 2502 1760 et

1445 1781 1607 1811 ructum.
1708 1801 1741 1808 x

984 2046 1320 2098 Commentariis
1342 2045 1596 2079 cardinalis
1618 2046 1823 2079 Caietam

332 2159 352 2179 N
376 2147 508 2178 articulo
533 2146 674 2177 secundo
698 2145 842 2176 eiusdem
857 2144 1064 2186 quaestionis,
1083 2144 1220 2175 dubium
1236 2143 1374 2175 occurrit

306 2161 413 2224 Icirca
429 2190 670 2232 responsionem
687 2191 726 2220 ad
743 2189 894 2231 primum,
912 2199 970 2230 pro
988 2196 1110 2230 quanto
1127 2189 1269 2220 redditur
1292 2188 1372 2220 ratio

301 2237 345 2268 ibi
368 2246 464 2278 quare
489 2235 634 2266 severitas
659 2241 690 2266 et
713 2234 879 2265 clementia
908 2244 974 2265 non
1003 2241 1078 2265 sunt
1106 2233 1270 2275 opposita,
1296 2234 1373 2275 quia

303 2292 365 2313 non
389 2286 464 2312 sunt
487 2282 573 2312 circa
597 2280 689 2310 idem.
715 2279 848 2310 Videtur
867 2279 953 2309 enim
968 2279 1030 2310 hoc
1046 2289 1113 2310 esse
1129 2278 1256 2309 falsum.
1282 2278 1372 2315 Quo-

303 2326 390 2357 niam
414 2332 547 2366 utraque
565 2332 611 2355 est
627 2324 706 2355 circa
729 2324 927 2365 punitiones:
954 2325 1008 2354 sed
1025 2323 1172 2355 severitas
1196 2322 1373 2354 inflexibili·
1398 2356 1400 2361 ¹

302 2378 358 2407 ter,
379 2370 545 2401 clementia
560 2368 743 2400 flexibiliter.
768 2369 850 2400 Male
870 2379 945 2410 ergo
966 2368 1080 2400 dicitur
1103 2369 1193 2409 quod
1212 2378 1279 2398 non
1299 2374 1374 2398 sunt

1398 2408 1400 2453 ]
1428 2413 1483 2444 sed
1506 2413 1638 2454 quando
1662 2419 1790 2454 oportet
1813 2413 1968 2451 minuere,
1984 2424 2051 2445 non
2076 2421 2204 2456 oportet
2226 2415 2346 2456 integre
2369 2417 2502 2457 punire,

360 2460 396 2490 ΙΙ.
414 2459 465 2490 Ad
483 2459 544 2489 hoc
568 2458 682 2489 dicitur
693 2458 791 2498 quod,
805 2457 877 2489 licet
900 2458 1047 2489 severitas
1071 2465 1101 2489 et
1125 2457 1292 2489 clementia
1312 2456 1374 2487 sint
1398 2465 1400 2499 g

304 2415 384 2449 circa
407 2415 501 2445 idem.

304 2504 384 2535 circa
395 2504 480 2534 idem
492 2510 622 2540 remote,
637 2512 702 2533 non
715 2509 820 2533 tamen
833 2510 907 2534 sunt
922 2502 1000 2534 circa
1013 2502 1097 2534 idem
1112 2502 1264 2543 proxime.
1283 2501 1373 2540 Quo-

304 2637 379 2668 teria
403 2644 449 2667 est
473 2647 576 2677 poena
600 2643 635 2667 ut
658 2636 874 2668 diminuenda.
906 2636 1060 2668 Severitas
1084 2646 1159 2667 vero
1188 2636 1303 2667 directe
1327 2642 1373 2666 est

303 2682 383 2713 circa
399 2681 501 2722 ipsam
516 2681 723 2712 inflictionem
739 2681 877 2721 integrae
898 2691 1035 2721 poenae:
1061 2681 1103 2713 ita
1119 2682 1208 2723 quod
1224 2680 1373 2721 proprius
1398 2715 1399 2718 Ἰ

304 2727 370 2757 eius
394 2734 481 2756 actus
505 2733 551 2756 est
574 2725 713 2766 infligere
737 2725 890 2766 integram
914 2736 1062 2766 poenam,
1082 2732 1112 2757 et
1135 2725 1265 2766 propria
1287 2725 1372 2756 illius
1398 2721 1399 2735 ³

304 2770 432 2802 materia
449 2778 495 2801 est
511 2780 614 2811 poena
631 2777 665 2800 ut
682 2770 800 2810 integre
817 2770 987 2811 infligenda
1003 2769 1108 2812 (quod
1130 2772 1252 2802 Auctor
1270 2770 1303 2800 in
1324 2769 1372 2800 lit·
1397 2790 1399 2797 ⁴

305 2823 369 2846 tera
389 2814 574 2855 significavit
595 2824 651 2854 per
667 2815 872 2854 inflictionem
889 2825 1025 2856 poenae,
1042 2815 1163 2856 absque
1185 2814 1372 2857 additione).
1398 2851 1399 2856 ¹

304 2860 345 2890 Et
368 2859 410 2890 sic
434 2866 519 2899 patet
542 2860 630 2900 quod
662 2869 734 2890 vera
757 2859 878 2890 reddita
901 2867 947 2890 est
976 2860 1055 2891 ratio
1080 2869 1178 2901 quare
1209 2869 1274 2890 non
1299 2866 1373 2890 sunt

306 2903 463 2944 opposita,
479 2905 554 2944 quia
579 2914 641 2934 non
665 2909 741 2934 sunt
764 2905 850 2935 circa
875 2905 968 2935 idem.

361 2948 421 2978 Sed
446 2948 609 2988 responsio
641 2948 717 2978 haec
749 2948 826 2978 nihil
853 2949 946 2980 valet.
978 2949 1159 2986 Quoniam,
1186 2949 1248 2980 isto
1273 2949 1373 2979 modo

306 2993 504 3032 exponendo,
529 3002 695 3032 nunquam
718 2993 816 3023 virtus
840 3000 870 3024 et
893 2993 1007 3024 vitium
1032 3000 1135 3024 essent
1164 2993 1244 3024 circa
1267 2993 1371 3023 idem:
1398 3003 1399 3014 ³

306 3037 461 3077 quoniam
483 3043 570 3067 actus
594 3036 716 3068 virtutis
739 3047 864 3077 semper
887 3045 934 3068 est
957 3038 1043 3069 aliud
1068 3038 1107 3068 ab
1131 3044 1204 3068 actu
1227 3037 1305 3069 vitii.

307 3169 387 3199 tium
404 3169 574 3200 deformat:
600 3170 890 3210 concupiscentiam
906 3171 993 3202 enim
1012 3170 1257 3207 delectabilium,
1275 3181 1373 3212 quam

1426 2154 1606 2184 poenarum
1630 2144 1772 2186 quando,
1793 2144 1858 2182 ubi,
1879 2144 1970 2183 sicut,
1986 2152 2056 2183 etc„
2073 2152 2211 2187 oportet,
2231 2154 2277 2179 est
2301 2147 2382 2179 circa
2404 2158 2504 2190 quam

1427 2195 1474 2220 est
1490 2189 1648 2220 severitas.
1673 2189 1762 2220 Licet
1785 2199 1860 2230 ergo
1877 2190 2021 2222 minuere
2037 2201 2176 2231 poenam
2201 2198 2232 2223 et
2254 2191 2374 2233 integre
2390 2193 2504 2234 punire

1427 2233 1573 2265 absolute
1597 2241 1821 2275 opponantur,
1846 2241 1877 2265 et
1900 2234 1980 2266 circa
2004 2235 2090 2266 idem
2119 2235 2200 2274 sint;
2224 2236 2370 2268 minuere
2395 2245 2503 2271 tamen

1427 2279 1570 2319 quando,
1582 2277 1647 2315 ubi,
1661 2285 1732 2315 etc„
1746 2285 1883 2320 oportet,
1897 2286 1928 2311 et
1939 2279 2059 2321 integre
2070 2280 2185 2321 punire
2197 2282 2340 2323 quando,
2353 2282 2419 2320 ubi,
2432 2291 2502 2321 etc„

1427 2330 1567 2364 oportet,
1583 2323 1643 2354 sibi
1666 2322 1803 2354 invicem
1823 2331 2011 2361 consonant,
2029 2331 2060 2356 et
2082 2335 2150 2356 non
2173 2334 2402 2367 opponuntur:
2426 2328 2502 2370 quia

1427 2367 1515 2399 idem
1537 2378 1605 2399 non
1629 2375 1676 2399 est
1707 2368 1788 2399 circa
1811 2369 1902 2410 quod
1926 2375 2101 2411 utrumque
2124 2376 2171 2401 est
2197 2372 2329 2412 quando
2358 2380 2501 2413 opor-ten

1428 2464 1459 2489 et
1482 2457 1614 2499 quando
1645 2464 1773 2498 oportet
1802 2457 1923 2499 integre
1945 2459 2076 2499 punire,
2103 2467 2323 2503 nonroportet
2346 2461 2501 2494 minuere.

1428 2502 1515 2540 Quia
1537 2512 1613 2543 ergo
1638 2512 1704 2533 non
1728 2508 1803 2534 sunt
1822 2502 1990 2534 clementia
2013 2510 2044 2534 et
2067 2503 2214 2536 severitas
2230 2504 2311 2536 circa
2333 2505 2419 2537 idem
2443 2517 2502 2548 pu-

304 2549 390 2579 niam
414 2547 579 2579 clementia
602 2547 716 2578 directe
731 2554 778 2578 est
801 2547 880 2578 circa
903 2547 1154 2578 diminutionem
1173 2554 1371 2587 poenarum:
1398 2551 1400 2583 ζ

303 2593 345 2624 ita
369 2593 457 2634 quod
473 2592 620 2633 proprius
645 2591 711 2622 eius
735 2598 822 2622 actus
839 2599 885 2623 est
909 2591 1090 2629 diminutio,
1108 2599 1139 2623 et
1162 2591 1290 2632 propria
1307 2601 1372 2622 ma·
1398 2599 1399 2619 ;

1427 2546 1524 2578 nibile
1547 2546 1732 2584 formaliter,
1749 2546 1812 2578 hoc
1835 2554 1882 2579 est
1904 2547 1937 2578 in
1961 2548 2072 2579 ordine
2096 2549 2136 2579 ad
2158 2549 2325 2586 rationem,
2343 2557 2379 2582 ut
2402 2551 2503 2583 mani-

1427 2591 1579 2623 festatum
1602 2598 1658 2628 est,
1674 2591 1747 2622 ideo
1772 2601 1838 2622 non
1862 2599 1937 2623 sunt
1953 2593 2111 2634 opposita.
2137 2593 2178 2624 Et
2201 2593 2263 2625 hoc
2287 2601 2334 2625 est
2356 2596 2447 2636 quod
2469 2596 2503 2628 in

1426 2637 1529 2669 littera
1552 2635 1735 2677 explicatur,
1754 2643 1790 2667 ut
1813 2643 1899 2677 patet
1921 2637 2067 2668 intuenti.

1485 2682 1536 2713 IV.
1558 2682 1594 2712 In
1610 2681 1724 2711 eodem
1737 2681 1881 2718 articulo,
1895 2681 1927 2712 in
1944 2682 2152 2722 responsione
2168 2683 2209 2714 ad
2225 2684 2413 2722 secundum,
2427 2692 2503 2717 nota

1427 2727 1504 2757 duo.
1529 2726 1648 2762 Primo,
1665 2726 1754 2767 quod
1778 2726 1851 2757 licet
1873 2726 1972 2757 virtus
1996 2727 2035 2757 sit
2054 2727 2206 2768 perfectio
2230 2729 2388 2769 quaedam
2411 2736 2502 2761 natu-

1427 2771 1499 2802 ralis
1523 2770 1757 2807 inclinationis»,
1780 2779 1862 2811 quae
1887 2778 1935 2802 est
1961 2772 2140 2802 secundum
2171 2772 2344 2810 rationem,
2370 2774 2503 2806 nomina

1426 2823 1533 2846 tamen
1550 2815 1705 2846 virtutum
1729 2814 1910 2846 invenimus
1926 2816 2044 2856 pluries
2068 2816 2218 2856 imposita
2242 2827 2259 2847 a
2283 2817 2446 2849 contrariis
2462 2819 2503 2849 ad

1398 2857 1399 2891 ἶ
1427 2860 1585 2891 naturales
1608 2859 1846 2896 inclinationes,
1871 2867 2039 2902 propterea
2063 2861 2138 2901 quia
2161 2861 2277 2892 talibus
2305 2862 2502 2894 naturalibus

1398 2924 1399 2947 ᾗ
1426 2904 1686 2936 inclinationibus
1710 2904 1925 2936 communiter
1948 2905 2121 2944 abutimur,
2142 2912 2173 2936 et
2195 2913 2363 2947 propterea
2387 2914 2503 2939 sonant

1427 2949 1506 2991 quid
1530 2949 1699 2980 vitiosum:
1726 2956 1761 2980 ut
1785 2956 1871 2990 patet
1893 2950 1932 2980 de
1957 2950 2174 2991 temperantia,
2198 2960 2281 2992 quae
2305 2961 2323 2981 a
2346 2958 2502 2992 tempera-

1427 3001 1537 3025 mento
1563 2993 1713 3024 naturalis
1737 2994 2012 3034 concupiscentiae
2036 2995 2076 3025 ad
2099 2995 2277 3026 secundum
2300 3002 2422 3028 tactum
2446 2996 2501 3028 de-

1398 3068 1400 3082 ,
1426 3038 1582 3070 lectabilia
1598 3038 1680 3069 dicta
1697 3045 1752 3069 est.
1773 3038 1814 3070 Et
1830 3038 1932 3070 simile
1947 3039 2027 3080 quid
2042 3039 2156 3071 accidit
2169 3039 2204 3070 in
2218 3039 2396 3080 proposito.
2417 3041 2501 3072 Nam

362 3081 414 3111 ΙΙΙ.
431 3080 612 3112 Dicendum
629 3088 674 3112 est
698 3091 772 3121 ergo
787 3082 877 3123 quod
892 3082 991 3113 virtus
1008 3089 1039 3113 et
1055 3082 1168 3113 vitium
1185 3081 1374 3122 oppositum

307 3131 380 3155 sunt
403 3124 481 3156 circa
504 3125 589 3155 idem
613 3125 656 3156 sic
679 3127 768 3166 quod
792 3133 879 3157 actus
903 3137 1001 3168 quem
1024 3127 1122 3158 virtus
1146 3126 1306 3163 informat,
1328 3126 1373 3157 vi-
1399 3134 1400 3139 ¹

1427 3083 1509 3114 sicut
1532 3082 1790 3124 concupiscentia
1819 3083 1952 3114 carnalis
1975 3090 2068 3115 sonat
2091 3083 2170 3125 quid
2192 3084 2331 3121 malum,
2354 3085 2502 3126 quamvis

1428 3128 1467 3158 sit
1491 3127 1658 3165 naturalis;
1679 3127 1722 3158 ita
1745 3127 1790 3158 ira
1821 3127 1944 3159 malum
1968 3135 2070 3165 sonat,
2092 3128 2238 3169 quamvis
2267 3129 2428 3161 naturalis.
2460 3130 2502 3161 Et

1428 3179 1596 3213 propterea
1618 3172 1719 3203 virtus
1743 3182 1761 3202 a
1785 3171 1910 3203 defectu
1940 3172 2004 3203 irae
2027 3182 2148 3204 nomen
2171 3172 2308 3214 accepit:
2333 3183 2400 3205 non
2424 3174 2501 3216 quia

308 3214 512 3253 temperantia
536 3214 727 3251 moderatur,
752 3215 995 3256 intemperantia
1019 3223 1102 3247 extra
1126 3215 1257 3246 rationis
1274 3222 1373 3247 metas
1398 3225 1401 3259 ι
1427 3216 1527 3247 virtus
1551 3223 1661 3247 contra
1685 3223 1816 3248 naturae
1839 3216 1879 3248 sit
1901 3215 2151 3254 inclinationem,
2175 3217 2230 3248 sed
2253 3224 2384 3258 propter
2407 3218 2501 3251 ratio-

309 3257 414 3296 ponit;
435 3265 465 3288 et
481 3258 523 3289 sic
540 3259 578 3289 de
598 3258 675 3290 aliis.
696 3260 770 3290 Non
787 3260 831 3290 sic
848 3268 955 3291 autem
972 3267 1018 3291 est
1034 3261 1067 3291 in
1083 3259 1261 3301 proposito.
1283 3260 1374 3298 Quo·
1399 3266 1401 3300 ζ
1429 3271 1503 3292 nem
1526 3261 1653 3292 dictam.

310 3300 397 3330 niam
413 3302 581 3334 diminutio
598 3313 775 3343 poenarum
796 3314 894 3344 quam
914 3305 1081 3336 clementia
1096 3304 1198 3345 ponit,
1212 3315 1278 3335 non
1290 3305 1375 3336 tolli-
1399 3302 1401 3317 ²

1484 3306 1568 3336 Nota
1592 3305 1745 3342 secundo,
1762 3304 1970 3336 differentiam
1984 3305 2066 3336 inter
2085 3305 2284 3337 clementiam
2302 3314 2334 3338 et
2356 3309 2503 3339 veniam:

310 3350 361 3374 tur
384 3355 438 3384 per
454 3347 665 3383 severitatem3
691 3354 721 3378 et
736 3348 878 3380 similiter
896 3349 1057 3390 integritas
1080 3359 1260 3390 poenarum
1275 3359 1374 3391 quam
1399 3352 1401 3390 Ῑ
1429 3350 1519 3391 quod
1542 3350 1709 3381 clementia
1732 3359 1799 3381 non
1823 3355 1869 3381 est
1891 3348 2054 3380 remissiva
2078 3359 2202 3390 poenae
2226 3351 2359 3389 debitae,
2376 3353 2431 3383 sed
2455 3358 2502 3384 est

311 3389 454 3419 severitas
478 3391 578 3430 ponit,
595 3401 651 3431 per
669 3392 868 3423 clementiam
894 3403 959 3424 non
985 3393 1148 3425 minuitur.
1174 3394 1215 3424 Et
1237 3393 1317 3425 ratio
1341 3394 1374 3425 in

310 3431 410 3482 littera
434 3433 620 3483 assignatur:
645 3436 719 3476 quia
739 3436 908 3468 diminutio
933 3448 998 3468 non
1018 3437 1303 3480 qualitercumque,
1319 3439 1375 3469 sed

311 3483 420 3507 vestita
437 3479 686 3515 c1rcumstantiis,
703 3480 819 3511 scilicet
842 3483 982 3522 quando,
1002 3482 1065 3519 ubi,
1083 3482 1172 3519 sicut,
1190 3489 1259 3519 etc„
1277 3492 1374 3524 opor-

311 3526 373 3556 tet,
398 3528 443 3551 est
467 3521 545 3552 circa
573 3532 671 3563 quam
694 3531 740 3554 est
767 3525 949 3562 clementia;
981 3533 1011 3557 et
1042 3526 1185 3558 similiter
1213 3527 1374 3568 integritas
1400 3550 1401 3557 κ

1429 3394 1640 3425 diminuendo
1674 3393 1834 3425 reductiva
1857 3393 1897 3424 ad
1921 3393 2060 3425 debitam
2087 3395 2265 3426 secundum
2289 3396 2500 3438 aequitatem,

1429 3445 1465 3470 ut
1488 3438 1521 3469 in
1555 3438 1657 3469 littera
1681 3444 1767 3479 patet
1800 3447 1836 3468 ex
1860 3437 1996 3475 Seneca;
2022 3438 2114 3469 venia
2142 3447 2249 3471 autem
2278 3447 2325 3472 est
2352 3440 2502 3472 donativa

1427 3491 1551 3524 poenae
1567 3482 1701 3518 debitae,
1718 3482 1761 3514 ita
1777 3482 1866 3523 quod
1890 3491 1948 3513 nec
1963 3482 2081 3514 iustitia
2106 3483 2288 3515 communis
2312 3494 2370 3517 nec
2393 3484 2500 3527 aequi-

1428 3534 1476 3558 tas
1499 3533 1627 3558 excusat
1649 3526 1727 3568 quin
1751 3526 1804 3557 illa
1827 3536 1931 3567 poena
1955 3527 1996 3558 sit
2019 3527 2133 3559 debita.

2528 704 2637 726 'Coniur-
2646 703 2741 726 Catilina.

2528 730 2743 787 ξ’ὲῖῑῗὲξὲἶὲἒξῐ

2530 1144 2540 1154 “
2554 1144 2611 1172 cup.
2626 1149 2668 1166 vn.

2530 1516 2716 1547 ’Art.3,ad1.
