2768 4198
76 1516 84 1524 ⁸
99 1515 149 1535 Art.
165 1520 179 1534 1.

77 1619 86 1628 ⁸
100 1617 157 1644 cap.
173 1623 205 1638 ιιι.

173 1653 190 1669 α

78 1784 86 1793 “
100 1784 150 1804 Art.
165 1788 186 1810 3.

77 1838 86 1847 '
91 1835 170 1857 Matth.
177 1841 226 1862 cap.
233 1840 287 1861 xxii,

76 1869 134 1884 vers.
149 1868 184 1890 30·

78 1942 86 1951 ·
107 1940 202 1967 Dionys.
223 1938 287 1961 Cael.

75 1966 158 2015 (gift,
181 1972 230 1994 cap.
253 1971 287 1991 ιιι,

81 2311 91 2322 ·
98 2310 148 2331 Lib.
159 2310 175 2333 1,
184 2308 264 2330 homil.
271 2314 291 2329 v.

86 2632 92 2639 '
103 2627 256 2652 Homil.X1V;
266 2627 294 2648 al.

84 2656 123 2678 lib.
135 2656 163 2681 11,
175 2654 254 2676 homil.
270 2659 295 2675 u.

86 2790 94 2798 ·
109 2790 158 2810 Art.
175 2794 189 2808 ι.

92 3166 99 3173 ·
110 3164 160 3185 Lib.
171 3162 241 3188 xxn,
250 3168 300 3189 cap.

90 3197 144 3212 xxx.

94 3325 103 3334 ⁴
117 3323 174 3345 lbid.

307 254 384 300 438

939 244 1206 293 QUAESTIO
1237 241 1449 287 CLXXXI,
1479 241 1778 279 ARTICULUS
1808 241 1859 278 IV

976 350 1309 383 Commentario.
1333 346 1584 379 Oardinalis
1608 345 1809 379 Caietam

339 459 359 479 N
384 448 514 479 articulo
539 446 630 478 tertio
654 444 795 475 eiusdem
819 438 1024 481 quaestionis,
1042 437 1122 468 circa
1146 436 1262 477 duplex
1286 435 1373 466 obie-

313 461 427 524 letum
453 491 622 525 doctrinae,
647 489 771 518 adverte
794 485 882 526 quod
906 484 1050 518 alterum,
1071 481 1189 512 scilicet
1212 480 1373 510 obiectum

310 536 525 577 conceptionis
549 531 783 565 intellectualis,
808 535 912 569 potest
935 526 1102 566 dupliciter
1124 524 1280 565 pertinere
1309 531 1374 554 tam

309 582 349 612 ad
372 581 469 611 vitam
499 578 632 609 activam
660 584 758 616 quam
782 574 820 603 ad
841 570 1137 611 contemplativam:
1162 569 1306 599 videlicet
1324 568 1375 598 vel

310 636 346 656 ex
370 631 456 665 parte
472 621 628 656 docentis;
653 620 702 650 vel
719 628 756 649 ex
772 624 858 658 parte
882 616 926 646 rei
943 621 1114 655 conceptae
1138 613 1315 644 secundum
1331 622 1374 642 se.

310 670 356 700 Ex
380 675 467 708 parte
490 666 620 707 quidem
644 662 796 698 docentis,
817 671 892 692 cum
915 659 1028 700 aliquis
1052 659 1146 689 docet
1168 658 1208 688 ad
1232 657 1318 687 hunc
1341 655 1375 686 fi-

310 723 383 743 nem
407 718 442 742 ut
465 708 691 749 contemplatio
706 707 757 737 vel
781 706 862 736 actio
887 705 1108 744 subsequatur.
1133 702 1181 732 Ex
1197 708 1285 742 parte
1300 710 1376 731 vero

310 757 353 788 rei
377 765 475 796 quam
498 755 660 788 docemur,
685 759 761 782 tunc
784 756 904 790 spectat
927 749 965 779 ad
991 746 1272 787 contemplativam
1303 755 1376 776 cum

310 801 470 831 obiectum
487 805 532 829 est
548 795 739 837 speculabile
763 794 940 825 secundum
957 801 1007 823 se:
1031 799 1108 822 tunc
1127 798 1235 821 autem
1259 796 1379 830 spectat

310 845 348 875 ad
372 844 516 878 activam,
541 851 615 872 cum
639 840 802 871 obiectum
826 845 872 869 est
896 838 934 868 de
957 846 1071 878 genere
1095 835 1319 876 practicorum.

364 888 510 918 Alterum
532 896 607 916 vero
632 884 803 919 obiectum,
822 893 859 913 ex
875 888 963 922 parte
986 888 1074 912 actus
1098 879 1243 915 docendi,
1261 878 1315 920 qui
1333 884 1380 908 est
1405 909 1407 920 .

310 943 413 963 sermo
437 930 601 966 audibilis,
625 930 675 960 vel
693 928 823 959 visibilis
847 927 878 957 in
902 926 1072 966 scriptura,
1096 924 1129 955 in
1153 923 1255 954 littera
1279 922 1379 963 expri-

1427 435 1524 465 mitur
1547 435 1636 475 quod
1661 442 1707 466 est
1729 435 1796 474 ipse
1819 434 1961 472 audiens,
1986 444 2043 466 seu
2066 435 2183 474 legens.
2218 433 2321 465 Cuius
2344 434 2424 466 ratio
2452 441 2500 465 est

1428 479 1504 520 quia
1519 486 1608 509 actus
1624 479 1760 510 docendi
1776 486 1822 510 est
1835 479 1923 510 velut
1938 479 2020 510 actio
2036 479 2203 511 transiens:
2229 478 2394 510 ordinatur
2413 479 2499 509 enim

1401 565 1402 568 Ἰ
1428 524 1467 554 ad
1492 523 1721 563 perfectionem
1745 523 1916 560 audientis,
1940 523 2022 555 sicut
2045 524 2127 554 actio
2158 523 2311 555 transiens
2334 523 2375 553 ad
2398 523 2500 564 perfe-

1430 568 1569 598 ctionem
1593 567 1741 598 materiae
1772 577 1827 598 seu
1852 568 1994 599 subiecti.
2027 568 2068 599 Et
2095 575 2278 609 propterea,
2303 567 2384 598 sicut
2417 567 2502 599 obie-

1429 619 1517 643 ctum
1541 611 1674 642 actionis
1698 612 1887 642 transeuntis
1911 618 1958 642 est
1979 612 2047 652 ipsa
2071 612 2201 644 materia
2229 611 2435 653 perficienda,
2459 611 2502 642 ita

1430 656 1592 687 obiectum
1616 662 1704 686 actus
1734 656 1859 696 legendi
1882 663 1929 687 est
1950 656 2018 696 ipse
2046 657 2178 688 audiens
2209 656 2418 697 perficiendus
2446 666 2502 696 per

1431 700 1593 731 doctrinae
1616 706 1723 730 actum
1747 700 1972 731 immutantem
1994 700 2102 741 ipsum
2126 702 2308 732 audientem
2324 711 2380 732 seu
2397 701 2502 742 legen·

1430 752 1496 776 tem
1520 752 1585 775 tam
1609 751 1693 775 extra
1720 745 1829 785 quoad
1852 754 1980 780 sensus,
2005 755 2104 785 quam
2127 746 2213 777 intus
2242 746 2351 787 quoad
2378 745 2503 776 *intelle-

1432 798 1531 826 ctum,
1555 796 1713 830 quantum
1729 796 1776 820 est
1799 799 1837 820 ex
1855 795 1943 829 parte
1966 788 2066 829 ipsius
2082 797 2171 821 actus
2194 790 2340 827 docendi,
2356 789 2504 831 quamvis

1432 833 1514 864 forte
1546 833 1678 864 audiens
1709 833 1788 864 nihil
1815 832 1970 874 proficiat.
2001 834 2044 864 Et
2075 841 2242 875 propterea
2271 845 2309 866 ex
2331 835 2390 866 hac
2416 841 2503 875 parte

1433 878 1540 909 omnis
1559 878 1702 909 doctrina
1718 884 1838 918 spectat
1861 878 1901 908 ad
1915 878 2013 909 vitam
2029 878 2175 916 activam,
2192 879 2258 910 sive
2281 879 2394 910 doceat
2408 878 2504 910 actio-

1434 932 1510 953 nem
1533 922 1598 952 sive
1622 922 1940 963 contemplationem.

1092 1050 1415 1093 ARTICULUS
1446 1050 1722 1102 QUARTUS

843 1146 999 1178 UTRUM
1024 1145 1129 1175 VITA
1152 1143 1317 1175 AcrivA
1341 1143 1526 1174 MANEAT
1549 1142 1660 1174 POST
1684 1142 1806 1174 HANG
1831 1143 1970 1174 VITAM

436 1232 459 1257 1·
479 1232 535 1261 11⁸⁸.
555 1238 599 1263 qu.
619 1236 696 1259 van.
716 1233 762 1253 art.
787 1235 808 1258 1,
827 1227 859 1251 ad
880 1233 909 1257 25
929 1233 974 1258 qu.
993 1231 1079 1255 vam,
1099 1229 1145 1250 art.
1165 1218 1447 1291 (ὀύεεῗεῖΞΐΙΙῘςῗεηχΐὶ,
1465 1222 1618 1289 ἒξῐ.4κκζέ,
1630 1230 1682 1282 1qu.
1701 1230 1718 1254 1,
1738 1227 1784 1248 art.
1803 1230 1828 1254 4,
1848 1223 1898 1255 qu*
1919 1222 1948 1254 3;
1967 1222 1999 1247 111
2027 1223 2104 1248 Cont.
2125 1224 2213 1254 Gent..
2232 1231 2288 1256 cap.
2307 1230 2383 1254 1.xm;

1308 1276 1323 1287 .,
1383 1277 1389 1284 .
1434 1276 1440 1288 ‚
1505 1277 1511 1283 .
1549 1277 1555 1289 ,
1645 1277 1651 1283 .

347 1364 406 1395 >⁰20
429 1368 502 1395 sm.
525 1358 547 1383 ι)
563 1355 738 1388 QUARTUM
753 1354 806 1379 S1c
826 1351 1069 1378 PROCEDITUR.
1093 1338 1254 1376 Videtur
1278 1336 1384 1385 quod

342 1379 501 1460 9.ῗὲιῖ
525 1399 603 1437 vita
641 1397 765 1434 activa
801 1402 956 1432 maneat
993 1401 1080 1443 post
1117 1393 1216 1429 hanc
1250 1391 1383 1428 vitam.

331 1437 452 1514 “fysxrq
462 1440 588 1499 'sq'Ad
606 1451 726 1488 vitam
747 1449 850 1486 enim
879 1447 1046 1485 activam
1066 1446 1256 1495 pertinent
1279 1451 1385 1482 actus

371 1484 460 1537 &⁶⁹⁴⁹
527 1506 710 1543 virtutum
727 1502 946 1548 moralium,
963 1509 1004 1537 ut
1019 1500 1163 1538 dictum
1185 1506 1241 1535 est
1253 1497 1285 1534 ³¹².
1308 1497 1386 1534 Sed

314 1563 473 1599 virtutes
502 1559 667 1596 morales
685 1563 913 1606 permanent
939 1562 1027 1604 post
1055 1555 1156 1590 hanc
1179 1552 1316 1590 vitam:
1347 1558 1388 1587 ut

315 1614 550 1663 Augustinus
588 1611 693 1658 dicit,
724 1610 814 1646 XIV
850 1609 896 1646 de
933 1609 970 1645 T
965 1609 1038 1644 rin.
1064 1607 1084 1628 '¹‘
1121 1608 1224 1654 Ergo
1254 1610 1270 1626 ²
1306 1604 1386 1641 vita

316 1669 439 1707 activa
467 1672 668 1716 permanet
695 1670 783 1712 post
809 1663 909 1699 hanc
936 1661 1068 1699 vitam.
1297 1710 1303 1716 ι

372 1734 406 1759 2.
435 1722 679 1764 PRAETEREA,
710 1717 848 1753 docere
878 1715 972 1752 alios
1001 1712 1164 1762 pertinet
1191 1712 1239 1748 ad
1267 1718 1388 1747 vltam

316 1775 494 1819 activam,
524 1779 565 1809 ut
593 1771 737 1808 dictum
767 1776 823 1806 est
841 1768 872 1805 *.
904 1768 981 1805 Sed
1010 1767 1049 1803 in
1078 1766 1202 1802 futura
1229 1764 1320 1810 vita,
1350 1762 1388 1800 in

316 1841 392 1878 qua
410 1825 548 1864 similes
563 1824 704 1861 erimus
722 1822 870 1872 angelis
883 1820 915 1868 ²¹⁸,
935 1819 1074 1870 poterit
1095 1830 1176 1856 esse
1198 1816 1388 1854 doctrina:

316 1883 412 1919 sicut
441 1888 477 1916 et
513 1879 551 1915 in
590 1876 732 1925 angelis
767 1888 850 1913 esse
882 1874 1052 1921 videtur,
1083 1883 1251 1922 quorum
1288 1882 1388 1907 unus

316 1935 432 1972 alium
452 1931 649 1976 illuminat,
673 1934 822 1980 purgat
837 1933 874 1965 et
884 1927 1036 1976 perficit
1053 1925 1084 1973 ³⁸,
1106 1925 1212 1974 quod
1231 1924 1390 1961 refertur

317 1989 366 2026 ad
393 1986 570 2024 scientiae
605 1983 915 2032 assumptionem,
945 1989 987 2018 ut
1014 1987 1118 2030 patet
1145 1991 1214 2028 per
1242 1978 1388 2025 Diony-

318 2042 439 2087 sium,
467 2051 517 2076 vn
551 2038 633 2086 cap.
669 2036 769 2074 Cael.
807 2036 919 2072 Hier.
958 2035 1061 2082 Ergo
1095 2033 1246 2070 videtur
1284 2030 1390 2080 quod

316 2095 395 2134 vita
424 2092 547 2130 activa
577 2097 750 2128 remanet
777 2097 864 2138 post
892 2089 991 2125 hanc
1010 2087 1142 2124 vitam.

375 2148 409 2185 3.
430 2147 668 2190 PRAETEREA,
699 2143 792 2180 illud
820 2142 927 2191 quod
957 2142 1003 2179 de
1024 2153 1065 2178 se
1086 2148 1142 2177 est
1170 2137 1390 2184 durabilius,

320 2200 441 2248 magis
469 2198 621 2236 videtur
649 2209 762 2246 posse
791 2203 878 2245 post
906 2196 1006 2232 hanc
1033 2193 1153 2231 vitam
1180 2203 1391 2230 remanere.

322 2255 398 2291 Sed
426 2252 506 2290 vita
544 2251 667 2288 activa
703 2249 856 2287 videtur
894 2261 976 2285 esse
1007 2247 1055 2285 de
1094 2259 1134 2284 se
1164 2245 1391 2284 durabilior:

321 2306 410 2345 dicit
447 2305 549 2342 enim
586 2303 811 2351 Gregorius,
840 2314 954 2350 super
988 2301 1123 2349 Ezech.
1143 2299 1179 2346 ²¹²,
1209 2299 1316 2348 quod
1353 2297 1390 2335 in

320 2361 396 2398 vita
425 2358 549 2395 activa
569 2357 649 2405 fixi
668 2367 898 2405 permanere
919 2365 1133 2404 possumus,
1163 2353 1201 2390 in
1230 2358 1393 2390 contem-

317 2413 461 2463 plativa
490 2416 616 2448 autem
645 2410 785 2446 intenta
813 2413 936 2445 mente
964 2418 1121 2445 manere
1148 2406 1251 2442 nullo
1279 2406 1392 2443 modo

322 2467 502 2504 valemus.
542 2464 645 2511 Ergo
684 2463 804 2499 multo
843 2461 963 2510 magis
1000 2460 1079 2498 vita
1112 2459 1236 2497 activa
1268 2466 1393 2509 potest

323 2530 480 2558 manere
515 2524 602 2566 post
636 2516 736 2553 hanc
772 2514 892 2552 vitam
925 2526 1042 2563 quam
1081 2512 1391 2562 contemplativa.

378 2574 451 2609 SED
486 2582 633 2608 CONTRA
666 2580 732 2606 Es‘r
764 2568 870 2617 quod
900 2566 1107 2615 Gregorius
1136 2566 1244 2613 dicit,
1281 2578 1395 2615 super

322 2626 456 2675 Ezech.
481 2623 518 2660 *ε
563 2624 658 2660 Cum
695 2621 886 2670 praesenti
918 2619 1069 2658 saeculo
1107 2620 1183 2657 vita
1220 2621 1395 2668 aufertur

324 2679 468 2716 activa.-
502 2675 790 2725 contemplativa
823 2679 949 2711 autem
986 2673 1047 2711 hic
1079 2673 1255 2723 incipitur
1290 2678 1328 2710 ut
1355 2673 1392 2710 in

324 2732 473 2770 caelesti
495 2730 623 2779 patria
646 2728 881 2778 perficiatur.

379 2786 606 2822 Respouosso
635 2793 821 2820 DICENDUM
851 2781 968 2829 quod,
991 2779 1087 2816 sicut
1116 2779 1259 2817 dictum
1289 2787 1344 2816 est
1361 2779 1393 2827 ³¹³,

325 2839 449 2876 activa
477 2837 555 2874 vita
582 2836 698 2873 habet
734 2835 854 2872 finem
883 2833 921 2870 in
951 2832 1198 2870 exterioribus
1227 2832 1393 2870 actibus:

326 2892 389 2941 qui
432 2890 462 2928 si
500 2890 712 2927 referuntur
749 2888 797 2925 ad
836 2886 1003 2936 quietem
1043 2886 1393 2935 contemplationis,

327 2945 403 2982 iam
422 2943 612 2993 pertinent
631 2939 646 2971 β
674 2941 723 2979 ad
742 2941 862 2977 vitam
883 2939 1234 2988 contemplativam.
1266 2941 1308 2976 In
1337 2940 1392 2977 fu-

327 3007 410 3035 tura
438 3004 566 3034 autern
586 2995 664 3032 vita
691 2995 892 3032 beatorum
914 2992 1076 3030 cessabit
1104 2993 1305 3042 occupatio
1335 3005 1396 3030 ex-

328 3051 509 3088 teriorum
539 3057 711 3086 actuum:
742 3055 779 3084 et
797 3047 827 3084 si
853 3046 917 3095 qui
941 3053 1047 3083 actus
1077 3046 1279 3083 exteriores
1308 3047 1393 3094 sint,

329 3105 537 3141 referentur
575 3101 623 3139 ad
661 3101 780 3138 finem
819 3099 1160 3148 contemplationis.
1203 3099 1254 3137 Ut
1292 3099 1394 3137 enim

329 3156 562 3205 Augustinus
587 3154 686 3201 dicit,
717 3154 754 3191 in
773 3154 850 3191 fine
878 3153 924 3190 de
956 3153 1036 3190 Civ.
1061 3153 1136 3190 Dei
1151 3152 1183 3199 ³¹²,
1214 3153 1267 3190 ibi
1282 3164 1396 3191 vaca-

330 3211 450 3247 bimus
469 3215 503 3247 et
519 3208 746 3251 videbimus,·
764 3207 970 3244 videbimus
984 3211 1021 3243 et
1037 3206 1272 3251 amabimus,·
1291 3218 1396 3244 ama-

331 3264 451 3300 bimus
479 3268 513 3300 et
544 3261 792 3299 laudabimus.
829 3260 879 3297 Et
910 3258 949 3296 in
983 3259 1122 3297 eodem
1157 3259 1252 3297 libro
1290 3272 1397 3309 prae-

331 3316 441 3352 mittit
458 3316 478 3338 *
514 3314 617 3364 quod
645 3315 751 3351 Deus
789 3313 840 3350 ibi
868 3313 948 3350 sine
967 3313 1054 3361 fine
1089 3313 1289 3360 videbitur,
1318 3314 1399 3351 sine

321 3369 479 3418 fastidio
499 3368 700 3413 amabitur,
720 3367 800 3404 sine
806 3366 1042 3416 fatigatione
1059 3366 1286 3404 laudabitur.
1307 3367 1397 3404 Hoc

333 3434 480 3467 munuS,
509 3421 568 3458 hic
595 3420 763 3470 affectus,
791 3419 852 3456 hic
878 3425 983 3456 actus
1011 3419 1082 3456 erit
1109 3420 1293 3457 omnibus.

388 3535 414 3565 α)
435 3533 518 3566 Ergo.
531 3547 549 3552 -
567 3533 674 3558 videtur
692 3532 764 3565 quod
783 3533 879 3557 addunt
900 3532 952 3562 Pa‚·
970 3539 1017 3565 pro
1032 3534 1182 3564 permanet,
1199 3533 1358 3563 permaneat
1370 3530 1400 3556 P.

389 3568 414 3602 β)
430 3569 575 3601 pertinent.
587 3581 606 3588 ·-
620 3568 740 3600 pertinet
759 3567 901 3593 ABEFKL.

1491 1339 1550 1374 Αι)
1579 1349 1717 1374 PRIMUM
1746 1348 1845 1374 ERGO
1869 1349 2055 1374 mCENDuM
2084 1338 2202 1387 quod,
2231 1338 2328 1375 sicut
2355 1351 2471 1389 supra
2489 1339 2510 1362 ⁴⁸
2534 1344 2544 1355 ”

1439 1390 1583 1427 dictum
1613 1398 1684 1437 est,
1714 1390 1872 1427 virtutes
1901 1391 2066 1428 morales
2100 1392 2312 1429 manebunt
2345 1405 2425 1431 non
2452 1386 2552 1430 sess’

1440 1444 1611 1480 cundum
1641 1451 1746 1481 actus
1775 1456 1873 1492 quos
1914 1445 2057 1482 habent
2086 1444 2184 1482 circa
2219 1457 2264 1483 ea
2297 1458 2396 1495 quae
2424 1454 2513 1484 sunt

1440 1497 1489 1534 ad
1509 1497 1641 1543 finem,
1662 1497 1731 1534 sed
1759 1498 1973 1535 secundum
1993 1506 2100 1535 actus
2120 1511 2218 1548 quos
2245 1499 2388 1537 habent
2412 1501 2512 1538 circa

1441 1551 1572 1588 finem.
1603 1551 1837 1589 Huiusmodi
1857 1559 1986 1589 autem
2006 1557 2022 1580 Υ
2050 1559 2156 1590 actus
2182 1560 2271 1590 sunt
2297 1554 2511 1592 secundum

1441 1605 1548 1652 quod
1569 1605 1800 1642 constituunt
1819 1605 1988 1654 quietem
2011 1606 2356 1655 contemplationis.
2382 1607 2512 1655 Quam

1441 1657 1675 1705 Augustinus
1708 1658 1746 1695 in
1783 1658 2002 1707 praemissis
2029 1658 2049 1680 '¹‘
2076 1659 2205 1696 verbis
2232 1659 2419 1708 significat
2445 1674 2515 1711 per
2541 1667 2551 1677 ⁸

1441 1711 1700 1748 vacationem.-
1728 1724 1827 1760 quae
1857 1719 1913 1749 est
1941 1712 2182 1760 intelligenda
2209 1725 2289 1751 non
2317 1714 2444 1752 solum
2464 1715 2513 1753 ab

1442 1764 1691 1801 exterioribus
1728 1764 1975 1813 tumultibus,
2005 1765 2073 1802 sed
2111 1765 2224 1803 etiam
2261 1767 2311 1804 ab
2346 1766 2514 1806 interiori

1442 1817 1729 1866 perturbatione
1757 1818 1996 1867 passionum.
2351 1850 2355 1851 γ

1495 1873 1555 1907 Αι)
1583 1882 1776 1908 SECUNDUM
1812 1883 1999 1909 montinum
2032 1871 2138 1922 quod
2166 1871 2245 1909 vita
2280 1873 2515 1923 contempla-

1442 1923 1540 1971 tiva,
1569 1924 1666 1961 sicut
1693 1936 1809 1973 supra
1827 1924 1847 1947 *
1875 1925 2019 1962 dictum
2049 1933 2121 1973 est,
2149 1923 2355 1975 praecipue
2393 1925 2517 1964 consi·

1443 1977 1504 2014 stit
1531 1977 1570 2015 in
1599 1977 1922 2028 contemplatione
1950 1978 2036 2016 Dei.
2066 1979 2115 2016 Et
2142 1986 2330 2028 quantum
2358 1979 2514 2028 adhoc,

1443 2044 1544 2069 unus
1573 2032 1729 2080 angelus
1758 2032 1872 2070 alium
1900 2044 1980 2070 non
2009 2031 2140 2070 docet:
2169 2032 2280 2082 quia,
2309 2040 2352 2070 ut
2380 2032 2517 2071 dicitur

1445 2085 1579 2123 Matth.
1599 2097 1684 2122 xvui
1701 2086 1721 2107 *
1751 2085 1798 2123 de
1826 2085 1974 2136 angelis
1995 2085 2235 2135 pusillorum,
2254 2085 2320 2134 qui
2347 2094 2434 2124 sunt
2461 2086 2516 2126 in-

1444 2138 1590 2176 ferioris
1619 2139 1779 2186 ordinis,
1810 2139 1915 2189 quod
1941 2151 2090 2188 semper
2122 2138 2250 2176 vident
2269 2139 2412 2187 faciem
2445 2141 2517 2178 Pa-

1444 2192 1522 2230 tris.
1553 2193 1602 2229 Et
1631 2192 1684 2230 sic
1704 2192 1818 2230 etiarn
1845 2193 1884 2230 in
1912 2193 2036 2230 futura
2054 2192 2133 2230 vita
2161 2192 2287 2230 nullus
2311 2192 2516 2232 hominum

1445 2246 1563 2283 alium
1594 2245 1746 2283 docebit
1766 2246 1812 2283 de
1837 2247 1936 2294 Deo,
1957 2246 2024 2284 sed
2045 2258 2181 2286 omnes
2203 2245 2412 2284 videbimus
2429 2258 2517 2286 eum

1445 2299 1555 2336 sicuti
1572 2305 1636 2346 est,
1657 2307 1698 2336 ut
1715 2299 1876 2336 habetur
1895 2301 1909 2336 I
1931 2300 2037 2336 Ioan.
2058 2311 2094 2336 111
2109 2298 2141 2336 *.
2171 2300 2220 2337 Et
2239 2299 2316 2336 hoc
2335 2307 2392 2338 est
2410 2299 2518 2350 quod

1447 2352 1583 2390 dicitur
1602 2353 1736 2389 Ierem.
1752 2365 1836 2390 xxxi
1861 2352 1899 2389 *ε
1919 2353 2011 2390 Νοη
2031 2353 2178 2390 docebit
2194 2352 2293 2390 ultra
2313 2353 2372 2389 vir
2385 2354 2519 2402 proxi-

1447 2418 1552 2443 mum
1581 2418 1704 2452 suum,
1733 2406 1870 2452 dicens,
1905 2407 2101 2457 Cognosce
2127 2406 2360 2444 Dominum.-
2388 2418 2518 2445 omnes

1447 2459 1547 2496 enim
1576 2465 1803 2510 cognoscent
1830 2472 1902 2506 me,
1922 2471 1947 2498 a
1974 2459 2132 2497 minimo
2160 2471 2293 2497 eorum
2323 2470 2440 2508 usque
2467 2460 2519 2498 ad

1448 2524 1674 2550 maximum.

1530 2566 1607 2603 Sed
1637 2566 1684 2603 de
1714 2565 1772 2603 his
1792 2578 1890 2615 quae
1918 2565 2109 2615 pertinent
2128 2565 2177 2603 ad
2204 2565 2518 2615 dispensationem

1447 2619 1743 2657 ministeriorum
1771 2619 1848 2656 Dei
1866 2619 1904 2667 *,
1934 2631 2034 2657 unus
2062 2619 2219 2668 angelus
2249 2619 2361 2656 docet
2388 2618 2518 2669 alium,

1447 2674 1660 2722 purgando,
1689 2672 1940 2710 illuminando
1970 2680 2006 2710 et
2033 2673 2282 2722 perficiendo.
2312 2673 2362 2710 Et
2384 2684 2519 2713 secun-

1450 2727 1543 2764 dum
1575 2727 1666 2773 hoc,
1697 2725 1837 2774 aliquid
1871 2726 2014 2764 habent
2048 2725 2096 2764 de
2124 2726 2204 2764 vita
2240 2725 2364 2764 activa
2398 2737 2519 2776 quan-

1449 2779 1514 2818 diu
1542 2780 1711 2817 mundus
1741 2779 1862 2827 durat,
1893 2791 1939 2816 ex
1966 2780 2041 2817 hoc
2070 2781 2175 2829 quod
2204 2777 2520 2817 administrationi

1449 2833 1636 2870 inferioris
1665 2841 1858 2870 creaturae
1887 2833 2099 2871 intendunt.
2137 2832 2256 2880 Quod
2288 2831 2521 2880 significatur

1450 2899 1519 2936 per
1546 2886 1621 2923 hoc
1641 2885 1747 2936 quod
1776 2886 1891 2924 Iacob
1911 2886 2006 2924 vidit
2033 2887 2190 2935 angelos
2208 2885 2247 2923 in
2266 2885 2367 2923 scala
2389 2896 2518 2923 ascen-

1450 2940 1587 2986 dentes,
1609 2939 1716 2988 quod
1745 2939 1906 2989 pertinet
1926 2939 1975 2978 ad
2004 2938 2378 2988 contemplationem,
2400 2945 2436 2976 et
2459 2938 2521 2984 de-

1448 2994 1664 3030 scendentes
1690 2992 1731 3038 ³¹⁸,
1770 2993 1875 3042 quod
1917 2993 2081 3043 pertinet
2114 2992 2164 3030 ad
2199 2991 2404 3030 actionem.
2441 2990 2519 3029 Sed

1450 3047 1546 3084 sicut
1573 3046 1663 3084 dicit
1691 3046 1912 3095 Gregorius,
1941 3047 1974 3084 Il
1997 3045 2143 3083 Moral.
2168 3043 2200 3092 ²⁸,
2230 3057 2305 3083 non
2333 3045 2388 3082 sic
2414 3056 2439 3082 a
2467 3044 2521 3083 di-

1449 3100 1539 3137 vina
1567 3099 1710 3138 visione
1725 3101 1832 3148 foris
1859 3104 1999 3139 exeunt
2024 3104 2066 3136 ut
2090 3098 2261 3136 internae
2292 3098 2522 3147 contempla-

1450 3153 1559 3190 tionis
1586 3153 1738 3204 gaudiis
1759 3152 1971 3203 priventur.
2001 3151 2051 3189 Et
2078 3150 2168 3189 ideo
2197 3151 2235 3189 in
2264 3151 2319 3189 eis
2348 3163 2428 3189 non
2447 3150 2522 3190 dis-

1450 3206 1631 3256 tinguitur
1670 3206 1749 3244 vita
1777 3205 1901 3244 activa
1938 3217 1961 3242 a
1998 3204 2317 3254 contemplativa,
2353 3204 2450 3243 sicut
2482 3203 2521 3242 in

1452 3260 1584 3307 nobis,
1605 3258 1670 3308 qui
1699 3271 1768 3308 per
1795 3270 1914 3308 opera
1933 3257 2057 3296 activa
2076 3256 2089 3281 ⁶
2118 3257 2352 3309 impedimur
2380 3270 2402 3295 a
2431 3269 2522 3295 con-

1450 3312 1710 3363 templatione.

1505 3367 1598 3403 Non
1626 3372 1755 3403 autem
1783 3363 2013 3414 promittitur
2040 3364 2152 3402 nobis
2172 3364 2379 3402 similitudo
2409 3374 2522 3412 ange-

1452 3419 1578 3456 lorum
1617 3424 1803 3467 quantum
1838 3416 1888 3454 ad
1925 3417 2292 3456 administrationem
2335 3415 2522 3455 inferioris

1508 3529 1536 3588 ἔ)
1554 3531 1685 3570 autem-
1702 3527 1771 3570 enipi
1792 3528 1837 3557 Pa,
1856 3536 1911 3570 om3
1930 3529 1960 3554 D.

1524 3565 1534 3597 )
1554 3568 1650 3590 activa.
1662 3577 1681 3583 —
1699 3567 1803 3589 acernae
1821 3564 1864 3594 sC,
1884 3567 1955 3589 vitae
1973 3564 2078 3590 activae
2097 3564 2144 3590 Pa.

2540 1920 2552 1941 ⁴
2562 1913 2613 1958 'Quss
2620 1935 2704 1958 mxx,
2711 1933 2755 1952 m.

2542 2088 2552 2099 ·
2567 2086 2634 2110 Vera.
2648 2093 2680 2111 ιο.

2543 2301 2671 2338 ’νηιι

2544 2354 2686 2386 ‘vce-3⁴.

2545 2622 2760 2674 &affl-ua:

2545 2682 2596 2706 aye.
2608 2675 2673 2700 eat.
2681 2676 2760 2705 ffler„

2546 2709 2597 2732 etp.
2610 2708 2646 2731 m,
2659 2709 2711 2726 vm.

2548 2994 2558 3004 ⁸
2564 2992 2622 3016 Ga.
2627 2998 2678 3022 οιρ,
2683 2999 2761 3022 ειν-ι,

2547 3025 2680 3075 gamm,
2695 3047 2724 3069 ιΙ.
2735 3053 2761 3069 ιι.
