2768 4198
43 755 51 763 ⁸
67 752 93 773 D.
110 752 163 773 1166.

35 1283 43 1292 ⁸
59 1281 113 1309 Cap.
132 1287 162 1302 xi.

33 1599 41 1607 ⁸
55 1598 101 1625 Qu.
113 1604 188 1624 cxxix,
200 1602 240 1619 art.

30 1631 50 1652 3v
67 1625 94 1646 ad
109 1630 128 1645 2.

25 2868 119 2890 ·DeV1'r
138 2868 231 2895 initqu.

23 2901 46 2916 ιι.
62 2901 120 2916 conc
130 2901 156 2916 us
169 2901 188 2924 3.

289 304 362 329 202

283 436 322 460 se
353 424 468 460 habet
497 423 592 459 circa
622 434 777 458 ornnem
810 418 1060 468 pecuniarum
1099 429 1224 453 usum.
1260 417 1347 452 Hoc

282 484 409 513 autem
440 476 544 523 quod
575 483 628 511 est
657 485 882 510 conservare
912 483 951 507 se
982 471 1195 506 immunem
1216 470 1264 506 ab
1286 481 1347 505 ex·
1373 479 1375 507 ῐ

1373 523 1374 526 ’
1401 522 1557 559 tentiam
1588 523 1753 571 reparari
1781 531 1907 571 potest
1935 532 2122 573 quantum
2152 525 2201 561 ad
2226 524 2265 562 id
2285 525 2391 573 quod
2420 533 2475 561 est

1372 572 1373 591 ³
1401 575 1561 612 formale
1596 576 1634 612 in
1668 575 1824 612 virtute:
1856 589 1936 614 non
1964 585 2093 614 autem
2129 586 2317 626 quantum
2355 579 2403 615 ad
2436 578 2473 615 id

280 530 493 578 perimento
522 539 708 564 venereae
732 524 936 573 voluptatis
951 522 977 566 δ,
1007 524 1122 559 habet
1149 522 1344 570 quandam

282 582 539 619 excellentiam
568 580 687 617 laudis
725 590 838 626 supra
867 578 941 613 hoc
970 576 1073 625 quod
1104 583 1159 612 est
1193 587 1344 612 conser-

279 648 369 673 vare
390 648 429 672 se
458 635 670 670 immunem
700 633 747 668 ab
767 630 1045 667 inordinatione
1065 641 1255 665 venereae
1274 641 1344 665 vo-

277 742 393 779 virtus
413 741 442 786 ²³³,
473 740 616 776 habens
645 749 684 773 se
722 737 770 773 ad
805 736 1012 773 castitatem
1046 735 1140 772 sicut
1168 735 1342 782 magnifi-

277 794 398 830 centia
428 793 475 829 ad
504 790 777 827 liberalitatem.

328 850 385 883 An
419 857 555 881 PRIMUM
592 855 690 880 ERGO
718 854 904 879 DICENDUM
938 842 1043 890 quod
1079 841 1257 878 homines
1295 853 1341 877 ex

275 912 341 936 sua
377 897 569 935 nativitate*
601 898 743 933 habent
770 896 809 932 id
847 896 953 943 quod
988 903 1043 932 est
1074 895 1269 931 materiale
1303 895 1340 931 in

273 951 496 999 virginitate,
527 950 665 987 scilicet
693 948 943 997 integritatem
975 948 1095 985 carnis
1124 949 1339 984 immunem

273 1006 319 1042 ab
349 1003 608 1053 experimento
631 1015 901 1040 venereorum.
932 1003 1023 1039 Non
1046 1010 1177 1038 tamen
1195 1002 1340 1038 habent
1365 1044 1366 1047 Ἰ

1365 1055 1366 1058 ’
1394 1063 1452 1092 cet
1471 1055 1662 1104 integritas
1691 1055 1868 1102 membri,
1891 1067 2008 1104 quam
2039 1055 2237 1092 diximus*
2256 1057 2468 1094 accidenta-
2499 1070 2508 1078 ·

272 1058 309 1095 id
338 1057 442 1105 quod
472 1064 527 1093 est
550 1057 706 1093 formale
735 1056 774 1093 in
794 1055 1020 1103 virginitate:
1051 1063 1091 1091 ut
1114 1055 1254 1091 scilicet
1273 1055 1338 1091 ha-

272 1113 384 1148 beant
411 1110 650 1159 propositum
687 1109 865 1146 servandi
892 1108 1115 1146 huiusmodi
1152 1108 1339 1156 integrita-

271 1173 345 1201 tem
375 1171 530 1212 propter
566 1164 707 1200 Deum.
747 1164 795 1199 Et
823 1174 869 1199 ex
898 1163 972 1199 hoc
1008 1163 1124 1199 habet
1151 1162 1336 1199 rationem

269 1217 427 1254 virtutis.
458 1216 568 1254 Unde
588 1216 821 1264 Augustinus
842 1215 941 1262 dicit,
962 1215 1000 1252 in
1028 1216 1125 1252 libro
1145 1216 1191 1252 de
1215 1215 1338 1265 Virgi-

270 1272 333 1307 nit.
354 1270 390 1306 *z
424 1270 510 1307 Nec
538 1282 605 1306 nos
640 1271 677 1306 in
711 1269 923 1319 virginibus
945 1270 1214 1317 praedicamus
1238 1269 1339 1317 quod

269 1324 436 1373 virgines
464 1329 569 1359 sunt:
597 1324 663 1360 sed
689 1324 791 1371 quod
817 1323 899 1359 Deo
928 1323 1074 1359 dicatae
1092 1328 1104 1343 Ε
1126 1323 1194 1371 pia
1223 1322 1338 1358 conti-

271 1378 394 1414 nentia
423 1377 602 1426 virgines.

322 1432 381 1466 Ao
400 1441 589 1466 SECUNDUM
610 1441 794 1466 DicENDuM
815 1429 920 1477 quod
947 1428 1132 1465 connexio
1152 1428 1337 1465 virtutum

270 1483 450 1532 accipitur
478 1483 690 1519 secundum
719 1483 757 1519 id
786 1482 892 1530 quod
922 1489 977 1518 est
1004 1482 1163 1519 formale
1197 1482 1234 1518 in
1262 1481 1337 1518 vir-

269 1536 422 1583 tutibus,
451 1535 548 1573 idest
576 1536 788 1573 secundum
817 1536 1011 1573 caritatem
1030 1536 1093 1572 vel
1123 1535 1336 1572 secundum

270 1589 524 1638 prudentiam,
544 1597 585 1626 ut
613 1602 726 1638 supra
745 1589 765 1610 ’Β
793 1589 965 1626 habitum
996 1596 1067 1625 est:
1099 1601 1176 1627 non
1207 1596 1336 1643 autern

269 1643 480 1680 secundum
518 1642 556 1679 id
590 1643 694 1690 quod
734 1650 789 1679 est
826 1642 1018 1679 materiale
1056 1641 1094 1678 in
1122 1642 1335 1678 virtutibus.

270 1696 372 1733 Nihil
394 1696 494 1732 enim
514 1696 693 1744 prohibet
711 1695 820 1732 alicui
839 1696 1012 1733 virtuoso
1033 1703 1236 1743 suppetere
1256 1707 1337 1732 ma·
1361 1717 1362 1743 3

1361 1755 1362 1758 ’
1388 1748 1503 1788 Unde
1531 1749 1737 1797 virginitas,
1759 1750 1972 1787 secundum
2002 1751 2109 1799 quod
2138 1758 2194 1788 est
2212 1750 2345 1799 virtus,
2367 1763 2462 1789 nun-

267 1749 400 1786 teriam
429 1749 541 1785 unius
569 1749 726 1795 virtutis,
757 1761 834 1785 non
863 1756 990 1785 autem
1019 1748 1219 1785 materiam
1248 1749 1336 1784 alte-

269 1802 362 1838 rius:
393 1802 488 1839 sicut
515 1814 662 1850 pauper
688 1802 803 1838 habet
823 1801 1021 1838 materiam
1048 1801 1334 1850 temperantiae,
1360 1849 1361 1854 1

267 1868 344 1892 non
360 1863 487 1892 autem
504 1855 703 1892 materiam
725 1854 1040 1902 magnificentiae.
1062 1855 1111 1891 Et
1124 1855 1199 1891 hoc
1215 1854 1334 1891 modo
1360 1889 1361 1894 ,

267 1909 376 1945 alicui
406 1908 559 1945 habenti
589 1908 679 1944 alias
698 1908 856 1945 virtutes
881 1908 987 1945 deest
1007 1908 1163 1944 materia
1183 1907 1334 1955 virgini-

266 1962 369 2007 tatis,
406 1961 502 1998 idest
537 1961 730 2009 praedicta
771 1961 962 2009 integritas
1001 1961 1135 1997 carnis.
1181 1961 1360 2002 Tamen,

264 2022 389 2064 potest
417 2015 454 2052 id
480 2016 584 2062 quod
606 2023 660 2051 est
688 2015 848 2051 formale
877 2015 915 2052 in
934 2014 1147 2062 virginitate
1167 2015 1331 2051 habere:
1358 2022 1360 2055 ξ

264 2076 305 2104 ut
332 2067 472 2104 scilicet
499 2067 511 2092 ζ
544 2068 580 2104 in
614 2069 903 2116 praeparatione
942 2067 1079 2104 mentis
1115 2067 1332 2117 praedictae

264 2121 481 2169 integritatis
510 2122 797 2158 conservandae
825 2122 1079 2170 propositum,
1101 2122 1131 2158 si
1159 2122 1235 2158 hoc
1262 2121 1332 2158 sibi

265 2181 511 2223 competeret.
543 2174 648 2211 Sicut
666 2187 814 2223 pauper
841 2182 966 2223 potest
986 2174 1023 2211 in
1042 2174 1332 2224 praeparatione

265 2228 381 2265 animi
409 2228 551 2264 habere
570 2229 811 2276 propositum
832 2227 1057 2276 magnificos
1086 2234 1260 2277 sumptus
1281 2229 1333 2265 fa·
1358 2273 1359 2284 ἵ

266 2280 399 2326 ciendi,
431 2281 459 2317 si
489 2280 559 2317 sibi
580 2289 831 2329 competeret:
862 2289 897 2317 et
926 2281 1095 2318 similiter
1114 2281 1174 2318 ille
1193 2281 1258 2330 qui
1279 2289 1334 2318 est

265 2334 302 2370 in
331 2332 578 2383 prosperitate
598 2334 713 2371 habet
732 2334 769 2370 in
790 2334 1080 2383 praeparatione
1099 2334 1218 2371 animi
1246 2346 1333 2383 pro-

264 2387 430 2436 positum
461 2387 621 2424 adversa
650 2387 922 2436 aequanimiter
950 2387 1146 2425 tolerandi.
1177 2388 1226 2424 Et
1254 2388 1332 2425 sine

316 2508 339 2540 ὅ)
360 2509 513 2541 voluptatis.
527 2522 545 2527 -
563 2508 746 2534 delectationis
765 2509 811 2534 Pa.

316 2546 337 2576 ε)
358 2544 500 2569 dicatae.-
513 2544 603 2569 dicata
617 2544 745 2573 BDFIKa,
761 2544 851 2569 dicata
866 2545 929 2577 quia
944 2546 983 2575 Η;
1003 2546 1050 2570 sed
1099 2545 1216 2579 virgines
1230 2553 1285 2570 om.
1300 2546 1329 2576 L;
1355 2554 1357 2579 ς

262 2586 322 2612 post
340 2580 456 2612 virgines
475 2579 542 2604 PIsC
563 2585 588 2604 et
605 2587 623 2604 a
642 2580 740 2604 addunt
757 2583 828 2604 sunt.

314 2614 338 2648 ζ)
357 2615 464 2640 scilicet.
479 2629 498 2634 -
516 2615 552 2639 sit
571 2615 640 2640 addit
658 2615 685 2644 Ρ.
705 2615 801 2640 habeat
820 2616 916 2640 addunt
935 2616 1037 2649 aliquae
1057 2616 1192 2642 editiones.

970 286 1236 334 QUAESTIO
1267 286 1384 332 CLII,
1414 285 1712 322 ARTICULUS
1743 286 1790 322 lll

282 371 400 407 virtus
430 382 451 406 a
485 369 701 406 liberalitate
736 367 926 413 distincta,
961 377 1060 412 quae
1094 359 1349 400 communiter
1374 366 1376 413 ξ
1404 364 1477 400 hac
1504 364 1795 412 praeparatione
1824 364 1940 401 animi
1969 377 2047 401 non
2075 372 2202 414 potest
2231 377 2312 401 esse
2342 365 2476 414 aliquis

1403 425 1609 454 virtuosus.

1455 472 1516 506 An
1544 482 1706 507 TERTIUM
1734 482 1920 508 DICENDUM
1950 471 2056 518 quod
2083 471 2203 508 virtus
2240 483 2308 520 per
2340 471 2475 520 poeni-

1399 629 1504 676 quod
1542 636 1598 665 est
1635 629 1828 666 materiale
1862 629 1900 666 in
1934 630 2029 679 ipsa.
2065 632 2158 668 Non
2191 631 2293 668 enim
2330 631 2360 668 si
2389 631 2473 679 quis

279 688 440 737 luptatis.
472 688 519 723 Et
547 686 632 722 ideo
661 684 855 731 virginitas
877 690 931 719 est
959 683 1150 731 quaedam
1171 682 1343 730 specialis
1398 681 1625 729 magnificus
1655 683 1893 731 consumpsit
1921 695 2009 720 suas
2038 683 2205 731 divitias,
2235 697 2304 734 per
2340 684 2472 734 poeni-

1397 735 1553 772 tentiam
1582 735 1727 783 peccati
1758 735 2004 773 restituuntur
2033 737 2066 773 ei
2096 737 2258 775 divitiae.
2294 739 2342 775 Et
2371 737 2473 775 simi-

1395 788 1478 825 liter
1506 788 1564 824 ille
1605 788 1668 836 qui
1705 789 1903 836 peccando
1937 789 2192 838 virginitatem
2229 791 2374 838 amisit,
2404 804 2473 840 per

1395 841 1671 890 poenitentiam
1693 853 1772 878 non
1791 851 1991 891 recuperat
2010 843 2232 890 virginitatis
2257 845 2470 892 materiam,

1395 895 1462 932 sed
1493 902 1692 944 recuperat
1719 894 1942 943 virginitatis
1970 896 2213 944 propositum
2233 896 2264 934 ³¹⁸.

1449 948 1560 985 Circa
1589 948 1789 985 materiam
1819 955 1948 985 autem
1981 949 2204 997 virginitatis
2234 959 2290 987 est
2327 950 2470 999 aliquid

1395 1002 1499 1050 quod
1529 1002 1757 1039 miraculose
1787 1001 1954 1050 reparari
1980 1002 2119 1051 poterit
2153 1002 2342 1050 divinitus,
2373 1004 2469 1041 scili-

1392 1109 1476 1146 liter
1503 1121 1544 1146 se
1573 1109 1622 1146 ad
1650 1108 1906 1157 virginitatem
1936 1110 2090 1146 habere.
2119 1109 2234 1146 Aliud
2263 1117 2393 1146 autem
2415 1119 2470 1148 est

1393 1162 1498 1211 quod
1523 1175 1594 1199 nec
1614 1162 1797 1199 miraculo
1818 1168 1836 1189 η
1866 1162 2030 1211 reparari
2063 1170 2189 1212 potest
2207 1162 2239 1209 ³⁸,
2268 1170 2310 1200 ut
2329 1163 2469 1201 scilicet
2497 1205 2508 1215 ⁸

1393 1216 1457 1265 qui
1477 1213 1489 1236 θ
1519 1223 1696 1264 expertus
1726 1223 1781 1252 est
1799 1217 2037 1265 voluptatem
2058 1228 2282 1263 veneream,
2302 1217 2369 1254 fiat
2388 1229 2466 1254 non

1393 1277 1584 1318 expertus:
1606 1282 1685 1306 non
1706 1269 1809 1306 enim
1829 1270 1935 1306 Deus
1954 1277 2081 1318 potest
2099 1270 2223 1306 facere
2243 1277 2285 1307 ut
2302 1282 2346 1307 ea
2366 1282 2465 1318 quae

1392 1323 1489 1359 facta
1525 1330 1612 1359 sunt
1649 1335 1727 1359 non
1761 1323 1833 1359 sint
1866 1323 1979 1371 facta,
2009 1331 2051 1360 ut
2087 1323 2125 1360 in
2153 1323 2285 1360 Primo
2305 1323 2326 1345 '¹‘
2361 1323 2466 1361 habi·
2495 1333 2516 1380 ⁴·
2563 1348 2569 1354 ·

1391 1384 1473 1413 tum
1503 1384 1569 1413 est.

1444 1431 1503 1466 An
1538 1441 1712 1472 QUARTUM
1744 1441 1930 1467 mesanum
1963 1429 2069 1478 quod
2096 1429 2301 1478 virginitas,
2330 1442 2465 1467 secun-

1392 1483 1483 1519 dum
1515 1484 1621 1531 quod
1651 1491 1706 1519 est
1732 1482 1864 1530 virtus,
1895 1483 2075 1532 importat
2103 1483 2344 1532 propositum
2370 1491 2464 1521 voto

1390 1537 1586 1573 firmatum
1625 1536 1843 1584 integritatis
1883 1545 2069 1586 perpetuo
2106 1537 2337 1574 servandae:
2377 1537 2466 1574 dicit

1392 1589 1494 1626 enim
1523 1590 1777 1638 Augustinus,
1807 1590 1846 1627 in
1873 1590 1970 1627 libro
1998 1591 2044 1627 de
2078 1591 2251 1641 Virginit.
2278 1590 2318 1637 ²⁸,
2358 1590 2463 1640 quod

1389 1655 1458 1692 per
1494 1643 1748 1691 virginitatem
1786 1643 1982 1693 integritas
2020 1644 2147 1681 carnis
2184 1644 2255 1693 ipsi
2290 1644 2467 1682 Creatori

1389 1697 1542 1733 animae
1569 1702 1604 1733 et
1630 1697 1757 1733 carnis
1784 1702 1962 1743 vovetur,
1992 1703 2246 1744 consecratur,
2275 1703 2461 1735 servatur.

1388 1815 1507 1851 quam
1536 1803 1718 1840 amittitur
1746 1802 1816 1839 nisi
1844 1815 1914 1852 per
1940 1811 2143 1852 peccatum
2163 1803 2195 1841 *.

1441 1858 1500 1892 An
1530 1868 1694 1898 QumTUM
1726 1867 1912 1893 mcaNDuM
1939 1857 2045 1906 quod
2075 1857 2224 1894 castitas
2253 1857 2461 1906 coniugalis

1389 1920 1434 1944 ex
1462 1909 1537 1945 hoc
1566 1910 1648 1946 solo
1678 1909 1831 1946 laudem
1862 1910 1978 1947 habet
2010 1912 2115 1958 quod
2152 1910 2315 1948 abstinet
2342 1911 2392 1947 ab
2421 1911 2460 1948 il·

1387 1961 1492 1998 licitis
1520 1962 1805 2011 voluptatibus:
1835 1963 1938 2000 unde
1959 1975 2038 2000 non
2067 1963 2184 2000 habet
2212 1963 2379 2013 aliquam
2398 1976 2461 2002 ex-

1388 2015 1602 2053 cellentiam
1627 2028 1742 2064 supra
1762 2028 2013 2053 communem
2034 2016 2256 2054 castitatem.
2286 2017 2460 2055 Viduitas

1386 2076 1514 2106 autem
1544 2069 1649 2106 addit
1684 2069 1842 2117 quidem
1876 2069 2019 2118 aliquid
2055 2082 2171 2119 supra
2209 2082 2459 2108 communem

1358 2111 1359 2135 ³
1387 2122 1615 2160 castitatem:
1650 2135 1728 2159 non
1757 2131 1886 2160 tamen
1915 2123 2091 2172 pervenit
2119 2123 2168 2160 ad
2201 2123 2240 2161 id
2268 2124 2374 2173 quod
2405 2132 2460 2162 est

1358 2174 1359 2200 l
1385 2176 1599 2224 perfectum
1620 2176 1658 2212 in
1678 2176 1837 2213 materia
1856 2176 1938 2224 ista,
1959 2177 2099 2213 scilicet
2118 2177 2167 2214 ad
2188 2177 2458 2215 omnimodam

1386 2228 1667 2266 immunitatem
1696 2242 1886 2267 venereae
1914 2230 2132 2279 voluptatis,
2154 2231 2221 2268 sed
2242 2231 2324 2268 sola
2347 2231 2458 2280 virgi-

1387 2281 1494 2319 nitas.
1525 2283 1574 2319 Et
1602 2282 1689 2319 ideo
1719 2283 1800 2319 sola
1827 2283 2022 2331 virginitas
2050 2283 2205 2332 ponitur
2232 2284 2351 2321 virtus
2374 2297 2458 2334 spe-

1387 2335 1501 2382 cialis,
1523 2335 1618 2372 sicut
1637 2341 1645 2356 ²
1674 2348 1787 2384 supra
1817 2336 2026 2373 castitatem
2056 2336 2151 2373 sicut
2175 2337 2457 2385 magnificentia

1387 2400 1501 2437 supra
1529 2388 1803 2426 liberalitatem.

1437 2511 1463 2543 η)
1484 2510 1624 2536 miraculo.
1637 2524 1657 2529 -
1676 2510 1835 2536 miraculose
1854 2511 1950 2536 PDHa.

1437 2543 1462 2577 θ)
1482 2546 1535 2578 qui.
1547 2559 1567 2565 -
1584 2546 1656 2578 quod
1674 2545 1720 2578 qui
1739 2546 1784 2571 Pa.

1445 2582 1463 2612 ι)
1482 2581 1559 2606 sicut.
1572 2595 1592 2602 ·—
1609 2581 1647 2606 sic
1666 2581 1683 2610 1,
1703 2589 1757 2606 om.
1777 2581 1954 2607 PACDHLsE
1973 2587 1998 2606 et
2016 2589 2043 2607 a.

928 2694 1264 2727 Commentario.
1285 2694 1538 2727 cardinalis
1560 2694 1765 2728 Caietam

290 2787 310 2807 N
334 2776 466 2807 articulo
491 2775 582 2806 tertio
607 2775 749 2806 eiusdem
766 2774 962 2816 quaestionis
978 2775 1328 2816 centesimaequinqua—

264 2788 585 2860 Igesimaesecundae
609 2820 705 2850 dubia
719 2820 821 2850 multa
845 2826 1025 2850 occurrunt.
1050 2819 1195 2850 Primum
1211 2829 1248 2850 ex
1263 2819 1326 2850 Bu-

260 2865 386 2901 ridano,
411 2865 496 2904 apud
519 2864 692 2894 Martinum
706 2864 738 2894 *z
764 2864 852 2904 quod
875 2863 1036 2904 virginitas
1064 2874 1129 2894 non
1153 2863 1192 2895 sit
1215 2863 1326 2895 virtus.

260 2909 343 2946 Quia
362 2908 462 2939 virtus
478 2918 602 2949 semper
625 2915 655 2938 et
678 2908 709 2938 in
726 2908 870 2948 quolibet
886 2914 932 2938 est
946 2907 1054 2939 virtus.
1079 2908 1140 2939 Sed
1164 2908 1325 2948 virginitas

260 2963 325 2983 non
348 2953 379 2982 in
403 2953 547 2993 quolibet
569 2962 694 2993 semper
717 2959 763 2983 est
781 2952 889 2988 virtus,
914 2952 969 2982 sed
992 2953 1188 2993 quandoque
1212 2960 1258 2983 est
1280 2952 1324 2983 vi-

259 2998 357 3028 tium:
384 3003 419 3028 ut
442 3003 527 3037 patet
549 2996 582 3027 in
606 2996 715 3027 multis
740 2996 872 3027 casibus.
897 2997 992 3037 Ergo,
1009 3003 1067 3028 etc.

312 3042 361 3071 Ad
385 3041 447 3071 hoc
469 3041 602 3072 breviter
625 3041 739 3072 dicitur
762 3041 851 3081 quod
875 3041 913 3071 de
927 3041 1096 3072 virtutibus
1112 3048 1142 3072 et
1159 3041 1240 3072 vitiis
1257 3051 1323 3072 non

259 3092 304 3116 est
327 3085 533 3116 iudicandum
557 3085 733 3116 secundum
756 3095 792 3115 ea
815 3095 897 3126 quae
921 3092 994 3116 sunt
1018 3095 1073 3126 per
1089 3085 1243 3122 accidens,
1268 3086 1323 3116 sed

259 3130 434 3160 secundum
457 3129 488 3159 id
512 3129 601 3171 quod
624 3136 671 3160 est
694 3139 749 3170 per
768 3139 811 3160 se.
836 3129 969 3160 Constat
985 3137 1092 3160 autem
1115 3130 1203 3171 quod
1226 3129 1321 3170 virgi-

261 3173 339 3203 nitas
370 3173 529 3204 moraliter
557 3181 703 3214 sumpta,
728 3181 763 3205 ut
793 3173 909 3204 scilicet
935 3173 1088 3215 importat
1118 3174 1322 3215 propositum

260 3224 427 3257 perpetuae
443 3218 689 3259 incorruptionis
708 3225 838 3258 propter
854 3218 969 3255 Deum,
987 3226 1033 3250 est
1048 3219 1133 3249 bona
1149 3218 1321 3256 moraliter,

261 3267 291 3291 et
313 3271 435 3302 semper
458 3269 503 3292 est
526 3262 558 3292 in
582 3262 740 3303 quolibet:
773 3272 846 3293 cum
873 3263 1024 3303 importet
1048 3263 1192 3294 ordinem
1217 3263 1321 3294 rectis-

260 3304 356 3335 simae
379 3306 516 3342 rationis‚
540 3316 606 3347 quo
629 3306 777 3337 inferiora
800 3307 1015 3347 superioribus
1035 3307 1126 3339 bonis
1150 3307 1321 3339 subiiciun-

260 3355 319 3384 tur‚
344 3355 374 3379 et
397 3349 532 3380 maxima
551 3350 726 3382 minoribus
751 3351 979 3391 praeferuntur.
1003 3352 1136 3383 Perinde
1151 3359 1259 3383 autem
1275 3359 1322 3384 est

261 3391 361 3422 dicere
385 3394 472 3433 quod
495 3393 654 3434 virginitas
678 3405 743 3425 non
767 3402 813 3426 est
836 3395 933 3426 virtus
958 3396 1033 3437 quia
1056 3396 1088 3427 in
1113 3396 1221 3437 aliquo
1246 3407 1320 3428 casu

262 3443 402 3475 peccaret
424 3437 522 3476 virgo,
547 3448 582 3468 ac
606 3438 631 3468 si
655 3439 809 3470 diceretur
831 3441 920 3480 quod
944 3440 1053 3481 religio
1077 3451 1143 3471 non
1160 3448 1206 3472 est
1221 3441 1320 3472 virtus

261 3479 335 3520 quia
358 3479 389 3510 in
414 3480 520 3521 aliquo
545 3491 616 3512 casu
640 3492 752 3513 vacans
776 3483 919 3523 religioni
943 3491 1094 3525 peccaret,
1114 3485 1320 3526 impediendo

262 3523 347 3553 aliud
371 3524 578 3555 necessarium
601 3526 734 3557 bonum.
757 3527 860 3558 Dicito
885 3538 959 3568 ergo
984 3529 1072 3570 quod
1095 3529 1182 3560 aliud
1206 3536 1252 3560 est
1276 3530 1320 3560 di-

263 3577 348 3603 cere,
377 3569 404 3598 A
430 3573 475 3598 est
498 3569 617 3606 virtus,
634 3570 700 3600 sive
723 3575 813 3601 actus
837 3573 1009 3611 virtuosus,
1032 3574 1218 3614 simpliciter
1234 3579 1264 3605 et
1287 3575 1319 3605 in

262 3611 398 3651 quolibet
420 3617 451 3642 et
472 3621 611 3655 semper:
641 3620 671 3643 et
700 3614 784 3644 aliud
813 3622 858 3645 est
887 3616 1003 3652 dicere,
1036 3618 1061 3647 A
1086 3627 1211 3658 semper
1234 3623 1265 3649 et
1287 3619 1319 3649 in

1378 2776 1465 2805 omni
1489 2785 1566 2806 casu
1591 2776 1733 2806 virtuose
1749 2781 1857 2816 potest
1880 2777 2036 2807 exerceri.
2067 2776 2101 2807 ln
2126 2776 2232 2818 primo
2257 2777 2343 2808 enim
2368 2778 2452 2810 dicto

1378 2819 1595 2850 consideratur
1622 2819 1749 2850 habitus
1779 2827 1810 2851 et
1840 2827 1928 2851 actus
1956 2821 2134 2852 secundum
2159 2831 2252 2852 suam
2268 2822 2451 2859 rationem:

1377 2863 1410 2894 in
1434 2865 1576 2895 secundo
1601 2871 1708 2895 autem
1733 2864 1974 2896 considerantur
1993 2865 2247 2897 circumstantiae
2264 2873 2295 2897 et
2310 2866 2452 2898 acciden-

1376 2908 1418 2939 tia
1435 2908 1515 2939 circa
1532 2908 1753 2939 executionem
1769 2915 1869 2940 actus.
1894 2909 2030 2941 Constat
2046 2917 2154 2941 autem
2171 2911 2261 2952 quod
2275 2911 2451 2942 multarum

1377 2953 1532 2984 virtutum
1555 2959 1645 2984 actus
1677 2960 1814 2994 possunt
1837 2953 1880 2984 sic
1905 2954 2052 2995 impediri
2076 2954 2251 2996 aliquando
2275 2955 2314 2986 ab
2338 2965 2452 2987 execu-

1377 2997 1480 3034 tione,
1505 2997 1548 3028 ita
1571 2998 1670 3038 quod,
1694 2998 1767 3028 licet
1786 2998 1931 3029 absolute
1955 2998 2018 3030 sint
2032 2998 2176 3036 virtuosi,
2201 2999 2227 3030 si
2244 3006 2350 3030 tamen
2374 3006 2451 3031 tunc

1375 3041 1495 3078 fierent,
1513 3049 1616 3073 essent
1639 3042 1763 3072 vitiosi:
1789 3049 1824 3074 ut
1843 3042 1868 3073 si
1885 3042 1957 3084 quis
1973 3043 2142 3074 celebraret
2157 3044 2288 3084 quando
2304 3042 2450 3076 infirmus

1375 3086 1459 3116 illius
1484 3093 1554 3127 eget
1576 3086 1766 3124 visitatione,
1791 3094 1822 3117 et
1844 3087 1870 3118 si
1894 3087 1967 3130 quis
1990 3088 2134 3119 redderet
2148 3087 2292 3128 gladium
2315 3087 2448 3121 furioso.

1377 3131 1491 3161 Errant
1515 3130 1610 3171 igitur
1634 3130 1714 3162 forte
1739 3130 1837 3172 aliqui
1861 3131 1894 3162 in
1918 3130 1976 3163 hac
1999 3141 2032 3162 re
2060 3141 2127 3163 non
2151 3131 2347 3163 advertentes
2371 3133 2449 3174 quid

1376 3175 1546 3216 virginitas,
1560 3182 1596 3206 ut
1611 3182 1658 3206 est
1673 3185 1794 3206 nomen
1810 3175 1940 3206 moralis
1955 3175 2082 3207 habitus
2098 3183 2154 3208 aut
2169 3182 2267 3213 actus,
2280 3177 2446 3217 importet:

1370 3221 1572 3260 propositum
1605 3220 1723 3251 scilicet
1740 3225 1919 3260 perpetuae
1941 3221 2138 3261 integritatis
2160 3225 2298 3262 propter
2319 3221 2446 3260 Deum,

1348 3274 1349 3282 ¹
1377 3271 1412 3295 ut
1435 3264 1501 3301 hic,
1526 3264 1560 3294 in
1583 3264 1791 3304 responsione
1814 3264 1854 3295 ad
1877 3264 2038 3304 primum,
2061 3264 2093 3295 in
2117 3264 2219 3295 littera
2250 3266 2446 3306 exprimitur.

1375 3309 1410 3339 ln
1434 3309 1492 3339 hac
1517 3308 1603 3339 enim
1625 3309 1747 3339 ratione
1770 3307 1937 3339 manifeste
1957 3315 2089 3350 apparet
2108 3309 2301 3341 rectissimus
2316 3311 2447 3342 rationis

1376 3353 1456 3383 ordo
1481 3353 1659 3384 secundum
1682 3362 1715 3383 se
1739 3359 1770 3383 et
1793 3352 1947 3383 absolute.

1432 3397 1468 3428 11.
1494 3397 1677 3428 Secundum
1698 3406 1734 3427 ex
1751 3396 1920 3432 Richardo‚
1937 3396 1969 3427 in
1985 3407 2079 3427 xxxin
2095 3397 2167 3428 dist.
2182 3398 2200 3416 ¹¹¹
2215 3398 2339 3436 Quarti,
2356 3399 2446 3440 quod

1374 3441 1535 3482 virginitas
1563 3451 1629 3472 non
1653 3447 1699 3472 est
1721 3441 1821 3471 virtus
1845 3440 1989 3472 distincta
2013 3451 2030 3471 a
2055 3442 2194 3474 castitate
2219 3443 2300 3474 sicut
2323 3443 2446 3483 magni-

1375 3485 1500 3517 ficentia
1523 3495 1540 3516 a
1563 3485 1756 3516 liberalitate.
1789 3484 1873 3522 Quia
1897 3485 2026 3516 materia
2053 3485 2238 3527 virginitatis
2262 3494 2293 3518 et
2315 3488 2446 3519 materia

1376 3529 1523 3561 castitatis
1547 3539 1580 3560 se
1603 3529 1720 3560 habent
1743 3536 1779 3560 ut
1802 3529 1901 3569 magis
1925 3536 1956 3560 et
1980 3530 2105 3561 minus:
2130 3538 2161 3562 et
2180 3541 2246 3562 non
2262 3531 2343 3563 sicut
2368 3532 2444 3562 alte-

1375 3574 1439 3605 rius
1456 3580 1486 3605 et
1502 3573 1630 3605 alterius
1653 3573 1794 3610 rationis,
1812 3573 1893 3604 sicut
1909 3574 2039 3605 materia
2055 3574 2306 3616 magnificentiae
2322 3582 2353 3607 et
2369 3575 2444 3607 libe-

1375 3618 1512 3650 ralitatis.
1538 3618 1634 3658 Ergo.
1660 3617 1700 3648 Et
1722 3624 1889 3658 propterea
1912 3628 1986 3649 cum
1999 3618 2113 3650 dicitur
2135 3619 2168 3650 in
2191 3619 2302 3656 littera,
2327 3620 2381 3652 ubi
2396 3625 2443 3651 est

2500 905 2510 914 ⁴
2524 904 2551 925 υ.
2567 904 2623 933 1169.

2492 1601 2503 1610 ⁸
2517 1600 2575 1629 etp.
2589 1607 2640 1624 vm.

2491 1804 2500 1814 “
2515 1803 2543 1825 D.
2558 1803 2616 1826 1168.

2475 3408 2484 3416 ·
2498 3406 2548 3428 Art.
2563 3412 2587 3434 4,
2601 3411 2640 3434 qu.
2656 3412 2672 3429 ι.
