2768 4198
75 547 85 557 ·
99 545 117 566 Ε

74 573 103 594 nl.

74 758 85 770 ⁸
98 757 155 789 Cap.
175 763 244 784 xxiii,
258 757 288 778 nl.

74 791 131 833 3¹1:2⁹⁶
143 817 194 839 cap.
209 816 286 837 xxxix,

73 844 133 860 vers.
148 837 171 860 6.

70 1819 162 1844 m

17 1902 19 1906 .
90 1931 156 1952 ‚mm
175 1936 193 1950 ⁷...
214 1939 245 1949 >w

71 1981 286 2036 &egi-¹¹:3³⁸„
305 1977 395 2014 *liter
422 1977 723 2026 calefaciendum
749 1977 781 2016 ⁸⁸.
822 1978 912 2024 Quo
951 1977 1108 2026 quidem
1138 1975 1278 2014 auxilio
1313 1977 1390 2014 iam

18 2167 21 2170 Δ
71 2142 82 2154 ·
95 2141 164 2164 Vm.
179 2141 212 2164 16.

906 296 1174 351 QUAESTIO
1203 299 1486 347 CLXXXVIII,
1514 302 1811 340 ARTICULUS
1839 304 1926 341 VIII

315 379 403 419 tate,
435 372 646 421 dupliciter.
676 374 764 410 Uno
790 374 923 421 modo,
953 383 1139 423 quantum
1170 377 1218 413 ad
1247 377 1387 414 intelle-

317 433 442 472 ctum,
480 433 523 462 ut
561 425 767 463 instruatur
800 427 839 463 in
874 428 932 463 his
969 440 1067 475 quae
1101 438 1188 466 sunt
1218 438 1387 467 contem-

314 478 476 527 planda:
497 479 600 515 unde
622 479 885 528 Hieronymus
901 480 1002 527 dicit,
1019 482 1070 518 ad
1086 483 1283 519 Rusticum
1298 485 1387 520 Mo·
1412 480 1414 525 ξ

316 533 481 569 nachum
501 531 539 568 *ε
568 532 673 569 Mihi
691 532 819 580 placet
847 539 886 570 ut
912 534 1052 571 habeas
1079 547 1231 573 sacrum
1259 543 1388 573 contu—
1412 537 1415 586 ἰ

315 586 502 631 bernium,
532 597 601 622 nec
628 585 706 633 ipse
734 591 768 622 te
795 586 942 623 doceas.
975 588 1171 635 Secundo,
1202 598 1386 638 quantum
1413 608 1414 613 =

315 639 365 676 ad
385 638 580 686 affectum,
601 647 641 675 ut
661 638 802 675 scilicet
821 638 956 676 noxiae
980 640 1201 678 affectiones
1221 643 1387 680 hominis

316 692 571 741 reprimantur
586 693 763 740 exemplo
780 700 816 729 et
832 693 1067 730 correctione
1084 695 1263 732 aliorum:
1285 696 1387 743 quia,

315 753 357 782 ut
390 745 478 782 dicit
512 745 733 794 Gregorius,
764 747 874 782 XXX
903 747 1048 783 Moral.
1069 747 1100 794 ³³,
1131 761 1247 796 super
1282 749 1386 796 illud,

319 799 393 835 Cui
426 799 513 835 dedi
549 799 586 836 in
621 800 820 836 solitudine
855 799 1010 836 domum
1029 800 1065 837 *z
1110 801 1209 842 Quid
1235 803 1392 849 prodest

312 851 473 889 solitudo
502 853 692 901 corporis,
720 853 755 889 si
779 852 939 890 solitudo
968 853 1131 901 defuerit
1156 855 1311 892 cordis?
1340 857 1389 892 Et
1414 883 1415 886 η

312 905 402 942 ideo
431 906 510 942 vita
546 906 695 943 socialis
733 905 948 943 necessaria
987 915 1042 943 est
1080 907 1128 944 ad
1168 908 1387 945 exercitium

312 959 580 1007 perfectionis:
617 959 783 997 solitudo
812 967 942 997 autem
981 960 1163 1008 competit
1200 962 1275 998 iam
1304 975 1387 1010 per-

313 1012 432 1049 fectis.
462 1013 574 1050 Unde
604 1014 868 1061 Hieronymus
893 1012 994 1059 dicit,
1014 1014 1066 1050 ad
1082 1015 1280 1052 Rusticum
1300 1017 1388 1052 Mo-

313 1067 479 1104 nachum
498 1066 539 1103 ²¹⁶:
569 1066 789 1104 Solitariam
813 1067 931 1104 vitam
950 1069 1301 1115 comprehendimus
1320 1070 1388 1106 mi-

314 1119 436 1166 nime,
471 1131 587 1169 quam
620 1131 771 1168 semper
799 1120 1039 1158 laudabimus
1057 1125 1087 1157 ⁸:
1125 1122 1191 1158 sed
1221 1122 1267 1158 de
1299 1122 1387 1159 ludo

314 1174 634 1211 monasteriorum
660 1174 878 1211 huiusmodi
903 1174 1079 1211 volumus
1106 1175 1239 1223 egredi
1256 1176 1389 1212 milites

313 1237 408 1276 quos
435 1227 650 1264 rudimenta
680 1239 755 1264 non
785 1233 964 1273 terreant,
993 1227 1059 1275 qui
1084 1228 1271 1275 specimen
1301 1241 1389 1266 con-

311 1281 658 1330 uersatipnzssuae
686 1282 803 1318 multo
832 1289 1001 1329 tempore
1028 1280 1208 1318 dederint.

358 1329 475 1371 *Sicut
502 1334 614 1383 igitur
641 1334 678 1371 id
708 1334 815 1383 quod
843 1335 921 1372 iam
950 1334 1162 1383 perfectum
1183 1341 1250 1380 est,
1281 1347 1390 1383 prae-

313 1388 458 1425 eminet
493 1388 529 1425 ei
560 1388 667 1437 quod
695 1389 744 1425 ad
778 1388 1055 1437 perfectionem
1085 1395 1302 1433 exercetur;
1341 1389 1390 1425 ita

313 1439 391 1478 vita
411 1441 680 1489 solitariorum,
702 1442 733 1479 si
752 1442 878 1480 debite
899 1449 1128 1489 assumatur,
1153 1441 1391 1490 praeeminet

312 1494 415 1532 vitae
444 1495 585 1546 sociali.
616 1495 655 1532 Si
685 1503 815 1532 autem
845 1496 992 1544 absque
1019 1495 1266 1544 praecedenti
1286 1508 1391 1532 exer-

313 1548 402 1585 citio
422 1548 506 1586 talis
525 1549 603 1586 vita
623 1557 853 1596 assumatur,
875 1557 930 1586 est
947 1549 1292 1598 periculosissima:
1322 1549 1392 1586 nisi

312 1613 383 1651 per
411 1602 581 1640 divinam
610 1603 771 1650 gratiam
797 1604 1019 1652 suppleatur
1038 1603 1143 1651 quod
1163 1602 1201 1640 in
1220 1603 1302 1640 aliis
1321 1615 1391 1652 per

314 1655 535 1693 exercitium
573 1656 798 1704 acquiritur,
829 1657 926 1694 sicut
953 1663 1057 1706 patet
1086 1656 1133 1693 de
1162 1657 1283 1693 beatis
1311 1659 1390 1693 An·
1415 1687 1417 1694 .

312 1709 421 1746 tonio
439 1708 461 1732 *
488 1717 526 1746 et
553 1709 764 1747 Benedicto
783 1709 836 1747 W.

366 1764 426 1800 An
446 1774 586 1800 ramum
605 1775 705 1801 ERGO
725 1775 913 1801 DICENDUM
933 1763 1039 1812 quod
1056 1763 1390 1801 Salomonosten-

313 1815 367 1854 dit
386 1816 524 1854 melius
553 1829 637 1854 esse
668 1817 773 1867 quod
802 1817 876 1854 sint
903 1816 982 1854 duo
1005 1816 1117 1853 simul
1138 1828 1255 1865 quam
1277 1829 1389 1862 unus,
1415 1812 1417 1820 ⁸

120 1873 285 1923 Q*
311 1877 472 1920 propter
499 1870 683 1908 auxilium
713 1870 820 1919 quod
849 1882 949 1907 unus
978 1871 1095 1907 habet
1122 1870 1171 1906 ab
1200 1869 1297 1916 alio,
1326 1871 1390 1907 vel

195 1919 208 1927 ”
313 1923 363 1961 ad
389 1923 665 1962 sublevandum
683 1925 746 1962 vel
767 1924 816 1962 ad
826 1924 1042 1972 fovendum
1060 1924 1123 1960 vel
1144 1923 1193 1960 ad
1218 1923 1391 1972 spiritua-

136 546 173 567 ist.
194 544 288 572 CXXV,

130 572 160 598 V,
175 578 198 593 n.
213 578 236 600 9.

136 790 160 806 in
180 787 224 806 vet.
239 790 287 805 xvi.

313 2043 390 2068 non
422 2031 591 2080 indigent
619 2031 685 2082 qui
713 2038 801 2068 sunt
828 2031 1104 2080 perfectionem
1134 2031 1308 2068 assecuti.

365 2087 426 2122 An
445 2097 640 2124 sncunnun
658 2096 846 2123 memnon
865 2085 984 2134 quod,
1001 2085 1098 2122 sicut
1117 2084 1254 2122 dicitur
1270 2085 1283 2121 I
1300 2083 1313 2108 ζ
1333 2085 1391 2121 Ιο-

313 2150 375 2176 an.
408 2150 444 2176 iv
470 2138 512 2187 ¹¹⁸,
541 2139 609 2188 qui
634 2145 764 2176 manet
790 2139 827 2176 in
857 2139 1035 2185 caritate,
1065 2139 1102 2175 in
1130 2139 1214 2175 Deo
1243 2143 1390 2183 manet,

313 2198 349 2230 et
374 2193 481 2230 Deus
507 2193 546 2230 in
574 2205 630 2230 eo.
663 2192 768 2230 Sicut
797 2204 887 2240 ergo
913 2190 1086 2229 Christus
1115 2199 1171 2228 est
1194 2191 1232 2229 in
1261 2191 1391 2228 medio

313 2258 450 2284 eorum
478 2246 548 2295 qui
570 2246 641 2283 sibi
661 2246 828 2283 invicem
857 2257 928 2295 per
955 2244 1200 2282 dilectionem
1229 2244 1392 2294 proximi

169 2089 186 2120 t

1412 445 1414 476 }
1441 435 1751 482 contemplationi
1780 435 1914 472 insistit
1941 448 2010 483 per
2039 436 2280 474 dilectionem
2310 438 2395 475 Dei.

366 2359 390 2392 ι)
408 2366 514 2392 amper-
537 2359 718 2386 laudabimus.
737 2372 756 2379 -
777 2365 857 2391 saepe
881 2359 1053 2384 laudavimus
1078 2358 1132 2388 Pa,·
1155 2365 1204 2390 pro
1228 2358 1300 2387 ludo,
1327 2357 1392 2382 nido

313 2395 373 2422 PCa
379 2402 387 2427 5
406 2404 455 2429 pro
467 2396 570 2430 egredi,
583 2396 685 2430 egressi
697 2394 876 2425 ABCEFIKL,
888 2402 998 2428 egressu
1012 2395 1035 2419 D
1042 2401 1050 2425 3
1069 2402 1119 2427 pro
1131 2394 1294 2424 rudimenta,
1307 2393 1391 2419 eremi

312 2431 468 2457 rudimenta
493 2431 565 2457 dura
590 2431 643 2460 Pa,·
661 2439 710 2464 pro
734 2430 876 2463 specimen,
901 2430 1013 2463 speciem
1039 2429 1156 2461 codices;
1182 2438 1230 2463 pro
1255 2429 1389 2458 dederint,

2430 308 2501 344 535

1441 379 1643 427 sociantur,
1664 381 1714 418 ita
1741 382 1883 418 habitat
1909 383 1946 419 in
1975 384 2088 419 corde
2105 383 2125 405 '¹‘
2154 383 2233 420 eius
2261 385 2325 434 qui
2351 385 2502 423 divinae
2529 394 2741 448 23h53-0np-nn

1494 488 1552 521 AD
1572 498 1732 524 TERT1UM
1753 499 1937 525 monimum
1959 491 2062 537 quod
2083 497 2168 526 actu
2189 490 2344 527 obedire
2366 499 2419 527 est
2438 504 2501 528 ne-

1443 538 1648 576 cessarium
1670 540 1727 577 his
1751 541 1815 588 qui
1837 541 2005 589 indigent
2031 542 2195 579 exerceri
2215 543 2427 580 secundum
2450 544 2503 581 di-

1442 592 1650 629 rectionem
1682 594 1842 630 aliorum
1872 595 1920 631 ad
1948 595 2222 643 perfectionem
2261 597 2500 645 capiendam.

1443 644 1519 681 Sed
1535 645 1585 681 illi
1601 646 1664 694 qui
1684 647 1760 683 iam
1780 647 1936 695 perfecti
1952 656 2048 694 sunt,
2065 649 2205 697 Spiritu
2219 650 2295 685 Dei
2312 650 2503 686 sufficien-

1442 704 1497 733 ter
1525 705 1694 747 aguntur
1707 699 1738 745 ³¹⁶,
1760 707 1800 736 ut
1820 712 1897 737 non
1917 700 2109 749 indigeant
2128 710 2213 739 actu
2233 702 2312 739 aliis
2332 703 2501 740 obedire.
2529 707 2740 762 {filavffnmiffp'

1442 750 1596 788 Habent
1611 760 1739 789 tamen
1751 753 2008 790 obedientiam
2024 755 2361 803 inpraeparatione
2373 755 2501 792 animi.
2574 750 2579 760 ’
2648 751 2653 756 ’
2694 751 2699 756 ’

1495 806 1552 840 An
1582 816 1755 847 QUARTUM
1783 817 1967 843 DtCENDUM
1996 809 2116 856 quod,
2147 809 2241 845 sicut
2269 809 2502 856 Augustinus

1442 855 1542 902 dicit,
1563 857 1601 894 in
1617 859 1707 896 XIX
1734 859 1779 895 de
1798 859 1877 896 Civ.
1894 860 1968 896 Dei
1984 859 2015 907 ²³,
2036 872 2060 897 a
2078 862 2199 898 studio
2218 863 2504 911 cognoscendae

1440 910 1605 947 veritatis
1633 923 1742 947 nemo
1765 913 1998 959 prohibetur,
2020 915 2121 961 quod
2137 915 2188 951 ad
2205 914 2393 952 laudabile
2412 926 2501 964 per-

1441 963 1530 999 tinet
1557 964 1685 1000 otium.
1721 965 1838 1011 Quod
1866 974 1992 1002 autem
2023 967 2157 1015 aliquis
2184 979 2296 1016 super
2331 968 2502 1005 candela-

1442 1016 1552 1052 brum
1574 1023 1743 1065 ponatur
1756 1017 1787 1064 ²⁸,
1818 1030 1896 1055 non
1923 1019 2085 1067 pertinet
2113 1020 2160 1057 ad
2189 1021 2328 1069 ipsum,
2359 1022 2426 1058 sed
2454 1022 2501 1058 ad

1442 1068 1522 1105 eius
1551 1070 1778 1118 superiores.
1813 1071 1918 1112 Quae
1945 1073 2095 1109 sarcina
2123 1074 2157 1109 si
2178 1086 2251 1110 non
2276 1074 2502 1122 imponatur,

1441 1130 1481 1158 ut
1509 1123 1743 1170 Augustinus
1773 1123 1914 1160 ibidem
1945 1125 2083 1172 subdit,
2114 1127 2421 1175 contemplandae
2442 1139 2503 1164 ve-

2529 868 2539 878 *
2554 867 2611 896 Cap.
2625 875 2673 890 xix.

2529 1025 2539 1034 ⁸
2553 1023 2588 1045 Cf.
2600 1024 2646 1046 loc.
2661 1024 2699 1046 cit.
2716 1025 2738 1046 in

2526 1056 2574 1077 arg.

1442 1175 1544 1212 ritati
1569 1177 1784 1213 vacandum
1804 1183 1876 1223 est,
1906 1178 1954 1214 ad
1984 1191 2099 1227 quam
2128 1180 2335 1228 plurimum
2356 1185 2374 1207 “¹
2401 1182 2503 1218 valet
2626 1192 2642 1215 η

1443 1229 1619 1266 solitud0.

1497 1283 1543 1318 Et
1571 1291 1702 1319 tamen
1731 1282 1780 1319 illi
1810 1284 1872 1331 qui
1898 1283 2105 1320 solitariam
2121 1285 2240 1321 vitam
2261 1293 2386 1334 agunt,
2407 1287 2503 1322 mul-

1442 1342 1524 1371 tum
1544 1335 1653 1372 utiles
1673 1343 1760 1372 sunt
1782 1336 1910 1383 generi
1930 1337 2112 1374 humano.
2142 1338 2252 1375 Unde
2272 1339 2504 1387 Augustinus

1444 1387 1544 1434 dicit,
1566 1389 1603 1425 in
1632 1389 1728 1424 libro
1757 1389 1803 1425 de
1830 1390 2007 1426 Moribus
2024 1390 2216 1428 Ecclesiae
2237 1391 2268 1438 ⁵¹⁸,
2289 1392 2337 1429 de
2365 1392 2422 1429 his
2452 1394 2505 1428 lo-
2530 1396 2610 1424 Ὀψ-
2625 1403 2687 1419 ¹¹¹¹-

1444 1453 1583 1489 quens:
1622 1443 1727 1478 Pane
1753 1442 1853 1487 solo,
1887 1444 1953 1490 qui
1986 1443 2038 1480 eis
2070 1455 2142 1492 per
2175 1450 2276 1481 certa
2308 1446 2504 1482 intervalla

1443 1501 1655 1543 temporum
1674 1494 1846 1544 affertur,
1876 1501 1912 1531 et
1930 1507 2031 1543 aqua
2051 1498 2222 1542 contenti,
2242 1499 2507 1535 desertissimas

1442 1554 1564 1585 terras
1602 1548 1788 1593 incolunt,
1821 1549 2060 1596 perfruentes
2096 1550 2280 1598 colloquio
2318 1552 2410 1597 Dei,
2448 1552 2510 1587 cui

1436 1602 1547 1651 puris
1575 1602 1762 1639 mentibus
1789 1603 2041 1639 inhaeserunt.
2077 1603 2255 1639 Videntur
2273 1609 2397 1640 autem
2418 1616 2508 1640 non-

1444 1655 1555 1693 nullis
1574 1667 1634 1692 res
1652 1656 1841 1692 humanas
1852 1655 1942 1704 plus
1956 1667 2071 1704 quam
2091 1662 2277 1704 oporteret
2295 1657 2508 1703 deseruisse,

1443 1721 1518 1746 non
1549 1708 1839 1758 intelligentibus
1867 1715 2048 1757 quantum
2069 1709 2176 1746 nobis
2203 1722 2333 1747 eorum
2362 1710 2510 1747 animus

1442 1763 1480 1800 in
1509 1762 1743 1800 orationibus
1765 1763 1898 1811 prosit,
1923 1768 1959 1799 et
1983 1763 2060 1800 vita
2089 1763 2140 1799 ad
2166 1763 2392 1812 exemplum,
2420 1775 2510 1812 quo-

1443 1829 1529 1853 rum
1558 1827 1722 1864 corpora
1751 1816 1879 1852 videre
1907 1828 1981 1853 non
2010 1817 2183 1853 sinimur.

1496 1871 1554 1906 AD
1584 1881 1749 1912 QmNTUM
1777 1880 1963 1907 memnona
1992 1869 2097 1918 quod
2125 1870 2245 1906 homo
2274 1877 2399 1919 potest
2425 1870 2510 1907 soli-

1443 1923 1558 1960 tarius
1587 1923 1720 1960 vivere
1750 1923 1959 1972 dupliciter.
1990 1923 2079 1960 Uno
2104 1924 2236 1970 modo,
2267 1923 2373 1972 quasi
2394 1923 2509 1960 socie—

1443 1984 1560 2014 tatem
1589 1978 1802 2014 humanam
1832 1988 1911 2026 non
1940 1977 2064 2013 ferens
2097 1984 2253 2025 propter
2281 1976 2398 2014 animi
2429 1989 2510 2014 sae-

1443 2030 1596 2068 vitiam:
1627 2038 1663 2067 et
1690 2031 1766 2067 hoc
1795 2037 1851 2067 est
1878 2029 2046 2067 bestiale.
2076 2029 2162 2066 Alio
2188 2029 2321 2077 modo,
2350 2042 2418 2079 per
2436 2031 2510 2067 hoc

1444 2084 1551 2132 quod
1578 2083 1742 2120 totaliter
1770 2083 1908 2121 divinis
1937 2084 2051 2120 rebus
2080 2084 2270 2120 inhaeret:
2301 2091 2337 2120 et
2363 2084 2436 2120 hoc
2457 2091 2511 2121 est

1445 2149 1560 2186 supra
1588 2137 1800 2174 hominem.
1831 2138 1880 2174 Et
1908 2137 1995 2174 ideo
2023 2137 2280 2186 Philosophus
2300 2136 2398 2183 dicit,
2428 2138 2465 2174 in
2494 2139 2508 2173 I

1444 2191 1551 2228 Polit.
1572 2190 1604 2238 ²¹²,
1633 2191 1740 2240 quod
1769 2190 1831 2227 ille
1857 2191 1924 2239 qui
1949 2191 2033 2227 aliis
2062 2202 2136 2227 non
2166 2191 2429 2237 communicat,
2459 2196 2513 2227 est
2536 2228 2578 2250 ‚C

1445 2245 1560 2281 bestia
1588 2250 1656 2281 aut
1681 2245 1783 2290 deus,
1813 2244 1910 2281 idest
1938 2243 2088 2282 divinus
2115 2244 2186 2281 vir.
2486 2254 2489 2259 ·
2535 2254 2559 2276 s
2575 2234 2746 2277 Kiakis?

1444 2357 1604 2382 didiscerint
1617 2357 1695 2387 BKL,
1708 2357 1871 2382 dediscerint
1884 2356 1914 2386 E,
1929 2356 2070 2381 didiscerit
2081 2355 2100 2386 1,
2113 2356 2259 2382 didicerint
2272 2356 2337 2386 Fsc,
2351 2356 2510 2385 didicerunt,

1444 2393 1556 2426 Pnupc
1574 2398 1600 2418 et
1618 2400 1644 2423 a,
1664 2393 1707 2417 vel
1725 2393 1879 2418 didicerant
1897 2392 1945 2425 pC.
1963 2392 2136 2418 didicuerunt
2153 2393 2184 2417 Α.

1496 2428 1521 2462 ζ)
1544 2429 1564 2454 Ι.
1577 2442 1596 2447 -
1614 2428 1676 2453 Orn.
1694 2435 1712 2453 a
1731 2433 1756 2453 et
1775 2428 1877 2453 codices
1897 2436 1950 2454 cxc.
1970 2427 2013 2454 sC.

1493 2464 1522 2497 η)
1537 2464 1696 2497 plurimum.
1708 2478 1726 2483 -
1743 2464 1889 2489 secundum
1909 2463 2096 2495 Philosophum
2116 2463 2235 2496 AFHpC.

995 2545 1336 2579 Commentaria
1358 2544 1614 2581 Cardinalis
1636 2544 1841 2577 Caietam

343 2636 365 2656 u
388 2625 521 2657 arficulo
552 2632 667 2656 octavo
697 2625 842 2655 eiusdem
872 2623 1085 2665 quaestionis,
1110 2624 1172 2654 hoc
1202 2624 1310 2654 solum
1338 2623 1386 2654 di-

316 2637 484 2702 Icendum
507 2677 565 2709 est,
585 2677 621 2702 ut
644 2669 771 2701 tentatis
795 2669 834 2699 ad
856 2669 955 2700 vitam
979 2668 1154 2700 solitariam
1176 2669 1258 2700 bene
1282 2668 1387 2708 expla-

1439 2622 1584 2663 benigni,
1608 2623 1761 2659 humiles,
1787 2621 1959 2658 mansueti,
1984 2621 2123 2652 contenti
2153 2630 2234 2661 pane
2264 2627 2295 2650 et
2324 2630 2420 2660 aqua,
2445 2624 2502 2650 etc.

1439 2668 1675 2710 Persectorum,
1691 2667 1795 2708 inquit
1810 2665 1986 2706 Apostolus
2000 2665 2028 2702 ¹⁸,
2051 2665 2173 2696 solidus
2195 2670 2242 2695 est
2264 2665 2370 2695 cibus:
2393 2673 2502 2694 eorum
2531 2665 2540 2674 ⁸
2554 2664 2588 2685 Cf·
2604 2670 2667 2692 corp.
2682 2668 2724 2686 an.

312 2722 406 2747 netur
429 2715 535 2756 primo
568 2714 712 2746 doctrina
735 2714 823 2744 haec.
853 2714 896 2744 Et
919 2713 1100 2745 examinent
1123 2723 1173 2750 se,
1203 2713 1230 2744 si
1258 2720 1389 2754 propter
1442 2713 1498 2754 qui
1527 2714 1721 2744 exercitatos
1749 2712 1866 2742 habent
1885 2719 1950 2751 pro
1980 2709 2208 2741 consuetudine
2229 2718 2343 2739 sensus
2371 2708 2415 2741 ad
2440 2708 2503 2739 dis-

312 2759 411 2790 animi
434 2759 619 2802 passionem
644 2758 852 2789 solitudinem
875 2765 1049 2799 quaerunt:
1081 2765 1137 2789 aut
1160 2764 1291 2798 propter
1317 2767 1388 2798 per-

312 2803 487 2836 fectionem
510 2803 592 2835 vitae
615 2803 679 2834 iam
704 2809 892 2840 assecutam,
916 2803 959 2834 ita
982 2810 1019 2834 ut
1042 2802 1104 2833 sint
1129 2802 1193 2833 iarn
1224 2801 1388 2843 patientes,

1440 2757 1654 2794 cernendum,
1679 2756 1814 2796 practice
1845 2762 1877 2786 et
1905 2754 2088 2790 affectuose,
2119 2754 2235 2784 bonum
2266 2758 2296 2783 et
2324 2753 2457 2784 malum.
2479 2769 2500 2776 -
2527 2767 2738 2795 medumpam,

1446 2802 1528 2840 Quis
1543 2807 1589 2832 est
1611 2801 1691 2832 hic?
1713 2806 1744 2831 et
1766 2799 1969 2831 laudabimus
1992 2809 2062 2829 eum
2078 2798 2106 2828 *.
2527 2800 2585 2816 vers.
2600 2801 2622 2823 ⁹·
