2768 4198
1346 316 1513 354 INDEX

328 394 493 415 ARTlCULUs
512 396 531 414 v
581 389 684 416 Utrum
707 389 792 417 etiam
814 390 919 427 aliquis
933 392 1038 428 gradus
1053 393 1222 428 prophetiae

611 429 647 457 sit
667 429 697 457 in
719 430 811 457 beatis
824 452 1219 461 ..............
1238 443 1311 472 pag.
1346 435 1401 470 398
1428 462 1430 468 s

412 478 426 492 »
510 476 540 495 vt
582 469 685 496 Utrum
704 471 811 506 gradus
826 471 995 506 prophetiae
1010 472 1156 501 varientur
1178 483 1222 501 se-

611 510 742 537 cundum
763 510 904 546 temporis
925 521 1092 547 processum
1096 534 1222 542 .....
1306 525 1320 540 x·
1347 515 1401 550 399

422 582 616 616 QUAESTIO
648 582 1312 620 CENTESIMASEPTUAGESIMAQUINTA

773 643 821 672 De
846 646 961 680 raptu.

329 716 494 737 Alimentus
510 717 519 736 1
580 708 683 736 Utrum
706 708 804 737 anima
825 710 952 738 hominis
972 711 1100 748 rapiatur
1120 713 1158 740 ad
1177 712 1222 740 vdi-

614 757 680 776 vma
684 770 1221 780 ...................
1306 763 1320 778 »
1343 760 1401 787 402

411 799 427 814 ›
512 797 531 815 11
583 789 686 816 Utrum
708 795 807 825 raptus
829 790 920 827 magis
942 791 1084 827 pertineat
1104 793 1140 820 ad
1163 792 1222 820 vim

610 829 796 865 appetitivam
819 839 907 866 quam
930 832 966 859 ad
987 831 1043 859 vim
1066 832 1219 868 cognosci-

612 869 701 897 tivam
727 891 1219 900 .................
1304 883 1318 897 »
1343 872 1399 907 403

413 919 428 934 s
511 918 541 937 111
584 910 686 937 Utrum
710 910 815 938 Paulus
829 910 859 937 in
873 918 958 947 raptu
979 911 1081 940 viderit
1103 912 1156 940 Dei
1178 922 1222 941 es-
1428 926 1429 956 3

611 956 733 978 sennam
764 971 1221 981 ................
1305 963 1319 978 »
1343 961 1402 987 404
1428 975 1429 983 1

411 1001 426 1015 ι
510 998 539 1017 rv
579 990 683 1017 Utrum
705 991 811 1018 Paulus
833 991 862 1018 in
885 998 969 1027 raptu
983 992 1067 1020 fuerit
1081 992 1223 1021 alienatus

610 1039 627 1057 a
649 1030 782 1059 sensibus
794 1053 1219 1062 ...............
1303 1043 1318 1057 ¹·
1343 1034 1401 1067 406

411 1081 427 1096 »
510 1078 529 1097 v
580 1070 685 1098 Utrum
699 1071 797 1099 anima
819 1071 900 1099 Pauli
922 1072 951 1100 in
972 1079 1047 1100 statu
1069 1073 1117 1100 illo
1139 1073 1224 1101 fuerit

611 1110 739 1139 totaliter
759 1121 776 1139 a
797 1121 921 1148 corpore
942 1119 1074 1149 separata
1097 1134 1222 1141 .....
1306 1123 1321 1138 »
1344 1120 1402 1148 407

411 1161 426 1176 »
510 1159 542 1178 vr
581 1151 685 1179 Utrum
697 1151 803 1179 Paulus
814 1152 989 1189 ignoraverit
1000 1162 1036 1180 an
1049 1152 1110 1180 eius
1124 1153 1223 1181 anima

612 1191 696 1219 fuerit
717 1201 734 1220 a
756 1201 880 1228 corpore
901 1199 1033 1228 separata
1037 1214 1222 1221 .......
1305 1205 1319 1218 »
1344 1193 1403 1227 408

430 1265 626 1299 QUAESTIO
660 1266 1303 1295 CENTESIMASEPTUAGESIMASEXTA

462 1326 466 1327 ⁷
661 1331 711 1360 De
733 1331 849 1366 gratia
873 1331 1077 1367 linguarum.
1114 1326 1117 1328 ’

255 1334 325 1350 Lls

329 1409 496 1430 ωτι-10111115
518 1407 528 1429 1
582 1402 686 1430 Utrum
709 1401 748 1430 illi
771 1402 821 1439 qui
842 1404 1097 1440 consequebantur
1112 1405 1224 1432 donum

611 1441 786 1479 linguarum,
802 1443 997 1479 loquebantur
1015 1444 1152 1472 omnibus
1167 1444 1223 1472 lin-

652 1492 674 1510 is
690 1503 1216 1512 ..................
1303 1496 1316 1509 »
1370 1493 1404 1511 10

413 1533 427 1548 »
511 1531 532 1550 11
583 1492 688 1550 013τῖ111
711 1521 822 1551 donum
840 1523 1004 1559 linguarum
1027 1523 1064 1551 sit
1085 1522 1226 1552 excellen·
1344 1494 1363 1518 4

611 1562 668 1591 tius
690 1572 778 1600 quam
799 1563 891 1600 gratia
911 1563 1082 1600 prophetiae
1098 1585 1225 1592 .....
1309 1575 1323 1589 ι
1347 1573 1401 1598 411

411 1634 608 1670 QUAESTIO
640 1634 1326 1673 CENTESIMASEPTUAGESlMASEPTlMA

295 1706 299 1710 ·
355 1699 406 1728 De
434 1698 552 1734 gratia
577 1698 692 1734 grafio
720 1697 805 1727 data
832 1705 922 1734 quae
949 1698 1115 1728 consistit
1141 1699 1178 1728 in
1205 1707 1380 1729 sermone.

329 1778 495 1799 sanctinus
509 1779 520 1798 1
581 1770 686 1799 Utrum
700 1769 731 1798 in
745 1779 882 1798 sermone
897 1771 1036 1798 consistat
1051 1770 1149 1807 aliqua
1162 1780 1227 1808 gra-

611 1810 651 1838 tia
671 1810 759 1847 gratis
788 1811 855 1838 data
857 1831 1224 1840 .............
1311 1824 1324 1837 »
1347 1821 1407 1847 414

412 1862 428 1877 ι
511 1859 532 1878 11
583 1851 686 1878 Utrum
715 1851 806 1887 gratia
834 1850 977 1878 sermonis
1007 1850 1164 1888 sapientiae
1200 1859 1228 1880 et

612 1891 749 1918 scientiae
764 1890 906 1927 pertineat
926 1891 1014 1919 etiam
1029 1892 1066 1919 ad
1082 1892 1224 1920 mulieres.
1309 1903 1324 1918 »
1347 1893 1404 1927 415

418 1955 614 1993 QUAESTIO
637 1955 1319 1987 CENTESIMASEPTUAGESIMAOCTAVA

635 2018 684 2047 De
704 2018 821 2053 grana
842 2019 1098 2048 miraculorum.

329 2100 520 2124 ARthtJLUSI
582 2091 687 2120 Utrum
708 2090 806 2127 aliqua
826 2091 918 2127 gratia
937 2091 1025 2128 gratis
1053 2091 1120 2120 data
1148 2091 1227 2120 ordi-

613 2138 697 2159 netur
718 2131 756 2159 ad
778 2131 918 2159 miracula
935 2131 1067 2160 facienda
1070 2152 1225 2161 ......
1310 2144 1324 2159 »
1347 2142 1406 2169 417

411 2185 428 2201 ›
511 2181 533 2201 11
579 2173 684 2200 Utrum
707 2171 775 2199 mali
798 2171 911 2208 possint
933 2171 1073 2200 miracula
1095 2172 1197 2200 facere.
1219 2194 1226 2200 .
1310 2182 1324 2198 »
1347 2181 1406 2210 419

445 2247 642 2284 QUAESTIO
664 2246 1293 2274 CENTESIMASEPTUAGESIMANONA

362 2313 412 2342 De
435 2310 605 2340 divisione
625 2308 722 2337 vitae
742 2314 804 2344 per
825 2308 978 2336 activam
1000 2309 1036 2336 et
1057 2308 1373 2344 contemplativam.

583 2376 687 2404 Utrum
709 2374 766 2402 vita
788 2373 997 2402 convenienter
1011 2373 1156 2401 dividatur
1176 2383 1228 2410 per

613 2414 736 2443 activam
758 2420 786 2442 et
811 2414 1066 2450 contemplativam
1071 2435 1228 2442 ......

411 2471 427 2486 ι
511 2465 533 2486 11
584 2457 687 2484 Utrum
710 2454 768 2482 vita
797 2452 976 2483 sufficienter
1004 2454 1150 2482 dividatur
1176 2463 1228 2491 per

612 2495 735 2524 activam
759 2501 787 2522 et
808 2494 1064 2531 contemplativam
1092 2515 1228 2523 ......

520 2569 717 2606 QUAESTIO
745 2568 1222 2596 CENTESIMAOCTOGESIMA

641 2630 690 2658 De
711 2628 787 2658 vita
816 2628 1098 2665 contemplativa.

329 2386 498 2410 ARTICULUS
511 2386 522 2405 1

1311 2425 1326 2440 »
1349 2422 1403 2450 421

1312 2505 1327 2521 ι
1349 2503 1408 2530 422

583 2697 685 2724 Utrum
707 2694 767 2722 vita
786 2693 1011 2730 contemplativa
1032 2694 1103 2722 nihil
1124 2694 1230 2722 habeat

614 2736 645 2764 in
672 2734 788 2770 affectu,
817 2735 869 2762 sed
894 2741 989 2762 totum
1018 2733 1047 2762 in
1070 2734 1226 2763 intellectu.

412 2791 427 2806 ι
512 2787 533 2806 11
582 2778 688 2805 Utrum
709 2775 829 2803 virtutes
850 2774 976 2802 morales
1005 2774 1168 2810 pertineant
1189 2775 1227 2802 ad

614 2816 704 2844 vitam
731 2814 985 2851 contemplativam
1009 2836 1226 2843 ........

585 2858 690 2886 Utrum
711 2856 748 2883 ad
770 2855 859 2883 vitam
881 2854 1136 2891 contemplativam
1162 2864 1227 2891 per-

615 2897 726 2925 tineant
747 2895 852 2923 diversi
873 2902 954 2923 actus
981 2916 1227 2923 .........

585 2939 689 2966 Utrum
711 2935 768 2964 vita
789 2935 1014 2972 contemplativa
1039 2935 1135 2962 solum
1157 2944 1227 2963 con-

614 2977 695 3006 sistat
709 2976 738 3003 in
753 2975 1000 3012 contemplatione
1012 2974 1076 3009 Dei,
1091 2984 1128 3003 an
1140 2974 1227 3003 etiam

614 3018 644 3045 in
666 3016 899 3044 consideratione
920 3015 1130 3052 cuiuscumque
1153 3015 1228 3043 veri-

616 3058 681 3086 tatis
708 3075 1224 3085 ..................

586 3099 688 3127 Utrum
716 3096 774 3124 vita
802 3095 1038 3132 contemplativa,
1066 3095 1227 3123 secundum

615 3145 719 3166 statum
742 3136 827 3164 huius
848 3136 931 3171 vitae,
953 3135 1045 3172 possit
1066 3135 1228 3172 pertingere

617 3179 654 3207 ad
675 3177 816 3205 visionem
838 3176 951 3204 divinae
973 3174 1113 3204 essentiae
1129 3197 1135 3203 .
1158 3196 1165 3203 .
1188 3196 1195 3203 .
1218 3196 1225 3203 .

585 3220 689 3247 Utrum
704 3217 834 3254 operatio
850 3215 1106 3252 contemplationis
1120 3224 1226 3243 conve-

614 3258 726 3287 nienter
747 3257 938 3294 distinguatur
958 3265 1011 3292 per
1032 3262 1089 3283 tres
1111 3261 1225 3290 motus,

616 3298 799 3330 circularem,
822 3303 930 3325 rectum
953 3304 981 3324 et
1001 3295 1165 3332 obliquum.
1188 3315 1196 3323 .
1219 3316 1226 3323 .

415 3350 431 3366 »
514 3347 555 3366 vn
586 3338 690 3366 Utrum
711 3337 916 3374 contemplatio
931 3335 1151 3364 delectationem
1174 3336 1225 3363 ha-

615 3378 682 3405 beat
710 3396 1225 3406 ..................

417 3431 431 3446 »
514 3427 566 3446 vm
586 3418 690 3445 Utrum
705 3417 763 3445 vita
781 3417 1005 3454 contemplativa
1025 3416 1060 3444 sit
1081 3415 1226 3443 diuturna.

465 3485 660 3521 QUAESTIO
682 3484 1275 3529 CiijTESiMAOCTOGESIMAPRlMA

722 3545 771 3574 De
793 3546 869 3573 vita
888 3546 1018 3575 activa.

329 2707 496 2730 ARTlCULth
512 2707 522 2725 1

1309 2746 1324 2762 t
1347 2742 1408 2771 424

1309 2826 1324 2841 »
1347 2816 1405 2850 425

413 2871 429 2887 ἱ
513 2867 545 2887 111

1310 2906 1325 2920 v
1347 2896 1406 2930 426

415 2952 430 2968 t
515 2947 544 2967 IV

414 3111 431 3127 ἱ
515 3108 534 3127 V

416 3231 431 3246 »
514 3227 545 3247 Vl

585 3605 689 3633 Utrum
705 3612 808 3631 omnes
823 3610 903 3631 actus
918 3602 1056 3631 virtutum
1072 3603 1225 3631 moralium

614 3643 778 3681 pertineant
798 3644 835 3671 ad
856 3642 943 3671 vitam
973 3643 1094 3671 activam
1097 3664 1226 3672 .....

417 3698 431 3713 »
514 3694 535 3713 11
586 3686 689 3713 Utrum
722 3683 875 3720 prudentia
902 3682 1043 3719 pertineat
1072 3684 1110 3710 ad
1138 3683 1225 3711 vitam

616 3731 739 3754 activam
765 3745 772 3752 .
795 3745 802 3752 .
825 3745 832 3751 .
855 3745 862 3751 .
885 3745 892 3749 .
915 3743 1224 3751 ...........

333 3615 499 3635 ARTICULUS
515 3614 524 3633 1

1457 405 1619 426 AR‘riCULus
1636 408 1666 427 111
1707 401 1808 429 Utrum
1836 403 1940 432 docere
1963 403 1998 431 sit
2018 411 2098 432 actus
2118 406 2192 434 vitae
2220 406 2336 442 activae,

1735 450 1771 468 an
1793 443 2031 479 contemplativae
2035 466 2335 475 ...........
2354 456 2425 486 pag.
2458 449 2515 484 437

1537 488 1551 503 a>
1636 487 1666 506 iv
1707 481 1808 508 Utrum
1837 482 1895 510 vita
1922 483 2013 512 activa
2041 492 2158 513 maneat
2178 493 2244 522 post
2265 487 2338 515 hanc

1733 521 1820 549 vitam
1858 544 2338 555 .................
2420 538 2434 553 »
2458 528 2515 562 438

1556 599 1632 632 QUA
1639 600 1748 627 ESTIO
1768 601 2417 634 CENTESIMAOCTOGESIMASECUNDA

1486 666 1534 694 De
1555 669 1812 703 comparatione
1837 670 1931 699 vitae
1951 673 2089 701 activae
2110 672 2155 701 ad
2175 674 2486 709 contemplativam.

1455 751 1619 771 Aru-munis
1634 753 1643 771 1
1703 746 1804 773 Utrum
1827 746 1884 774 vita
1903 747 1995 775 activa
2008 748 2043 776 sit
2058 749 2153 784 potior
2167 758 2253 785 quam
2269 758 2338 777 con-

1735 786 1900 821 templativa
1914 808 2337 817 ...............

2420 800 2434 814 )
2458 799 2517 824 440

1538 834 1552 848 x>
1637 833 1655 851 11
1702 825 1803 853 Utrum
1830 826 1887 853 vita
1912 826 2003 854 activa
2035 827 2070 855 sit
2098 828 2215 856 maioris
2245 829 2339 856 meriti

1734 874 1821 901 quam
1843 867 2062 902 contemplativa
2066 889 2338 897 ..........
2421 880 2436 894 1·
2458 877 2516 905 442

1537 913 1551 928 »
1636 913 1665 931 111
1705 905 1806 932 Utrum
1836 905 1893 933 vita
1918 907 2139 943 contemplativa
2166 908 2339 944 impediatur

1734 954 1785 980 per
1806 945 1927 973 activam
1945 968 2338 976 ..............
2421 959 2435 974 ι»
2458 949 2515 984 443

1537 993 1551 1008 ι»
1633 991 1663 1010 1v
1703 984 1805 1012 Utrum
1827 985 1884 1013 vita
1905 986 1996 1014 activa
2017 986 2052 1015 sit
2073 986 2151 1023 prior
2167 997 2254 1024 quam
2269 997 2339 1016 con-

1735 1025 1901 1060 templativa
1917 1048 2338 1056 ...............
2421 1039 2436 1053 ²
2460 1038 2519 1063 444

1570 1111 1764 1144 QUAESTIO
1794 1112 2406 1142 CENTESIMAOCTOGESIMATERTIA

1544 1177 1592 1207 De
1621 1177 1746 1207 officiis
1772 1180 1808 1208 et
1835 1180 1988 1208 statibus
2013 1180 2187 1211 hominum
2212 1182 2248 1210 in
2273 1183 2434 1217 generali.

1457 1265 1646 1284 ARTiCULusr
1706 1257 1808 1284 Utrum
1831 1264 1920 1285 status
1941 1258 1971 1286 in
1997 1259 2040 1286 sui
2068 1259 2180 1287 ratione
2206 1259 2344 1296 importet

1737 1297 1934 1325 conditionem
1960 1298 2096 1327 libertatis
2121 1300 2165 1327 vel
2189 1300 2342 1329 servitutis.
2424 1313 2438 1328 »
2461 1303 2518 1338 445

1538 1347 1553 1362 ›
1636 1345 1655 1364 11
1707 1337 1809 1364 Utrum
1832 1337 1862 1365 in
1882 1337 2008 1366 Ecclesia
2024 1339 2127 1367 debeat
2141 1348 2202 1368 esse
2225 1339 2343 1368 diversi-

1737 1384 1780 1404 tas
1805 1376 1968 1405 officiorum
1991 1379 2035 1406 vel
2057 1385 2183 1407 statuum
2187 1400 2342 1408 ......
2426 1392 2440 1406 :v
2462 1391 2520 1418 447

1540 1427 1554 1441 vt
1639 1425 1667 1443 111
1709 1417 1812 1444 Utrum
1835 1415 1932 1445 officia
1953 1418 2163 1455 distinguantur
2183 1429 2234 1455 per
2254 1426 2343 1448 actus.
2425 1432 2440 1446 ι
2463 1422 2521 1456 448

1540 1466 1554 1480 »
1638 1464 1667 1482 1v
1708 1457 1811 1484 Utrum
1841 1457 2001 1486 differentia
2027 1465 2152 1486 statuum
2180 1460 2343 1487 attendatur

1739 1498 1898 1524 secundum
1920 1497 2097 1534 incipientes,
2115 1498 2297 1534 proficientes
2318 1506 2346 1527 et

1739 1536 1881 1572 perfectos
1897 1558 2344 1567 ................
2429 1551 2442 1565 »
2465 1550 2523 1577 449

1566 1614 1761 1648 QUAESTIO
1788 1614 2419 1652 CENTESIMAOCTOGESIMAQUARTA

1653 1683 1702 1710 De
1730 1683 1829 1712 statu
1848 1682 2072 1718 perfectionis
2092 1683 2127 1712 in
2149 1686 2329 1715 communi.

1709 1761 1812 1788 Utrum
1839 1760 1976 1796 perfectio
2002 1761 2182 1789 Christianae
2203 1762 2276 1790 vitae
2303 1770 2347 1791 at-

1459 1769 1624 1789 AR'HCULUS
1639 1769 1648 1788 1

1738 1801 1873 1828 tendatur
1898 1799 2058 1836 specialiter
2086 1802 2245 1830 secundum
2274 1803 2347 1831 cari-

1739 1846 1827 1868 tatem
1859 1860 2345 1872 .................
2428 1855 2442 1870 »
2466 1845 2524 1879 450

1543 1893 1556 1907 ι
1641 1889 1660 1908 11
1711 1881 1814 1908 Utrum
1837 1880 1940 1917 aliquis
1961 1881 1990 1908 in
2012 1882 2065 1909 hac
2086 1881 2143 1909 vita
2164 1882 2255 1918 possit
2282 1892 2344 1911 esse

1739 1921 1880 1957 perfectus
1917 1942 2344 1952 ...............
2427 1934 2442 1950 2
2464 1924 2520 1960 451

1541 1973 1556 1988 s
1640 1969 1671 1989 111
1712 1960 1815 1989 Utrum
1830 1959 1966 1997 perfectio
1987 1961 2050 1989 viae
2068 1961 2206 1990 consistat
2220 1962 2249 1990 in
2264 1972 2346 1999 prae-

1739 2001 1838 2037 ceptis,
1861 2010 1897 2028 an
1919 2001 1948 2028 in
1969 2001 2096 2029 consiliis
2099 2022 2344 2031 .........
2426 2015 2441 2029 ›
2465 2005 2522 2039 453

1543 2054 1557 2069 »
1641 2049 1671 2070 iv
1711 2041 1814 2070 Utrum
1835 2040 2012 2078 quicumque
2033 2047 2075 2069 est
2095 2041 2245 2078 perfectus,
2260 2042 2295 2070 sit
2315 2042 2345 2071 in

1741 2088 1815 2110 statu
1837 2081 2020 2117 perfectionis
2040 2103 2165 2110 .....
2167 2087 2171 2091 “
2188 2103 2344 2111 ......
2427 2094 2442 2110 ›
2464 2085 2522 2119 455

1542 2135 1556 2149 ν
1639 2132 1656 2150 ν
1707 2123 1810 2150 Utrum
1830 2122 1946 2157 praelati
1962 2129 1989 2150 et
2004 2121 2128 2158 religiosi
2150 2122 2206 2149 sint
2220 2122 2249 2150 in
2271 2129 2346 2151 statu

1740 2161 1922 2198 perfectionis
1944 2180 2339 2191 ..............
2422 2172 2437 2189 s
2463 2165 2524 2199 456

1541 2215 1556 2230 ι
1638 2212 1667 2230 vr
1709 2203 1810 2230 Utrum
1833 2211 1934 2229 omnes
1947 2202 2065 2238 praelati
2087 2202 2270 2230 ecclesiastici
2290 2202 2347 2230 sint

1740 2243 1770 2270 in
1791 2249 1865 2270 statu
1887 2242 2069 2278 perfectionis
2072 2264 2344 2271 ..........
2428 2255 2443 2269 »
2465 2244 2523 2280 457

1541 2296 1556 2311 »
1640 2293 1679 2311 vn
1711 2284 1814 2311 Utrum
1826 2289 1915 2310 status
1930 2282 2130 2318 religiosorum
2145 2282 2181 2309 sit
2195 2282 2348 2318 perfectior

1741 2332 1828 2359 quam
1852 2329 1943 2350 status
1964 2323 2157 2358 praeletorum
2161 2344 2345 2351 .......
2428 2335 2443 2350 »
2465 2325 2525 2358 460

1543 2376 1558 2391 »
1641 2373 1692 2392 vni
1712 2363 1816 2391 Utrum
1828 2362 1985 2398 presbyteri
2007 2362 2095 2390 curati
2110 2369 2138 2390 et
2151 2362 2348 2390 archidiaconi

1741 2403 1797 2430 sint
1819 2402 1936 2430 maioris
1963 2402 2145 2438 perfectionis
2174 2411 2262 2439 quarn
2283 2402 2348 2430 reli-

1741 2442 1815 2480 giosi
1834 2464 2347 2471 ..................
2431 2455 2445 2469 »
2468 2445 2522 2478 461

1577 2521 1770 2558 QUAESTIO
1792 2520 2411 2554 CENTESIMAOCTOGESIMAQUINTA

1535 2590 1583 2621 De
1602 2590 1658 2620 his
1680 2597 1768 2626 quae
1788 2588 1960 2624 pertinent
1981 2587 2026 2616 ad
2046 2589 2178 2617 statum
2200 2588 2452 2624 episcoporum.

1461 2671 1650 2693 Alt'rlcunusl
1711 2662 1813 2689 Utrum
1828 2660 1911 2688 liceat
1925 2659 2122 2695 episcopatum
2142 2666 2286 2695 appetere.
2309 2680 2315 2687 .
2338 2681 2345 2687 .
2429 2671 2443 2686 »
2466 2663 2525 2696 466

1542 2715 1557 2730 ι
1641 2711 1661 2730 11
1711 2701 1813 2729 Utrum
1845 2700 1928 2728 liceat
1957 2699 2154 2735 episcopatum
2185 2699 2346 2727 iniunctum

1741 2740 1862 2768 omnino
1883 2748 2015 2767 recusare
2038 2760 2342 2767 ...........
2427 2750 2441 2765 ι
2465 2750 2525 2776 470

1543 2795 1558 2810 »
1641 2790 1671 2810 111
1712 2782 1814 2809 Utrum
1837 2786 1969 2816 oporteat
1989 2788 2053 2807 eum
2070 2778 2119 2815 qui
2140 2780 2176 2806 ad
2196 2779 2346 2815 episcopa-

1738 2827 1800 2849 tum
1815 2820 1978 2854 assumitur,
1994 2829 2055 2847 esse
2070 2819 2170 2846 ceteris
2185 2818 2343 2846 meliorem.
2429 2830 2443 2845 w
2465 2829 2519 2856 471

1542 2875 1557 2890 s
1641 2870 1670 2890 1v
1711 2862 1815 2889 Utrum
1845 2859 1997 2896 episcopus
2025 2859 2116 2895 possit
2144 2858 2219 2886 licite
2248 2868 2346 2886 curam

1690 2897 1692 2899 ’
1742 2901 1933 2937 episcopalem
1955 2901 2100 2933 deserere,
2123 2906 2154 2926 ut
2174 2900 2210 2926 ad
2231 2898 2345 2935 religio-

1742 2950 1808 2968 nem
1830 2949 1859 2967 se
1883 2940 2033 2967 transferat
2035 2959 2343 2966 ...........
2428 2950 2441 2964 »
2463 2939 2520 2975 473

1542 2995 1556 3010 ³
1640 2991 1658 3009 v
1710 2982 1811 3009 Utrum
1826 2980 1908 3007 liceat
1923 2979 2069 3015 episcopo,
2088 2985 2206 3014 propter
2219 2978 2344 3014 aliquam

1741 3019 1979 3057 persecutionem,
2001 3018 2187 3054 corporaliter
2214 3019 2345 3046 deserere

1740 3069 1854 3098 gregem
1877 3059 1930 3087 sibi
1951 3058 2136 3087 commissum
2153 3078 2340 3086 .......
2423 3069 2437 3084 »
2461 3059 2519 3095 475

1542 3115 1557 3130 s
1640 3111 1670 3129 vr
1711 3102 1812 3129 Utrum
1828 3100 1965 3135 episcopo
1979 3099 2062 3126 liceat
2075 3098 2182 3134 aliquid
2194 3097 2343 3134 proprium

1739 3139 1886 3177 possidere
1917 3158 2342 3166 ...............
2426 3148 2440 3163 ι
2462 3147 2521 3174 479

1543 3194 1557 3209 ι
1640 3190 1681 3208 vn
1711 3181 1813 3208 Utrum
1835 3178 1962 3215 episcopi
1991 3177 2149 3205 mortaliter
2177 3183 2295 3213 peccent
2320 3176 2342 3204 si
2494 3189 2499 3196 ·

1741 3221 1818 3247 bona
1849 3218 2037 3246 ecclesiastica
2068 3226 2142 3253 quae
2172 3223 2343 3253 procurant,

1740 3259 1913 3295 pauperibus
1935 3267 1994 3286 non
2015 3257 2171 3293 largiantur
2185 3277 2342 3284 ......
2425 3267 2440 3282 ι
2462 3257 2522 3291 480

1541 3308 1555 3328 2
1638 3308 1691 3328 vrit
1711 3300 1814 3327 Utrum
1845 3297 1969 3334 religiosi
1999 3297 2046 3334 qui
2080 3303 2287 3332 promoventur
2313 3295 2343 3323 in

1739 3338 1900 3375 episcopm,
1922 3344 2073 3365 teneantur
2090 3338 2127 3364 ad
2147 3335 2342 3364 observantias

1738 3379 1882 3414 regulares
1885 3396 2342 3404 ................
2425 3385 2440 3400 ι
2464 3375 2520 3410 483

1580 3456 1774 3493 QUAESTIO
1804 3453 2402 3486 CENTESIMAOCTOGESIMASEXTA

1460 3529 1512 3558 Do
1523 3528 1579 3556 ins
1592 3527 1629 3556 in
1641 3526 1765 3562 quibus
1778 3523 2010 3561 principaliter
2028 3521 2190 3552 consistit
2203 3521 2378 3556 religionis
2393 3521 2521 3549 status.

1459 3606 1623 3627 ARTICULUS
1637 3606 1647 3625 1
1707 3597 1809 3624 Utrum
1836 3594 1936 3631 religio
1964 3594 2098 3629 importet
2125 3598 2229 3620 statum
2255 3591 2344 3627 perfe-

1739 3635 1841 3664 ctionis
1857 3651 2339 3662 .................
2422 3639 2436 3654 x
2460 3629 2518 3663 486

1543 3689 1557 3704 »
1640 3686 1659 3705 11
1707 3677 1809 3704 Utrum
1831 3674 1951 3711 quilibet
1978 3673 2127 3710 religiosus
2152 3678 2281 3700 teneatur
2307 3670 2344 3698 ad

1740 3714 1838 3744 omnia
1855 3714 1973 3743 consilia
1977 3730 2341 3741 .............
2424 3718 2439 3733 »
2463 3707 2520 3742 488
