2768 4198
19 374 27 381 ¹
44 373 100 400 Cap.
117 379 164 394 xiv.

22 534 30 541 ⁸
43 532 107 554 Vers.
124 539 161 559 44.

59 1999 105 2015 ..ι-ι
125 1998 182 2014 vm
202 1999 214 2021 3

2 2020 36 2043 tal.
54 2026 112 2041 vers.
128 2026 150 2040 1.

267 288 313 323 82

238 367 297 402 ‘V
325 367 371 403 de
403 367 483 404 Civ.
513 367 624 404 Dei*
627 397 634 414 ,
666 367 771 427 quod
799 368 871 403 hoc
891 366 1034 410 vitium,
1055 364 1195 401 scilicet
1224 376 1336 400 amor
1361 364 1363 406 ζ

262 419 456 457 humanae
486 421 619 463 laudis
649 427 726 457 tam
756 420 949 456 inimicum
979 424 1031 454 est
1052 418 1144 466 piae
1160 418 1273 466 fidei,
1302 418 1336 454 si

1360 472 1362 476 '
1389 471 1438 510 ad
1459 484 1579 510 unum
1609 482 1750 520 actum,
1772 482 1862 512 tunc
1892 475 2013 512 inanis
2033 476 2151 524 gloria
2182 484 2236 513 est
2264 483 2465 525 peccatum

261 474 387 510 maior
420 474 457 511 in
495 475 608 511 corde
638 475 685 510 sit
721 473 903 521 cupiditas
938 471 1089 520 gloriae
1117 483 1231 519 quam
1261 471 1336 507 Dei

259 528 373 564 timor
400 528 459 564 vel
486 540 609 573 amor,
638 534 678 564 ut
704 526 891 563 Dommus
918 525 1059 561 diceret
1090 526 1210 585 (loan.
1237 536 1261 560 v
1279 524 1331 571 *).

264 582 460 623 Quomodo
489 581 643 629 potestis
678 580 850 623 credere,
879 578 1047 628 gloriam
1083 579 1132 615 ab
1170 579 1331 615 invicem

258 641 505 683 expectantes,
535 641 571 671 et
595 634 761 683 gloriam
792 644 890 680 quae
917 644 940 668 a
968 632 1048 668 solo
1071 633 1154 668 Deo
1182 638 1238 669 est
1255 644 1330 668 non

257 694 477 736 quaerentes
486 688 508 724 ξ)

311 742 349 786 Si
379 749 506 777 autem
536 752 646 776 amor
674 740 868 775 humanae
898 738 1052 786 gloriae,
1075 738 1255 786 quamvis
1285 738 1331 775 sit

256 795 388 841 inanis,
412 807 488 831 non
518 802 646 829 tamen
677 800 861 841 repugnet
882 792 1037 838 caritati,
1059 805 1185 841 neque
1211 805 1329 841 quan-

254 857 334 884 tum
365 849 411 885 ad
443 847 478 883 id
500 846 546 883 de
567 859 645 894 quo
676 853 732 882 est
760 845 892 893 gloria,
914 857 1040 893 neque
1070 854 1258 894 quantum
1280 846 1329 883 ad

253 901 501 937 intentionem
531 899 692 947 gloriam
728 899 963 948 quaerentis,
994 911 1071 936 non
1103 907 1158 936 est
1195 912 1329 948 pecca-

252 964 332 991 tum
364 955 544 1000 mortale,
576 954 643 990 sed
672 953 834 990 veniale.

304 1010 363 1044 AD
402 1019 539 1045 PRIMUM
578 1019 677 1045 ERGO
712 1019 898 1044 DtCENDUM
932 1007 1037 1055 quod
1078 1007 1203 1043 nullus
1242 1019 1328 1055 pec-

252 1063 374 1098 cando
405 1069 574 1098 meretur
601 1061 722 1098 vitam
753 1069 961 1098 aeternam.
991 1061 1105 1098 Unde
1135 1073 1234 1110 opus
1253 1060 1327 1098 vir-

250 1124 406 1157 tuosum
436 1115 571 1152 amittit
598 1116 678 1152 vim
717 1115 889 1152 merendi
920 1115 1038 1152 vitam
1073 1122 1268 1152 aeternam
1298 1115 1328 1151 si

250 1177 406 1218 propter
435 1169 588 1214 inanem
620 1169 780 1218 gloriam
810 1169 888 1214 fiat,
911 1168 1026 1205 etiam
1057 1169 1086 1206 si
1117 1169 1178 1205 illa
1207 1168 1328 1205 inanis

248 1223 368 1271 gloria
398 1236 476 1260 non
506 1223 551 1260 sit
580 1231 782 1272 peccatum
814 1224 974 1260 mortale
994 1222 1024 1259 ²¹⁸.
1065 1222 1140 1260 Sed
1171 1223 1328 1271 quando

914 285 1183 333 QUAESTIO
1215 285 1411 332 CXXXII,
1441 286 1741 325 ARTlCULUS
1772 288 1824 324 IV

1391 365 1527 413 aliquis
1570 366 1790 415 simpliciter
1828 367 1961 405 amittit
2006 376 2202 405 aeternam
2246 368 2466 405 mercedem

1389 426 1548 467 propter
1575 420 1730 457 inanem
1760 421 1933 469 gloriam,
1957 430 1992 458 et
2020 434 2099 459 non
2129 423 2253 459 solum
2281 430 2467 471 quantum

1389 526 1561 562 mortale.

1441 580 1500 615 AD
1536 591 1729 617 SECUNDUM
1761 593 1948 619 mCENDUM
1985 584 2091 631 quod
2121 595 2200 620 non
2239 583 2367 620 omnis
2403 583 2467 631 qui

1388 640 1444 668 est
1472 631 1595 669 inanis
1623 633 1765 680 gloriae
1795 635 1969 683 cupidus,
2000 636 2144 685 appetit
2172 636 2244 673 sibi
2272 636 2373 673 illam
2405 648 2466 673 ex-

1388 686 1601 722 cellentiam
1633 699 1731 735 quae
1753 688 1934 737 competit
1953 690 2024 726 soli
2044 690 2142 727 Deo.
2172 690 2258 727 Alia
2279 690 2381 727 enim
2411 698 2467 727 est

1386 739 1505 787 gloria
1534 752 1633 788 quae
1672 740 1834 777 debetur
1862 741 1931 778 soli
1961 743 2064 789 Deo,
2096 750 2132 780 'et
2160 743 2232 780 alia
2261 756 2361 793 quae
2401 743 2465 781 de-

1387 793 1497 830 betur
1525 793 1675 830 homini
1704 794 1877 831 virtuoso
1905 796 1969 832 vel
1997 796 2112 833 diviti.

1439 848 1498 883 Ao
1526 858 1689 884 TERTIUM
1709 859 1896 885 moi-:noum
1917 849 2023 897 quod
2042 849 2165 887 inanis
2185 850 2303 898 gloria
2330 850 2466 888 dicitur

1386 912 1468 937 esse
1488 900 1748 949 periculosum
1769 910 1970 950 peccatum
1993 915 2071 939 non
2091 911 2170 940 tam
2197 912 2355 953 propter
2382 916 2465 952 gra—

1385 953 1541 991 vitatem
1572 954 1641 1002 sui,
1670 967 1788 1003 quam
1810 954 1822 978 ²
1851 955 1967 992 etiam
1997 964 2154 1005 propter
2179 958 2254 994 hoc
2273 959 2379 1006 quod
2409 966 2467 995 est

1385 1007 1583 1057 dispositio
1615 1008 1663 1045 ad
1691 1008 1822 1056 gravia
1852 1017 2031 1058 peccata:
2066 1010 2294 1059 inquantum
2324 1011 2465 1048 scilicet

1384 1074 1453 1110 per
1481 1061 1636 1099 inanem
1658 1063 1820 1110 gloriam
1841 1063 2012 1101 redditur
2029 1063 2151 1101 homo
2171 1072 2464 1114 praesumptuo-

1384 1128 1449 1152 sus
1479 1123 1515 1152 et
1544 1115 1658 1152 nimis
1688 1116 1736 1153 de
1766 1129 1806 1153 se
1837 1116 1920 1166 ipso
1951 1117 2165 1155 confidens.
2196 1118 2246 1155 Et
2273 1118 2326 1155 sic
2351 1118 2463 1156 etiam

1385 1169 1568 1226 paulatim
1604 1169 1772 1219 disponit
1809 1171 1856 1207 ad
1887 1171 1963 1208 hoc
1999 1173 2104 1220 quod
2134 1172 2255 1208 homo
2294 1171 2466 1220 privetur

1384 1218 1627 1260 interioribus
1657 1224 1779 1261 bonis.

302 1360 327 1391 ζ)
348 1364 432 1385 tam...
451 1368 543 1393 quam.
558 1374 575 1378 -
595 1363 730 1386 tantum...
750 1360 797 1385 sed
818 1360 866 1385 Pa.

939 1459 1276 1491 Commentaria
1301 1458 1554 1491 Cardinalis
1578 1458 1781 1492 Caietani

252 1553 298 1616 IN
323 1542 455 1572 articulo
476 1542 569 1572 tertio
588 1541 731 1571 eiusdem
747 1540 953 1580 quaestionis,
971 1540 1084 1580 collige
1101 1548 1240 1581 quatuor
1257 1550 1328 1570 mo—

280 1588 338 1618 dos
367 1587 484 1628 quibus
509 1585 611 1616 inanis
634 1585 735 1625 gloria
760 1592 806 1616 est
834 1593 999 1626 peccatum
1025 1585 1175 1616 mortale:
1211 1585 1328 1616 scilicet
1353 1610 1355 1614 Α

247 1640 308 1662 tres
333 1642 366 1662 se
390 1639 532 1662 tenentes
565 1641 601 1661 ex
633 1637 721 1670 parte
753 1630 921 1660 materiae:
954 1640 1096 1671 quorum
1128 1629 1250 1670 primus
1283 1637 1330 1661 est

247 1677 285 1707 de
310 1678 408 1713 bono,
434 1676 514 1707 salso
538 1683 645 1706 tamen
671 1682 701 1705 et
725 1682 835 1705 contra
863 1675 1003 1705 divinam
1037 1674 1255 1711 reverentiam,
1277 1675 1328 1705 vel

247 1722 433 1762 usurpando
458 1721 654 1751 divinitatem
684 1720 733 1749 vel
759 1730 824 1750 non
854 1720 1114 1760 recognoscendo
1146 1720 1327 1759 dependen-

247 1766 339 1802 tiam;
365 1767 534 1801 secundus,
560 1766 599 1795 de
623 1766 711 1795 bono
736 1764 905 1804 temporali
930 1771 1036 1795 amato
1062 1774 1136 1804 prae
1156 1764 1240 1800 Deo;
1267 1772 1326 1795 ter-

245 1811 317 1847 tius,
343 1811 381 1841 de
401 1810 585 1841 testimonio
610 1809 755 1839 humano
780 1809 921 1849 praelato
946 1809 1131 1839 testimonio
1156 1809 1280 1846 divino;
1306 1827 1327 1832 -

245 1864 275 1887 et
301 1866 401 1886 unum
427 1865 464 1885 ex
488 1862 576 1895 parte
600 1853 786 1884 intentionis
809 1853 985 1893 gloriantis.

300 1900 361 1930 Sed
386 1899 498 1930 accidit
523 1899 573 1929 hic
598 1898 748 1933 dubium,
774 1898 849 1938 quia
874 1897 1114 1938 praetermissus
1139 1904 1185 1928 est
1208 1897 1327 1927 modus
1353 1914 1354 1919 =

1352 1958 1354 1978 3
1381 1941 1455 1983 quia
1481 1949 1527 1972 est
1549 1942 1652 1982 gloria
1677 1943 1715 1973 de
1740 1953 1779 1974 eo
1803 1944 1893 1984 quod
1917 1951 1965 1975 est
1988 1952 2098 1975 contra
2122 1945 2266 1977 divinum
2291 1947 2462 1980 honorem.

1351 1988 1354 2071 ¹
1381 1986 1518 2018 Gloriari
1543 1994 1650 2018 autem
1676 1987 1715 2018 de
1738 1988 1853 2018 veniali
1878 1995 1925 2019 est
1947 1988 2080 2020 veniale.

243 1956 279 1976 ex
304 1952 390 1985 parte
415 1944 575 1980 materiae,
594 1953 668 1974 cum
688 1942 761 1983 quis
785 1942 940 1982 gloriatur
963 1942 1003 1973 de
1028 1949 1158 1982 peccato
1187 1941 1325 1978 mortali,

244 1991 327 2021 iuxta
353 1990 446 2020 illud:
476 1989 562 2026 Quid
585 1988 743 2030 gloriaris
763 1989 795 2018 in
820 1987 974 2018 malitia?
989 1987 1006 2006 *

299 2035 349 2065 Ad
375 2035 435 2065 hoc
455 2034 570 2064 dicitur
586 2033 675 2074 quod
693 2035 816 2064 Auctor
839 2032 981 2063 distinxit
1006 2039 1173 2072 peccatum
1190 2031 1325 2062 mortale

1354 1574 1355 1579 ¹
1382 1540 1484 1570 inanis
1508 1541 1627 1580 gloriae
1651 1541 1683 1571 in
1708 1541 1775 1571 duo
1801 1542 1920 1582 capita,
1945 1543 2063 1574 scilicet
2087 1554 2123 1574 ex
2147 1551 2235 1584 parte
2260 1545 2410 1576 materiae
2434 1553 2464 1576 et

1382 1595 1419 1616 ex
1433 1592 1519 1625 parte
1531 1585 1711 1626 gloriantis:
1729 1596 1786 1616 nec
1800 1587 1973 1628 assumpsit
1989 1588 2187 1628 provinciam
2204 1589 2346 1630 ponendi
2360 1599 2464 1621 exem-

1382 1630 1435 1669 pla
1464 1630 1613 1661 omnium
1645 1631 1820 1661 modorum
1849 1632 1904 1673 qui
1929 1642 1961 1662 se
1990 1640 2099 1664 tenent
2129 1643 2166 1664 ex
2190 1641 2279 1675 parte
2303 1634 2463 1666 materiae.

1382 1675 1548 1712 Quoniam
1572 1675 1836 1715 distinguendum
1852 1675 1965 1707 fuisset
1988 1677 2026 1707 de
2043 1678 2173 1709 materia
2190 1680 2285 1715 bona,
2301 1679 2351 1710 vel
2369 1680 2462 1711 mala.

1353 1749 1355 1765 ἶ
1381 1719 1442 1750 Sed
1467 1722 1590 1751 Auctor
1613 1720 1766 1751 sollicitus
1787 1720 1848 1752 fuit
1872 1721 1952 1752 circa
1969 1723 2134 1753 materiam
2151 1723 2316 1764 propriam
2332 1724 2462 1763 gloriae,

1381 1774 1463 1805 quae
1488 1772 1534 1795 est
1558 1765 1693 1796 bonum.
1719 1765 1759 1796 Et
1784 1766 1822 1796 de
1846 1766 1934 1797 bono
1960 1767 2046 1797 dedit
2070 1774 2210 1808 quatuor
2232 1769 2392 1809 exempla,
2418 1769 2463 1800 di—

1381 1809 1494 1845 cendo,
1519 1810 1603 1840 Puta
1627 1819 1699 1840 cum
1723 1811 1794 1850 quis
1818 1818 1895 1842 etc.:
1921 1811 1959 1842 de
1985 1812 2071 1842 malo
2095 1819 2203 1843 autem
2228 1813 2370 1850 nullum,
2394 1821 2462 1845 tan-

1380 1863 1479 1894 quam
1503 1853 1710 1884 manifestum
1735 1854 1918 1896 relinquens
1941 1856 2031 1896 quod
2047 1856 2176 1896 gloriari
2192 1857 2231 1888 de
2247 1857 2374 1889 mortali
2390 1868 2462 1900 pec-

1381 1904 1451 1928 cato
1476 1904 1524 1928 est
1547 1905 1714 1938 peccatum
1739 1899 1873 1930 mortale
1897 1899 2000 1930 inanis
2023 1900 2143 1939 gloriae
2163 1901 2286 1933 ratione
2301 1903 2462 1938 materiae,

1342 2119 1483 2127 ἊκΑνᾺ

1033 2195 1356 2238 ARTICULUS
1400 2196 1676 2249 QUARTUS

793 2299 950 2330 UTRUM
977 2298 1118 2330 1NANis
1143 2298 1308 2330 GLomA
1332 2298 1399 2329 SIT
1424 2298 1581 2330 V1T1UM
1607 2298 1824 2330 CAP1TALE

376 2389 398 2415 1·
419 2390 475 2418 11¹0.
496 2397 540 2422 qu.
562 2396 665 2418 mxxiv,
685 2393 732 2412 art.
751 2395 783 2419 4;
805 2387 823 2411 Il
845 2387 933 2416 Sem„
955 2387 1013 2411 dist.
1033 2394 1099 2418 xm,
1120 2395 1165 2419 qu.
1184 2394 1212 2417 n,
1232 2392 1279 2411 art.
1301 2386 1330 2415 3;
1351 2387 1448 2419 Expos.
1468 2386 1516 2413 litt.
1536 2391 1602 2419 part.
1621 2394 1654 2417 ης
1674 2387 1707 2412 de
1726 2387 1815 2417 Malo,
1836 2396 1883 2421 qu.
1901 2396 1959 2418 vu1,
1978 2395 2026 2414 art.
2049 2397 2074 2420 1;
2094 2397 2139 2423 qu.
2158 2398 2216 2420 xm.
2237 2397 2283 2418 art.
2305 2393 2328 2419 3.

275 2510 317 2527 „
356 2499 413 2542 ⁹3<
458 2491 480 2516 D
501 2490 676 2522 QUARTUM
696 2490 750 2515 Sic
771 2489 1016 2515 PROCEanUR.
1034 2476 1197 2514 Videtur
1217 2476 1323 2525 quod

267 2517 409 2595 ’ΨΜ
457 2533 579 2570 inanis
618 2532 737 2581 gloria
774 2544 853 2569 non
892 2531 938 2569 sit
976 2531 1111 2568 vitium
1149 2531 1321 2580 capitale.

414 2585 601 2629 Vitium
641 2586 744 2623 enim
784 2586 891 2634 quod
930 2597 1085 2634 semper
1123 2597 1167 2622 ex
1203 2585 1322 2622 altero

260 2593 308 2668 1⁴*⁸

243 2694 365 2732 inanis
393 2694 513 2742 gloria
543 2706 697 2744 semper
726 2705 771 2731 ex
800 2693 980 2743 superbia
1010 2693 1186 2730 nascitur.
1218 2693 1320 2741 Ergo

243 2748 364 2786 inanis
394 2748 513 2796 gloria
543 2761 622 2786 non
652 2755 709 2785 est
737 2747 872 2784 vitium
903 2747 1075 2797 capitale.

298 2814 332 2840 2.
364 2802 601 2849 PRAETEREA,
626 2802 753 2839 honor
781 2801 934 2839 videtur
954 2814 1036 2838 esse
1057 2800 1200 2850 aliquid
1221 2799 1322 2849 prin—
1348 2842 1350 2848 ἲ

243 2855 399 2906 cipalius
429 2869 545 2906 quam
576 2855 706 2904 gloria,
728 2867 826 2904 quae
857 2863 912 2892 est
933 2855 1014 2892 eius
1043 2854 1211 2892 effectus.
1244 2853 1321 2891 Sed

242 2909 422 2956 ambitio,
453 2922 554 2959 quae
585 2919 640 2947 est
669 2909 907 2947 inordinatus
932 2908 1121 2958 appetitus
1149 2907 1320 2955 honoris,

243 2976 321 3001 non
351 2971 407 3000 est
435 2964 571 3001 vitium
602 2963 772 3012 capitale.
811 2964 912 3012 Ergo
952 2962 1066 3000 etiam
1102 2974 1227 3011 neque
1257 2974 1321 3011 ap-

243 3018 381 3067 petitus
412 3017 534 3055 inanis
564 3017 717 3066 gloriae.

299 3073 333 3109 3.
361 3072 606 3115 PRAETEREA,
637 3070 771 3108 vitium
811 3070 969 3120 capitale
1004 3070 1120 3107 habet
1153 3068 1320 3118 aliquam

243 3125 573 3174 principalitatem.
614 3125 692 3162 Sed
733 3124 854 3161 inanis
893 3123 1011 3172 gloria
1051 3136 1130 3162 non
1167 3122 1320 3161 videtur

244 3180 386 3216 habere
415 3179 584 3229 aliquam
614 3178 948 3228 principalitatem:
978 3189 1104 3226 neque
1134 3184 1320 3226 quantum

244 3233 291 3269 ad
322 3233 507 3270 rationem
538 3232 705 3283 peccati.
736 3231 825 3281 quia
855 3243 933 3268 non
963 3243 1116 3280 semper
1149 3238 1206 3268 est
1233 3243 1319 3280 pec-

246 3294 372 3323 catum
402 3287 584 3332 mortale;
615 3298 740 3335 neque
770 3285 884 3323 etiam
915 3292 1101 3334 quantum
1132 3284 1180 3322 ad
1210 3284 1322 3322 ratio—

246 3351 334 3375 nem
365 3339 455 3376 boni
477 3340 702 3389 appetibilis,
724 3339 814 3388 quia
842 3338 960 3388 gloria
980 3339 1151 3376 humana
1170 3338 1323 3376 videtur

246 3404 328 3429 esse
359 3393 543 3440 quiddam
566 3394 693 3442 fragile
724 3402 760 3430 et
789 3401 892 3430 extra
912 3393 1112 3430 hominem
1143 3393 1318 3430 existens.

246 3446 348 3493 Ergo
378 3445 499 3483 inanis
528 3446 647 3494 gloria
676 3459 753 3483 non
784 3454 839 3483 est
867 3446 1003 3484 vitium
1035 3446 1205 3496 capitale.

301 3499 376 3536 SED
406 3511 553 3537 CONTRA
584 3511 649 3537 EST
677 3500 782 3549 quod
813 3499 1040 3549 Gregorius,
1071 3500 1197 3537 XXXI
1231 3499 1321 3535 Mo-

301 3651 327 3681 αι)
347 3650 483 3682 specialia.
495 3662 516 3669 -
532 3649 688 3682 spiritualia
710 3649 854 3674 ABCFKL.

435 2640 587 2687 oritur,
618 2652 698 2678 non
726 2639 880 2677 videtur
913 2652 997 2676 esse
1036 2639 1205 2688 capitale.
1245 2638 1322 2675 Sed
1349 2688 1350 2692 Ἰ

1379 2477 1450 2514 ral.
1462 2476 1494 2522 *,
1525 2485 1704 2515 numerat
1734 2478 1887 2516 inanem
1917 2478 2078 2527 gloriam
2109 2479 2206 2518 inter
2234 2488 2383 2531 septem
2402 2482 2459 2520 vi—

1378 2530 1429 2568 tia
1459 2530 1644 2580 capitalia.

1435 2585 1662 2622 Rssspounso
1693 2596 1879 2623 DICENDUM
1908 2586 2015 2635 quod
2037 2586 2085 2624 de
2103 2586 2205 2624 vitiis
2234 2587 2459 2638 capitalibus

1379 2638 1579 2688 dupliciter
1599 2638 1714 2688 aliqui
1735 2639 1955 2688 loquuntur.
1987 2640 2157 2688 Quidam
2186 2641 2288 2678 enirn
2308 2651 2459 2692 ponunt

1378 2692 1600 2742 superbiam
1630 2705 1753 2731 unum
1784 2693 1831 2730 de
1858 2693 1958 2732 vitiis
1989 2694 2223 2745 capitalibus.
2254 2695 2304 2733 Et
2321 2696 2359 2734 hi
2379 2709 2458 2735 non

1378 2754 1528 2796 ponunt
1556 2747 1711 2784 inanem
1741 2746 1903 2795 gloriam
1933 2747 2030 2785 inter
2056 2747 2150 2786 vitia
2179 2748 2365 2799 capitalia.

1433 2801 1641 2849 Gregorius
1676 2808 1825 2847 autem,
1855 2801 1892 2838 in
1932 2802 2057 2839 XXXI
2092 2802 2238 2840 Moral.
2259 2801 2295 2850 ¹⁸¹,
2325 2815 2456 2853 super-

1378 2854 1479 2892 biam
1508 2854 1618 2904 ponit
1654 2854 1829 2905 reginam
1869 2856 2039 2892 omnium
2075 2856 2273 2894 vitiorum.-
2311 2864 2348 2894 et
2376 2857 2455 2895 ina-

1378 2920 1466 2945 nem
1506 2908 1689 2958 gloriam,
1720 2920 1820 2958 quae
1859 2909 2081 2947 immediate
2116 2910 2165 2947 ab
2202 2909 2284 2960 ipsa
2321 2910 2454 2959 oritur,

1376 2962 1485 3011 ponit
1512 2962 1647 2999 vitium
1677 2962 1849 3012 capitale.
1882 2963 1931 3000 Et
1958 2963 2033 3000 hoc
2062 2963 2342 3002 rationabiliter.
2384 2964 2455 3002 Su—

1377 3016 1511 3065 perbia
1540 3015 1656 3063 enirn,
1685 3023 1727 3053 ut
1755 3015 1850 3054 infra
1869 3015 1889 3038 '⁸‘
1918 3016 2075 3064 dicetur,
2105 3017 2286 3067 importat
2314 3017 2455 3056 inordi-

1378 3078 1511 3107 natum
1545 3069 1757 3119 appetitum
1796 3070 2049 3108 excellentiae.
2090 3071 2147 3108 Ex
2182 3070 2288 3108 omni
2326 3079 2454 3109 autem
2494 3072 2500 3082 '

1377 3124 1482 3161 bono
1503 3124 1610 3173 quod
1630 3123 1716 3174 quis
1735 3124 1890 3174 appetit,
1906 3123 2103 3173 quandam
2123 3123 2402 3174 perfectionem
2418 3133 2455 3163 et

1377 3177 1639 3215 excellentiam
1670 3177 1928 3227 consequitur.
1958 3177 2007 3215 Et
2035 3177 2123 3215 ideo
2151 3177 2250 3216 fines
2279 3179 2453 3217 omnium

1375 3231 1558 3268 vitiorum
1589 3230 1813 3269 ordinantur
1841 3230 1879 3268 in
1907 3231 2025 3268 finem
2047 3230 2262 3280 superbiae.
2293 3232 2342 3270 Et
2365 3245 2454 3282 pro-

1375 3293 1460 3334 pter
1475 3285 1551 3322 hoc
1564 3285 1716 3323 videtur
1731 3284 1838 3333 quod
1859 3284 2000 3322 habeat
2019 3284 2213 3334 quandam
2234 3286 2452 3334 generalem

1377 3338 1637 3376 causalitatem
1656 3349 1772 3388 super
1800 3337 1872 3375 alia
1891 3337 1995 3384 vitia,
2017 3346 2054 3375 et
2073 3350 2152 3376 non
2180 3338 2318 3378 debeat
2347 3353 2452 3378 com-

1375 3391 1499 3442 putari
1528 3391 1625 3429 inter
1653 3390 1831 3441 specialia
1852 3396 1869 3412 ⁸
1897 3390 2079 3430 vitiorum
2114 3392 2320 3443 principia,
2351 3405 2453 3443 quae

1376 3453 1464 3483 sunt
1481 3444 1574 3482 vitia
1594 3444 1778 3494 capitalia.
1809 3465 1834 3473 -
1864 3445 1964 3482 Inter
1983 3446 2086 3483 bona
2106 3454 2235 3484 autem
2255 3459 2324 3496 per
2352 3458 2451 3497 quae

1376 3497 1637 3535 excellentiam
1657 3498 1778 3535 homo
1804 3499 2060 3549 consequitur,
2083 3500 2289 3550 praecipue
2309 3501 2358 3539 ad
2377 3501 2452 3539 hoc

2570 2511 2575 2516 .
2595 2501 2652 2521 nv,
2672 2496 2701 2518 al.

2487 2527 2544 2549 xvn,
2561 2527 2575 2544 n
2585 2525 2630 2544 vet.
2637 2528 2702 2544 xxxi.

2486 2815 2496 2825 ⁹
2510 2813 2570 2836 ibid.

2485 3029 2494 3039 ⁸
2511 3029 2559 3056 Qu.
2575 3034 2645 3054 ωιι,
2655 3033 2697 3052 m.
