2768 4198
26 335 37 346 ¹⁸
52 334 124 356 Num.
139 341 168 356 iv.

26 1003 36 1012 '⁵
50 1001 118 1022 Num.
134 1007 156 1021 v.

23 1488 75 1511 Cf.
81 1495 119 1517 qu
126 1494 232 1514 Lxxxvur

22 1519 63 1537 art
79 1522 107 1543 12,
122 1514 150 1536 ad
163 1521 183 1542 3.

31 3228 41 3238 ·
55 3227 123 3249 Vern.
138 3232 167 3249 ιι.

33 3392 91 3441 ‘icc‘³
76 3419 152 3441 rebus.

268 252 347 298 460

324 330 391 361 VII.
416 330 466 360 Ad
491 329 704 360 obiectionem
728 335 836 358 contra
855 326 978 357 tertiam
994 324 1149 355 rationem
1166 323 1183 342 *
1205 333 1335 363 respon-

269 375 359 405 detur
383 375 471 415 quod
495 373 668 404 differentia
691 373 771 402 inter
790 373 978 401 descensum
993 368 1145 408 episcopi,
1162 374 1192 398 et
1209 368 1336 398 descen-

268 430 340 450 sum
364 419 462 449 curati
492 419 517 448 si
541 425 621 449 esset
648 418 681 447 in
705 423 785 446 statu
810 413 1027 455 perfectionis,
1059 419 1216 442 monstrat
1243 412 1348 442 illum
1363 430 1364 442 1

1363 492 1364 497 ¹
1392 457 1480 498 nymi
1505 456 1727 497 intelliguntur
1750 465 1907 497 quantum
1932 458 1972 488 ad
1996 458 2234 489 distinctionem
2250 457 2463 489 nominalem:

267 508 367 539 rentia
391 507 498 548 quoad
523 507 599 536 duo.
624 505 741 540 Primo,
760 514 796 534 ex
816 510 903 543 parte
928 502 1030 532 dantis
1054 501 1225 531 licentiam.
1252 501 1336 538 Quia
1363 503 1364 507 ’

268 474 334 494 esse
357 463 481 494 licitum
506 470 535 494 et
558 463 643 492 hunc
667 461 823 490 illicitum.
860 459 916 488 Est
940 458 1025 488 enim
1055 457 1136 487 inter
1163 466 1217 487 eos
1250 456 1335 486 diffe-

268 554 344 583 dans
368 552 527 583 licentiam
551 550 702 590 episcopo
727 555 762 579 ut
783 548 903 578 deserat
928 547 1159 587 episcopatum,
1178 553 1224 576 est
1247 546 1335 576 solus

266 598 366 648 Papa:
402 597 478 626 dans
502 602 609 624 autem
632 592 793 623 licentiam
822 598 930 622 curato
956 591 1119 621 deserendi
1150 600 1259 621 curam
1290 597 1336 621 est

267 642 445 681 episcopus.
472 640 554 669 Inter
577 638 765 678 episcopum
789 643 897 666 autem
922 642 952 666 et
976 636 1105 676 Papam,
1123 642 1280 676 quantum
1296 635 1336 665 ad

266 686 468 726 propositum
493 689 626 733 spectat,
659 682 736 712 haec
767 688 812 711 est
836 679 1026 716 differentia,
1052 680 1141 720 quod
1165 680 1250 719 Papa
1275 679 1336 709 dis-

266 738 376 771 pensat
400 730 431 759 in
455 728 536 758 votis
561 737 615 756 seu
633 725 882 765 obligationibus
898 724 1068 765 perpetuis,
1086 724 1264 775 ‘episcopus
1280 734 1335 754 au-

266 782 331 805 tem
355 784 430 809 non,
455 779 490 802 ut
512 772 544 801 in
569 771 670 801 littera
694 770 816 800 dicitur.
842 772 888 799 Ac
905 780 961 819 per
976 770 1048 811 hoc,
1070 769 1094 799 si
1112 776 1238 799 curatus
1256 776 1336 799 esset

265 820 297 849 in
318 825 398 848 statu
423 815 638 856 perfectionis,
665 822 694 845 et
718 815 762 844 sic
786 824 822 844 ex
846 814 907 844 hoc
931 814 1002 854 ipso
1026 814 1145 844 habens
1170 814 1335 853 obligatio—

265 873 339 893 nem
356 868 552 902 perpetuam,
567 870 631 889 non
647 859 729 889 licite
754 859 967 889 licentiaretur
987 859 1026 888 ab
1044 858 1208 898 episcopo,
1223 865 1335 899 utpote

264 917 329 937 non
361 907 495 936 habente
519 904 737 935 auctoritatem
767 914 863 944 supra
888 903 1075 934 huiusmodi
1099 903 1234 934 vinculis
1265 913 1335 943 per-

264 951 377 992 petuis.
391 968 412 973 -
430 949 588 987 Secundo,
603 959 639 979 ex
651 955 739 989 parte
755 958 877 979 causae.
897 948 981 986 Quia
994 948 1175 989 episcopus,
1190 955 1226 979 ut
1238 948 1270 978 in
1285 948 1335 978 lit-

263 1004 328 1027 tera
343 995 466 1030 dicitur,
484 1000 514 1024 et
529 994 561 1023 in
582 993 664 1024 dicta
678 993 695 1013 *
715 993 861 1023 decretali
878 994 951 1024 Nisi
967 1003 1037 1023 cum
1049 993 1176 1033 pridem
1195 1000 1295 1033 patet:
1313 1010 1334 1015 -

263 1048 363 1071 certae
380 1039 547 1078 exiguntur
565 1048 676 1068 causae
698 1038 737 1068 ad
754 1038 816 1068 hoc
841 1045 876 1068 ut
899 1038 1051 1079 episcopo
1068 1038 1261 1069 concedatur
1285 1037 1336 1067 de-

262 1094 362 1115 serere
387 1084 566 1114 animarum
591 1093 709 1114 curam.
737 1082 874 1114 Curatus
891 1090 999 1113 autem
1023 1082 1142 1123 passim
1166 1089 1272 1122 potest
1295 1083 1334 1112 ab

262 1129 414 1169 episcopo
439 1127 589 1158 licentiari
615 1128 653 1158 ad
678 1127 847 1167 parochiae
864 1138 940 1158 suae
960 1127 1183 1158 desertionem.
1209 1127 1250 1158 Et
1272 1126 1335 1158 hoc

262 1173 400 1204 ostendit
416 1173 524 1212 ipsum
541 1182 606 1202 non
636 1182 703 1202 esse
732 1172 765 1202 in
790 1172 994 1212 perfectionis
1011 1179 1106 1203 statu.
1133 1173 1174 1202 Et
1187 1182 1245 1212 per
1260 1172 1338 1202 haec

261 1225 346 1259 patet
370 1218 489 1248 solutio
514 1216 713 1247 obiectionis.

318 1262 400 1293 VIII.
426 1262 517 1293 Circa
541 1262 620 1292 illud
643 1261 764 1292 litterae
788 1261 919 1297 dictum,
944 1261 1041 1292 Solus
1059 1262 1148 1302 Papa
1172 1261 1335 1302 dispensat

262 1309 293 1338 in
327 1308 407 1338 votis
432 1308 616 1347 perpetuis,
649 1306 783 1336 dubium
816 1306 970 1337 occurrit:
1005 1306 1161 1347 quoniam
1186 1306 1226 1337 de
1249 1306 1333 1337 facto

261 1352 418 1382 Ecclesiae
453 1352 548 1382 habet
582 1351 798 1387 consuetudo,
835 1351 925 1381 nullo
957 1351 1207 1388 contradicente,
1243 1351 1335 1391 quod

262 1397 357 1428 etiam
380 1396 521 1437 episcopi
546 1396 579 1426 in
602 1396 685 1426 votis
710 1395 903 1432 orationum,
924 1395 1119 1427 ieiuniorum
1143 1403 1174 1427 et
1197 1396 1334 1436 peregri-

261 1442 428 1472 nationum
460 1452 495 1472 ac
516 1441 809 1481 eleemosynarum,
835 1440 981 1481 quamvis
1005 1441 1181 1481 perpetuis,
1207 1441 1334 1481 dispen-

261 1494 331 1517 sant
355 1496 411 1517 seu
436 1493 638 1517 commutant
651 1486 677 1516 *.
702 1486 776 1516 Non
800 1485 924 1516 videtur
952 1495 1027 1526 ergo
1051 1496 1163 1517 verum
1188 1486 1278 1526 quod
1301 1485 1334 1516 in

261 1532 363 1563 littera
390 1531 513 1567 dicitur,
539 1531 594 1561 sed
617 1530 796 1561 voluntarie
820 1530 950 1561 dictum.

318 1576 368 1606 Ad
393 1576 454 1606 hoc
478 1575 593 1606 dicitur
616 1575 705 1616 quod
728 1582 842 1606 votum
866 1585 933 1606 esse
957 1581 1150 1615 perpetuum
1180 1575 1336 1616 contingit

261 1620 443 1661 dupliciter:
479 1620 595 1651 scilicet
626 1630 682 1660 per
706 1630 757 1656 se,
784 1620 832 1650 vel
864 1630 920 1660 per
943 1619 1098 1650 accidens.
1135 1620 1217 1650 Illud
1248 1620 1335 1651 enim

260 1673 375 1696 votum
399 1672 445 1696 est
469 1671 661 1706 perpetuum
684 1675 741 1705 per
764 1675 796 1695 se
820 1665 919 1705 quod,
945 1664 1128 1705 simpliciter
1144 1672 1174 1696 et
1190 1665 1335 1696 absolute

261 1711 433 1751 prolatum,
459 1717 613 1751 perpetuo
634 1709 894 1749 subintelligitur:
920 1716 955 1740 ut
970 1717 1084 1740 votum
1101 1709 1260 1746 castitatis,
1277 1720 1335 1741 vo—

262 1763 330 1786 tum
355 1755 534 1794 religionis,
560 1761 590 1784 et
613 1754 810 1785 huiusmodi.
846 1755 933 1785 Haec
957 1754 1053 1791 enim,
1079 1755 1198 1795 absque
1223 1764 1335 1795 perpe-

261 1800 380 1831 tuitatis
403 1799 582 1840 prolatione
612 1800 751 1840 prolata,
782 1807 938 1839 perpetuo
963 1799 1155 1839 subintelligi
1189 1806 1275 1840 patet
1299 1809 1336 1830 ex

262 1844 428 1876 communi
444 1844 602 1875 Ecclesiae
618 1844 790 1875 intellectu.
818 1845 909 1875 Unde
925 1845 1002 1875 haec
1018 1844 1166 1875 dicuntur
1182 1851 1336 1885 perpetua

262 1899 318 1930 per
346 1899 388 1920 se.
423 1889 478 1919 Illa
508 1896 616 1919 autem
639 1899 736 1930 quae,
763 1889 908 1920 absolute
932 1896 962 1920 et
986 1888 1171 1929 simpliciter
1195 1890 1334 1930 prolata,

262 1944 329 1964 non
361 1934 643 1974 subintelliguntur
673 1941 848 1975 perpetuo,
881 1935 934 1964 sed
968 1935 1007 1965 de
1039 1934 1083 1965 eis
1115 1935 1335 1975 quaerendum

262 1986 356 2009 restat
386 1979 582 2020 quandoque
612 1989 652 2009 an
676 1979 812 2010 habeant
836 1979 1081 2019 perpetuitatem
1104 1979 1154 2009 vel
1178 1989 1261 2016 non,
1291 1979 1336 2009 di-

263 2031 378 2054 cuntur
402 2030 555 2064 perpetua
579 2034 635 2064 per
658 2023 817 2054 accidens:
844 2030 879 2054 ut
902 2030 1016 2055 votum
1040 2023 1193 2055 orationis
1217 2031 1272 2054 aut
1295 2024 1337 2054 ie-

263 2068 352 2104 iunii,
379 2075 409 2099 et
431 2068 627 2100 huiusmodi.
653 2071 776 2099 Auctor
799 2076 907 2099 autem
931 2069 963 2099 in
987 2069 1089 2100 littera
1109 2069 1147 2099 de
1162 2069 1245 2099 votis
1269 2078 1338 2109 per-

264 2113 368 2154 petuis
393 2123 448 2153 per
472 2123 504 2143 se
528 2113 755 2144 tantummodo
779 2113 939 2154 loquitur,
970 2120 999 2144 et
1023 2124 1089 2144 non
1114 2114 1152 2144 de
1176 2113 1339 2154 perpetuis

264 2168 320 2198 per
344 2158 501 2188 accidens:
534 2158 609 2199 quia
633 2168 738 2189 sermo
763 2158 831 2188 eius
855 2165 902 2189 est
925 2158 1068 2188 formalis
1093 2165 1124 2189 et
1147 2168 1203 2199 per
1227 2167 1275 2195 se;
1308 2165 1338 2189 et

265 2202 303 2232 ad
328 2202 532 2243 propositum
556 2213 652 2233 suum
673 2210 787 2233 votum
811 2212 866 2243 per
881 2213 913 2233 se
937 2210 1128 2243 perpetuum
1147 2203 1268 2243 optime
1286 2203 1338 2233 de-

219 2262 224 2267 ·
266 2247 369 2283 servit,
394 2247 470 2287 quia
493 2247 645 2287 obligatio
670 2247 710 2277 ad
734 2257 843 2278 curam
867 2247 1046 2278 animarum
1072 2254 1118 2278 est
1141 2258 1197 2288 per
1213 2257 1246 2278 se
1269 2257 1339 2287 per-

266 2298 372 2331 petua.
397 2291 439 2322 Et
462 2291 537 2332 quia
560 2291 686 2332 liquido
711 2298 835 2322 constat
859 2291 1046 2322 huiusmodi
1061 2299 1146 2328 vota,
1165 2302 1247 2332 quae
1265 2299 1339 2323 sunt

267 2346 322 2376 per
353 2345 386 2366 se
414 2342 577 2376 perpetua,
602 2337 706 2376 Papae
736 2342 890 2366 reservata
914 2345 996 2373 esse;
1021 2336 1094 2367 ideo
1126 2339 1248 2367 Auctor
1277 2337 1339 2367 hoc

266 2381 386 2420 absque
410 2380 598 2420 probatione
622 2380 692 2417 alia,
717 2387 870 2421 tanquam
895 2380 1110 2417 manifestum,
1136 2380 1221 2411 dixit.

324 2425 376 2456 IX.
403 2425 437 2455 In
471 2425 680 2465 responsione
703 2425 743 2455 ad
771 2425 914 2465 primum
945 2425 1088 2456 eiusdem
1117 2425 1257 2462 articuli,

267 2469 357 2499 bium
381 2469 535 2500 occurrit:
561 2469 636 2510 quia
659 2469 825 2510 responsio
851 2480 917 2500 non
940 2469 1065 2501 videtur
1089 2470 1266 2501 satisfacere
1290 2480 1339 2500 ar-

266 2521 431 2553 gumento,
449 2514 594 2555 quamvis
618 2524 691 2545 vera
714 2514 805 2545 dicat.
838 2515 923 2545 Nam
947 2514 1164 2556 Hieronymus
1191 2515 1224 2545 in
1249 2524 1339 2554 argu-

267 2565 377 2589 mento
408 2558 535 2589 affertur
567 2558 674 2589 dicens
705 2560 867 2599 episcopos
899 2560 1040 2590 maiores
1078 2569 1147 2590 esse
1170 2560 1340 2601 presbyte-

266 2604 313 2634 ris
341 2604 448 2644 magis
476 2604 642 2634 Ecclesiae
673 2604 904 2635 consuetudine
933 2614 1029 2645 quam
1058 2605 1251 2635 Dominicae
1278 2604 1340 2635 dis-

1282 2425 1340 2456 du—

876 246 1143 294 QUAESTIO
1174 244 1421 290 CLXXXIV,
1451 245 1751 282 ARTICULUS
1780 246 1849 282 VII

1363 321 1588 365 pensationis
1619 325 1769 355 veritate.-
1799 325 1917 365 quibus
1945 324 2048 354 verbis
2081 324 2112 354 in
2143 324 2352 365 responsione
2387 325 2465 356 nihil

1392 369 1517 399 videtur
1541 368 1612 399 dici.

1449 413 1498 443 Ad
1522 413 1584 443 hoc
1608 412 1722 443 dicitur
1749 413 1920 453 tripliciter.
1953 413 2079 451 Primo,
2111 413 2199 454 quod
2227 413 2321 443 verba
2351 414 2466 444 Hiero-

1390 502 1433 532 ita
1457 502 1546 542 quod
1570 511 1637 531 non
1660 501 1795 532 intendit
1818 503 1908 543 quod
1925 503 2004 533 olim
2020 503 2106 539 idem
2130 513 2161 533 re
2186 503 2280 533 fuerit
2303 503 2466 544 presbyter

1391 554 1422 577 et
1446 546 1631 586 episcopus,
1657 555 1743 576 nunc
1763 553 1872 577 autem
1896 548 2129 578 consuetudine
2152 547 2310 578 Ecclesiae
2334 547 2397 578 sint
2420 547 2466 578 di·

1391 591 1471 621 versi
1496 591 1675 621 secundum
1698 599 1782 626 rem;
1815 592 1870 621 sed
1892 591 2028 622 intendit
2051 593 2140 632 quod
2164 592 2244 622 olim
2263 599 2356 623 erant
2379 592 2465 622 idem

1391 635 1532 671 nomine,
1558 641 1588 665 et
1612 644 1698 665 nunc
1722 635 1954 666 consuetudine
1972 636 2130 667 Ecclesiae
2155 636 2293 668 distincti
2309 644 2384 668 sunt
2407 647 2466 667 no—

1391 680 1477 710 mine
1501 680 1541 710 ad
1565 679 1702 710 schisma
1725 679 1902 716 vitandum,
1927 687 1963 710 ut
1986 680 2019 710 in
2042 681 2144 711 littera
2168 681 2292 712 dicitur.
2323 682 2365 712 Et
2388 681 2465 712 haec

1391 724 1558 764 responsio
1583 723 1656 754 satis
1680 723 1713 753 in
1737 723 1839 754 littera
1863 723 2052 756 insinuatur.

1446 769 1570 799 Dicitur
1593 768 1752 804 secundo,
1784 768 1950 808 loquendo
1979 769 2018 799 de
2042 770 2226 811 presbytero
2258 777 2288 801 et
2311 770 2464 811 episcopo

1391 814 1569 844 secundum
1582 823 1659 849 rem,
1673 813 1763 853 quod
1778 812 1998 854 Hieronymus
2013 823 2078 844 non
2092 814 2229 846 excludit
2245 815 2465 846 auctoritatem

1391 858 1580 889 Dominicae
1605 857 1838 897 dispositionis:
1864 858 1918 888 sed
1953 857 2027 888 dicit
2057 858 2147 898 quod
2175 860 2281 900 magis
2304 860 2465 891 distinctio

1390 904 1448 934 ista
1464 910 1510 933 est
1530 913 1567 933 ex
1582 901 1740 932 Ecclesiae
1758 902 1999 933 consuetudine.
2025 902 2110 939 Quia
2126 913 2143 932 a
2158 902 2302 934 Domino
2322 905 2466 945 explicite

1391 958 1457 978 non
1480 949 1624 983 habetur,
1649 947 1704 977 sed
1727 947 1836 976 solum
1859 946 1892 976 in
1916 946 2026 987 figura,
2045 957 2119 977 cum
2143 947 2309 988 distinguit
2332 948 2463 989 Septua-

1390 993 1477 1033 ginta
1501 1003 1518 1023 a
1542 991 1733 1028 Duodecim,
1759 997 1795 1021 ut
1812 991 1926 1022 Glossa
1950 991 2069 1021 ibidem
2086 991 2171 1028 dicit,
2189 999 2219 1022 et
2235 992 2268 1022 in
2283 992 2385 1023 littera
2409 994 2465 1024 ha-

1389 1039 1495 1068 betur:
1523 1037 1562 1067 ab
1586 1036 1727 1066 Ecclesia
1750 1042 1859 1067 autem
1883 1035 2043 1067 distinctio
2068 1036 2211 1076 episcopi
2235 1043 2266 1067 et
2292 1038 2467 1079 presbyteri

1391 1082 1535 1123 explicite
1558 1081 1702 1111 habetur.
1726 1081 1828 1121 Magis
1852 1087 1959 1111 autem
1984 1080 2210 1120 cognoscimus
2233 1081 2356 1122 aliquid
2375 1092 2411 1113 ex
2427 1092 2466 1113 eo

1390 1127 1476 1158 unde
1501 1125 1645 1167 explicite
1669 1125 1840 1162 habemus,
1873 1135 1972 1166 quam
1996 1135 2034 1156 ex
2057 1135 2096 1156 eo
2121 1126 2207 1157 unde
2229 1125 2383 1166 implicite
2411 1127 2466 1158 ha-

1390 1173 1514 1203 bemus.
1538 1171 1579 1202 Et
1599 1177 1767 1211 propterea
1782 1170 2002 1211 Hieronymus
2019 1170 2111 1201 dixit:
2136 1171 2297 1202 Noverint
2311 1181 2346 1202 se
2359 1173 2468 1213 magis

1390 1227 1432 1248 ex
1455 1216 1621 1247 Ecclesiae
1645 1215 1876 1246 consuetudine
1891 1221 1948 1246 etc.

1445 1261 1556 1292 Tertio
1573 1259 1689 1291 dicitur
1703 1259 1793 1300 quod
1809 1259 2028 1300 Hieronymus
2047 1259 2080 1289 in
2095 1253 2198 1290 verbis
2213 1259 2275 1290 illis
2292 1270 2359 1291 non
2375 1261 2469 1302 ponit

1389 1316 1457 1337 rem
1480 1306 1514 1336 in
1531 1305 1676 1341 dubium,
1702 1304 1764 1334 hoc
1781 1310 1837 1340 est,
1862 1313 1930 1334 non
1949 1303 2042 1344 ponit
2057 1303 2272 1336 diversitatem
2287 1306 2467 1336 secundum

1389 1361 1457 1382 rem
1481 1350 1562 1381 inter
1585 1349 1775 1390 episcopum
1799 1356 1830 1380 et
1854 1349 2075 1390 presbyterum
2098 1349 2131 1379 in
2156 1349 2309 1380 dubium:
2341 1351 2396 1381 sed
2427 1350 2467 1381 de

1390 1406 1485 1428 causa
1501 1394 1688 1426 diversitatis
1712 1393 1787 1424 dicit
1809 1394 1898 1435 quod
1915 1393 2016 1434 magis
2034 1393 2238 1433 cognoscitur
2252 1404 2348 1425 causa
2370 1395 2468 1426 huius

1390 1440 1578 1472 diversitatis
1602 1438 1811 1470 ecclesiastica
1832 1439 2034 1470 consuetudo
2059 1448 2159 1479 quam
2173 1439 2345 1470 Dominica
2362 1440 2469 1480 dispo·

1390 1486 1473 1517 sitio.
1499 1485 1583 1523 Quia
1607 1491 1715 1515 autem
1739 1485 1862 1514 Auctor
1885 1483 1924 1514 de
1947 1483 2015 1523 ipsa
2039 1482 2218 1515 diversitate
2240 1483 2321 1515 inter
2344 1484 2467 1525 episco—

1390 1541 1470 1572 pum
1494 1538 1524 1562 et
1548 1529 1770 1571 presbyterum
1793 1534 1903 1559 tractat
1926 1527 1996 1564 hic,
2022 1537 2088 1558 non
2114 1528 2152 1559 de
2175 1528 2261 1560 illius
2285 1539 2381 1560 causa
2408 1539 2467 1561 nec

1390 1576 1429 1607 de
1452 1575 1538 1607 illius
1562 1574 1692 1611 notitia;
1728 1573 1801 1603 ideo
1832 1573 1910 1603 haec
1934 1572 2061 1609 omisit,
2092 1573 2167 1605 satis
2191 1573 2322 1604 credens
2345 1573 2467 1605 factum

1390 1631 1457 1652 esse
1481 1625 1670 1660 argumento
1695 1628 1733 1649 ex
1755 1617 1859 1658 prima
1883 1617 2102 1658 responsione.

1445 1666 1484 1696 X.
1510 1665 1545 1695 In
1562 1663 1770 1704 responsione
1786 1662 1827 1693 ad
1842 1662 2021 1693 secundum
2037 1662 2181 1693 eiusdem
2194 1662 2326 1699 articuli,
2340 1663 2468 1695 adverte

1391 1710 1482 1751 quod
1506 1709 1628 1740 dictum
1651 1707 1818 1745 Auctoris,
1842 1706 1977 1743 scilicet,
2005 1707 2121 1738 Curati
2143 1716 2178 1738 se
2200 1707 2318 1738 habent
2339 1708 2383 1739 ad
2405 1709 2469 1749 epi-

1390 1764 1521 1795 scopum
1546 1754 1629 1784 sicut
1651 1752 1762 1783 ballivi
1781 1757 1811 1782 et
1821 1752 2002 1793 praepositi
2016 1752 2060 1782 ad
2077 1761 2200 1793 regem,
2216 1752 2307 1792 quod
2322 1753 2362 1783 ab
2378 1753 2467 1784 Hen-

1390 1800 1456 1831 rico
1480 1799 1688 1839 impugnatur
1702 1797 1729 1833 *,
1754 1806 1821 1826 non
1837 1796 2016 1827 voluntarie
2038 1796 2189 1827 traditum
2207 1803 2263 1833 est,
2280 1797 2337 1828 sed
2352 1797 2468 1838 triplici

1390 1888 1539 1930 Dionysii
1569 1894 1599 1918 et
1623 1886 1764 1918 canonis.
1796 1885 1837 1916 Et
1863 1892 2046 1926 propterea,
2071 1885 2242 1916 excludens
2266 1895 2322 1916 eos
2345 1888 2469 1918 Auctor

1390 1945 1408 1965 a
1434 1940 1516 1965 statu
1541 1931 1755 1974 perfectionis.
1773 1930 1881 1962 dicit*
1904 1940 1960 1961 eos
1983 1930 2016 1961 in
2040 1929 2150 1971 officio
2172 1930 2217 1961 ad
2234 1930 2467 1972 perfectionem

1386 1980 1568 2020 pertinente
1597 1985 1683 2008 esse:
1714 1975 1758 2007 ita
1785 1975 1875 2016 quod
1905 1975 2006 2007 curati
2036 1982 2111 2006 sunt
2141 1974 2292 2006 officiales
2321 1982 2468 2016 respectu

1391 2023 1599 2065 quorundam
1622 2022 1663 2052 ad
1686 2020 1917 2062 perfectionem
1941 2019 2179 2070 pertinentium.

1448 2068 1604 2105 Quamvis
1629 2073 1739 2098 contra
1762 2065 1825 2096 hoc
1849 2071 1979 2105 arguat,
2003 2064 2080 2105 quia
2104 2065 2185 2095 ordo
2209 2071 2396 2096 curatorum
2419 2065 2468 2096 in-

1392 2113 1521 2144 stitutus
1545 2119 1592 2142 est
1615 2121 1633 2142 a
1656 2110 1801 2142 Domino
1825 2110 1857 2140 in
1882 2109 2101 2150 designatione
2125 2109 2394 2149 septuagintaduo
2421 2109 2468 2141 di-

1392 2158 1607 2199 scipulorum:
1639 2166 1675 2186 ac
1698 2165 1755 2196 per
1779 2154 1851 2191 hoc,
1869 2165 1936 2185 non
1961 2161 2036 2185 sunt
2059 2153 2209 2185 officiales
2223 2153 2468 2195 episcoporum,

1392 2210 1428 2234 ut
1451 2205 1574 2233 Auctor
1597 2200 1682 2231 dicit.
1705 2217 1727 2224 -
1752 2199 1814 2230 Sed
1842 2199 1883 2230 ad
1911 2199 1974 2230 hoc
2007 2198 2097 2230 facile
2121 2199 2333 2239 respondetur
2360 2200 2467 2241 quod,

1391 2247 1464 2278 licet
1479 2245 1664 2278 Dominus·
1656 2255 1690 2275 in
1705 2244 2041 2284 Septuagintaduobus
2060 2243 2231 2274 instituerit
2254 2250 2391 2280 curatos,
2402 2254 2469 2275 non

1391 2292 1475 2322 valet
1486 2298 1594 2322 tamen
1607 2288 1848 2329 consequentia:
1862 2289 1948 2328 Ergo
1962 2298 2028 2319 non
2041 2288 2178 2319 instituit
2190 2298 2245 2319 eos
2259 2295 2295 2319 ut
2307 2287 2469 2321 officiales.

1393 2337 1460 2367 Stat
1484 2335 1571 2366 enim
1589 2334 1679 2375 quod
1697 2333 1858 2364 Dominus
1874 2331 2044 2364 instituerit
2061 2332 2230 2373 episcopos
2246 2332 2280 2363 in
2297 2333 2470 2364 duodecim

1393 2379 1559 2421 Apostolis
1583 2386 1737 2419 tanquam
1761 2377 1961 2418 principales,
1986 2384 2017 2408 et
2041 2383 2167 2408 curatos
2190 2377 2224 2407 in
2247 2376 2470 2418 Septuaginta-

1394 2426 1522 2456 duobus
1535 2431 1690 2465 tanquam
1704 2422 1905 2454 coadiutores
1918 2429 1948 2453 et
1960 2421 2110 2453 officiales
2123 2421 2358 2462 principalium.
2377 2422 2470 2454 Unde

1394 2481 1431 2501 ex
1461 2468 1630 2500 Dominica
1662 2467 1862 2499 institutione
1897 2466 1976 2497 nihil
2005 2473 2111 2507 potest
2143 2465 2309 2498 efficaciter
2341 2466 2470 2507 probari

1393 2521 1503 2546 contra
1528 2519 1726 2554 praesentem
1752 2511 1945 2543 doctrinam:
1971 2511 2053 2542 sicut
2076 2521 2134 2542 nec
2157 2521 2194 2542 ex
2209 2511 2409 2542 institutione
2425 2521 2471 2542 sa-

1394 2569 1523 2590 crorum
1548 2558 1700 2589 ordinum
1721 2567 1739 2587 a
1755 2556 1899 2588 Domino
1923 2562 2029 2597 potest
2052 2555 2179 2596 probari
2198 2555 2289 2597 quod
2305 2556 2470 2587 constituti

1394 2604 1425 2634 in
1451 2603 1545 2634 sacris
1569 2603 1632 2634 sint
1654 2602 1687 2632 in
1711 2608 1793 2633 statu
1818 2600 2031 2642 perfectionis.

1055 2787 1376 2830 ARTICULUS
1412 2785 1683 2828 SEPTIMUS

469 2889 626 2920 UTRUM
650 2889 819 2920 STATUS
845 2889 1173 2921 RELIGIOSORUM
1198 2889 1265 2920 SIT
1288 2888 1565 2920 PERFECTIOR
1589 2888 1716 2926 QUAM
1740 2886 1909 2918 STA’rus
1937 2883 2268 2917 PRAELATORUM

910 2977 951 3001 De
970 2977 1043 3011 Pers.
1070 2977 1144 3002 Vitae
1164 2977 1246 3009 Spir..
1267 2984 1322 3009 cap.
1341 2983 1499 3008 xv11,xv1n;
1520 2976 1550 3001 In
1570 2975 1678 3005 Matth.,
1699 2982 1754 3007 cap.
1774 2982 1823 3000 xxx.

426 3176 436 3185 ²
444 3170 601 3213 status
630 3176 899 3223 praelatorum.
931 3175 1122 3212 Dominus
1152 3174 1254 3212 enim
1289 3174 1343 3212 di—

424 3240 431 3251 *
442 3217 473 3259 κ
485 3236 545 3276 c1t
576 3228 711 3266 Matth.
732 3240 792 3265 X1x
811 3227 851 3265 *t
886 3229 929 3265 Si
954 3229 1010 3266 vis
1031 3230 1224 3278 perfectus
1251 3240 1342 3274 esse,

272 3282 367 3318 vade
386 3287 420 3318 et
438 3282 557 3319 vende
575 3282 704 3319 omnia
724 3293 822 3330 quae
840 3257 955 3319 liabes
973 3288 1009 3319 et
1025 3283 1074 3319 da
1091 3282 1343 3332 pauperihus:

274 3334 379 3383 quod
408 3335 549 3372 faciunt
579 3335 752 3384 religiosi
783 3336 875 3372 Non
896 3343 1024 3373 autem
1044 3336 1092 3373 ad
1112 3336 1187 3373 hoc
1215 3343 1344 3373 tenen-

172 3391 249 3420 ''⁸⁶⁰2’‘
274 3395 334 3424 tur
363 3387 547 3437 episcopi:
579 3388 714 3426 dicitur
742 3389 844 3426 enim
874 3390 956 3435 XII,
987 3402 1051 3438 qu.
1073 3388 1138 3426 1³⁸:
1167 3389 1346 3438 Episcopi

274 3441 320 3478 de
348 3442 458 3478 rebus
482 3442 648 3490 propriis
675 3442 735 3479 vel
761 3443 971 3491 acquisitis,
1001 3443 1061 3480 vel
1088 3443 1269 3491 quidquid
1299 3443 1345 3480 de

329 3591 357 3624 α)
377 3591 559 3616 nominantur.
572 3605 590 3609 -
609 3590 764 3616 nominatur
784 3591 905 3616 PDFHL.

1391 3067 1551 3116 proprio
1578 3066 1727 3112 habent,
1746 3065 1945 3102 heredibus
1967 3064 2045 3102 suis
2063 3062 2334 3112 derelinquant.
2365 3063 2469 3111 Ergo

1398 3119 1559 3169 religiosi
1588 3126 1675 3157 sunt
1702 3118 1741 3156 in
1769 3117 1984 3168 perfectiori
2012 3124 2109 3154 statu
2139 3128 2256 3165 quam
2285 3115 2468 3166 episcopi.

1452 3186 1488 3212 2.
1510 3175 1746 3220 PRAETEREA,
1767 3171 1950 3222 perfectio
1970 3169 2217 3219 principalius
2243 3169 2414 3207 consistit
2432 3169 2470 3207 in

1398 3227 1601 3265 dilectione
1630 3226 1703 3264 Dei
1731 3237 1850 3274 quam
1878 3224 1918 3262 in
1945 3223 2146 3262 dilectione
2174 3219 2352 3273 proximi.
2392 3223 2469 3261 Sed

1398 3288 1514 3319 status
1543 3280 1807 3329 religiosorum
1836 3277 1973 3315 directe
2003 3277 2199 3315 ordinatur
2227 3277 2275 3315 ad
2305 3277 2471 3314 dilectio-

1398 3347 1488 3372 nem
1518 3333 1612 3372 Dei:
1649 3333 1752 3371 unde
1782 3338 1819 3369 et
1846 3342 1896 3368 ex
1925 3331 1999 3368 Dei
2032 3331 2183 3368 servitio
2216 3336 2252 3368 et
2269 3330 2468 3380 famulatu
2507 3366 2510 3370 .

1399 3387 1645 3426 nominantur
1664 3391 1693 3433 α,
1723 3393 1764 3423 ut
1791 3384 1999 3432 Dionysius
2029 3384 2127 3432 dicit,
2149 3397 2184 3422 vi
2212 3396 2295 3433 cap.
2323 3383 2467 3422 Eccles.

1397 3442 1509 3479 Hier.
1541 3441 1669 3478 Status
1689 3446 1819 3476 autem
1840 3438 2112 3487 episcoporum
2131 3438 2284 3476 videtur
2303 3437 2470 3475 ordinari

2495 1800 2571 1823 ‘Lem
2589 1800 2628 1823 cit.
2644 1806 2708 1823 num.

1391 1844 1602 1876 fundamento
1618 1841 1760 1873 fultum
1752 1851 1785 1871 m
1801 1841 1921 1877 littera,
1946 1840 2064 1872 scilicet
2087 1840 2220 1871 Glossae
2237 1841 2306 1872 lad
2324 1808 2412 1873 Cori:⁸
2413 1852 2467 1880 xn,
2515 1844 2520 1850 '

2495 1934 2710 1964 ’hmpndffi
