2768 4198
57 951 144 973 luti-od.

56 1032 68 1044 ⁸
81 1032 128 1060 Qu.
148 1037 215 1054 mv.

59 2619 84 2668 's

130 2632 139 2666 ·.
151 2623 273 2666 ἰζῑθὶέιῗ

58 2670 272 2726 iibDiIF‘gnepo’ituvL

59 2788 70 2799 ⁸
84 2787 142 2816 Cap.
157 2793 230 2809 xxvn.

161 3427 184 3470 ς.-

185 3426 217 3470 8?

0 2913 3 2927 ,³
62 2894 73 2904 ⁸
85 2893 143 2920 Cap.
158 2898 224 2914 mn.

968 314 1237 360 QUAESTIO
1268 314 1442 362 CXLIV,
1472 315 1770 353 ARTICULUS
1802 317 1814 352 l

2428 324 2492 358 ¹41

431 522 846 602 QUAESTIO
885 522 2367 601 CENTESIMAQUADRAGESIMAQUARTA

1135 643 1220 683 DE
1261 641 1664 682 VERECUNDIA

1092 760 1126 785 IN
1157 758 1331 790 QUATUOR
1363 758 1566 783 ARTICULOS
1595 759 1712 784 DIVlSA

300 875 490 958 Damna
533 864 857 902 considerandum
902 872 958 901 est
995 864 1041 902 de
1075 863 1246 913 partibus
1278 871 1374 900 tem-

57 925 68 936 ·
81 924 117 947 Cf.
132 930 171 952 qu.
189 929 270 950 exuti,

381 918 576 968 perantiae
612 919 651 956 in
687 918 840 967 speciali
859 917 890 955 ³¹⁸.
921 919 970 955 Et
1004 917 1153 967 primo,
1185 917 1232 954 de
1261 916 1373 965 parti-

297 972 370 1009 bus
399 972 506 1021 quasi
535 972 801 1021 integralibus:
831 983 931 1020 quae
960 979 1047 1008 sunt
1074 970 1307 1008 verecundia
1337 977 1375 1006 et

297 1025 478 1063 honestas
498 1025 529 1062 ²¹⁸.

299 1079 410 1116 Circa
446 1079 722 1116 verecundiam
760 1086 888 1115 autem
927 1085 1163 1126 quaeruntur
1197 1084 1372 1126 quatuor.
1399 1045 1402 1079 i

1482 862 1634 899 Primo:
1664 871 1792 900 utrum
1821 865 2054 902 verecundia
2082 865 2127 902 sit
2153 865 2283 902 virtus.

1484 934 1682 971 Secundo:
1715 935 1761 971 de
1791 936 1930 983 quibus
1959 937 2004 973 sit
2031 937 2275 974 verecundia.

1483 1005 1635 1042 Tertio:
1666 1018 1687 1043 a
1717 1006 1854 1055 quibus
1883 1008 2002 1044 homo
2032 1010 2322 1046 verecundetur.

1484 1076 1652 1123 Quarto:
1684 1089 1850 1125 quorum
1881 1078 1926 1115 sit
1954 1080 2215 1117 verecundari.

1115 1193 1436 1236 ARTICULUS
1476 1194 1684 1237 PRIMUS

365 1330 373 1332 μ
401 1320 447 1328 ,,
577 1293 582 1295 ’
1031 1288 1189 1320 UTRUM
1213 1287 1497 1319 VERECUNDIA
1521 1288 1588 1319 SlT
1612 1288 1771 1320 viRTth

447 1371 516 1396 Part.
536 1370 576 1401 111,
596 1377 643 1404 qu.
662 1376 751 1400 Lxxxv,
771 1374 819 1394 art.
842 1375 864 1398 1,
884 1368 916 1393 ad
937 1375 950 1392 2
958 1375 965 1398 ;
985 1367 1016 1392 111
1037 1367 1120 1397 Sent„
1142 1367 1200 1391 dist.
1218 1373 1288 1398 xxm,
1309 1374 1354 1399 qu.
1367 1373 1385 1396 ι,
1405 1370 1451 1391 art.
1474 1365 1497 1397 3,
1516 1366 1567 1399 qu·
1588 1374 1611 1397 2,
1632 1368 1664 1392 ad
1686 1375 1713 1397 2;
1734 1368 1775 1399 lV,
1796 1369 1853 1394 dist.
1873 1377 1922 1401 xrv,
1943 1378 1989 1403 qu.
2013 1378 2033 1401 1,
2054 1376 2100 1395 art.
2124 1379 2144 1402 1,
2165 1372 2214 1404 qu·
2236 1379 2259 1401 2,
2279 1372 2310 1397 ad
2326 1371 2353 1403 53

674 1405 733 1430 dist.
751 1412 792 1435 w,
812 1411 858 1437 qu.
877 1411 905 1433 ιι,
924 1408 971 1428 art.
995 1411 1016 1433 ι,
1036 1403 1085 1436 qu·
1109 1411 1129 1433 ι,
1149 1403 1182 1427 ad
1201 1410 1232 1434 43
1257 1402 1298 1427 De
1321 1401 1417 1431 Verit„
1436 1410 1481 1435 qu.
1500 1410 1566 1433 xxw,
1586 1407 1633 1427 art.
1653 1402 1678 1432 6,
1698 1404 1729 1428 ad
1754 1402 1798 1434 16;
1823 1404 1857 1429 lV
1877 1405 1972 1435 Ethic„
1993 1406 2050 1430 lect.
2070 1414 2129 1431 xvn.

336 1513 397 1538 ,ΑΙ
419 1517 486 1539 Μ,

429 1521 486 1608 255⁴<
510 1547 741 1586 verecundia
769 1546 816 1584 sit
839 1546 970 1584 virtus.
999 1547 1093 1583 Esse
1113 1545 1217 1583 enim
1237 1557 1274 1582 m
1295 1557 1372 1582 me-

318 1635 323 1643 .
349 1592 352 1597 ¹
459 1607 480 1642 (ι
510 1602 572 1639 dio
604 1601 811 1639 secundum
838 1599 1187 1638 determinationem
1216 1599 1374 1636 rationis

487 1663 568 1693 est
595 1654 794 1704 proprium
823 1654 992 1692 virtutis:
1031 1661 1073 1691 ut
1099 1661 1204 1703 patet
1232 1665 1278 1690 ex
1308 1653 1372 1690 de-

258 1717 270 1723 ·
297 1707 469 1746 finitione
496 1708 647 1747 virtutis
675 1719 774 1758 quae
802 1707 957 1757 ponitur
985 1707 1023 1744 in
1053 1708 1083 1744 11
1104 1707 1225 1744 Ethic.
1245 1706 1266 1728 *
1295 1706 1372 1744 Sed

297 1762 531 1800 verecundia
560 1762 728 1800 consistit
755 1762 793 1798 in
822 1761 885 1798 tali
913 1761 1066 1799 medio:
1105 1769 1146 1797 ut
1174 1767 1277 1810 patet
1305 1772 1374 1809 per

260 1819 272 1826 “
297 1814 592 1865 Philosophum,
622 1816 661 1854 in
690 1817 721 1853 ΙΙ
741 1815 863 1852 Ethic.
879 1814 900 1836 *
928 1815 1032 1862 Ergo
1051 1813 1287 1851 verecundia
1317 1821 1373 1850 est

297 1876 429 1907 Virtus.

353 1933 390 1960 2.
420 1923 662 1969 PRAETEREA,
693 1934 808 1958 omne
838 1921 1028 1958 laudabile
1058 1921 1119 1957 vel
1149 1927 1205 1957 est
1231 1919 1372 1967 virtus,

298 1976 362 2013 vel
399 1976 449 2012 ad
484 1975 664 2013 virtutem
706 1974 880 2024 pertinet.
925 1974 1003 2011 Sed
1044 1973 1279 2011 verecundia
1318 1981 1374 2010 est

299 2028 487 2079 quiddam
515 2028 717 2066 laudabile.
749 2029 840 2065 Non
862 2035 917 2065 est
946 2034 1075 2064 autem
1103 2039 1192 2076 pars
1216 2026 1374 2064 alicuius

298 2079 456 2120 virtutis.
487 2083 580 2120 Non
601 2082 703 2120 enirn
723 2089 780 2119 est
799 2094 888 2131 pars
907 2080 1155 2130 prudentiae:
1186 2080 1275 2129 quia
1295 2092 1373 2117 non

300 2143 357 2174 est
384 2136 423 2173 in
451 2135 610 2183 ratione,
639 2135 707 2174 sed
736 2136 775 2172 in
804 2135 986 2184 appetitu.
1017 2135 1157 2182 Neque
1179 2134 1291 2171 etiam
1317 2141 1374 2170 est

299 2202 388 2239 pars
416 2189 594 2227 iustitiae:
625 2189 715 2238 quia
741 2189 976 2226 verecundia
1005 2188 1225 2237 passionem
1254 2199 1374 2235 quan-
1401 2195 1402 2205 ¹

301 2243 391 2281 dam
418 2243 613 2292 importat,
643 2242 781 2280 iustitia
809 2250 939 2279 autem
969 2254 1048 2278 non
1078 2248 1134 2278 est
1162 2241 1261 2278 circa
1290 2253 1374 2289 pas-

300 2297 436 2334 siones.
468 2296 647 2333 Similiter
675 2296 788 2333 etiam
817 2308 895 2333 non
925 2303 981 2332 est
1009 2307 1098 2344 pars
1126 2293 1372 2331 fortitudinis:
1401 2319 1403 2326 .

300 2350 389 2400 quia
408 2350 458 2387 ad
477 2349 736 2387 fortitudinem
756 2349 917 2398 pertinet
935 2348 1136 2398 persistere
1153 2355 1189 2384 et
1208 2347 1372 2396 aggredi,

299 2403 348 2441 ad
376 2403 652 2441 verecundiam
682 2411 811 2440 autem
842 2403 1011 2450 refugere
1042 2401 1196 2450 aliquid.
1235 2402 1374 2450 Neque
1401 2413 1403 2435 ι

300 2457 414 2494 etiarn
451 2465 507 2495 est
542 2470 631 2506 pars
663 2457 959 2506 temperantiae:
998 2455 1087 2505 quia
1121 2455 1375 2504 temperantia

300 2519 356 2548 est
386 2511 485 2547 circa
515 2510 863 2559 concupiscentias,
893 2508 1127 2547 verecundia
1161 2516 1290 2546 autem
1319 2516 1375 2546 est

299 2564 414 2601 timor
441 2564 610 2612 quidam,
640 2571 682 2600 ut
708 2571 813 2612 patet
839 2575 909 2612 per
936 2563 1231 2611 Philosophum,
1261 2562 1300 2599 in
1324 2562 1376 2599 lv

299 2618 419 2655 Ethic.
440 2617 472 2662 ²³⁶,
493 2625 531 2654 et
548 2630 618 2666 per
636 2618 936 2665 Damascenum,
961 2617 999 2654 in
1020 2618 1051 2653 ll
1072 2616 1170 2653 libro
1189 2615 1241 2653 ³¹²⁸.
1272 2616 1375 2664 Ergo

301 2671 524 2720 relinquitur
551 2671 657 2719 quod
685 2670 920 2708 verecundia
949 2669 995 2707 sit
1020 2669 1154 2707 virtus.

358 2725 392 2762 3.
422 2725 661 2771 PRAETEREA,
692 2724 898 2760 honestum
929 2735 1017 2759 cum
1045 2723 1184 2760 virtute
1215 2734 1375 2759 conver·
1401 2754 1403 2762 .

300 2778 409 2815 titur:
439 2786 480 2814 ut
508 2785 610 2827 patet
637 2789 707 2826 per
734 2777 918 2823 Tullium,
948 2776 986 2813 in
1016 2778 1028 2812 Ι
1051 2777 1097 2813 de
1120 2776 1228 2824 Offic.
1249 2775 1269 2797 '¹‘
1298 2776 1375 2814 Sed

301 2831 534 2869 verecundia
573 2839 628 2868 est
665 2830 857 2880 quaedam
897 2842 984 2878 pars
1018 2829 1248 2866 honestatis:
1289 2829 1376 2866 dicit

303 2885 405 2922 enim
434 2884 675 2932 Ambrosius,
705 2884 743 2920 in
773 2885 786 2920 I
807 2884 852 2920 de
876 2883 983 2933 Offic.
1004 2882 1036 2929 *‚
1067 2882 1173 2932 quod
1196 2894 1376 2920 verecun-

302 2939 365 2976 dia
386 2939 489 2976 socia
509 2951 555 2975 ac
577 2938 785 2986 familiaris
805 2943 859 2974 est
877 2937 1009 2974 mentis
1031 2936 1261 2985 placiditati:
1283 2948 1375 2985 pro-

301 2992 460 3030 terviam
477 2992 671 3042 fugitans,
701 2993 750 3028 ah
778 2992 884 3028 omni
909 2990 1004 3027 luxu
1032 2990 1170 3036 aliena,
1196 2990 1375 3027 sobrieta-

302 3052 375 3084 tem
404 3046 545 3096 diligit,
575 3051 609 3082 et
635 3047 865 3082 honestatem
881 3045 1013 3092 fovet,
1047 3049 1084 3080 et
1115 3043 1290 3080 decorem
1319 3055 1376 3080 re·
1402 3036 1404 3048 ¹

303 3099 426 3148 quirit.
458 3100 560 3147 Ergo
588 3098 822 3136 verecundia
852 3105 907 3134 est
935 3097 1066 3134 virtus.

355 3164 394 3200 4.
422 3154 664 3199 PRAETEREA,
701 3164 818 3189 omne
845 3151 982 3189 vitium
1021 3149 1229 3199 opponitur
1267 3149 1376 3186 alicui

302 3205 443 3243 virtuti.
473 3206 551 3243 Sed
579 3205 770 3255 quaedam
799 3205 890 3242 vitia
918 3210 1168 3253 opponuntur
1191 3215 1376 3240 verecun-
1403 3219 1405 3232 ι

305 3258 409 3296 diae:
441 3258 580 3296 scilicet
606 3258 879 3297 inverecundia
910 3266 945 3295 et
973 3256 1210 3294 inordinatus
1230 3263 1375 3305 stupor.

305 3313 408 3360 Ergo
437 3312 668 3350 verecundia
697 3320 752 3350 est
779 3312 909 3349 virtus.

364 3366 395 3402 5.
418 3365 652 3414 PRAETEREA,
681 3378 732 3403 ex
749 3366 894 3403 actibus
920 3364 1059 3402 similes
1086 3363 1234 3400 habitus
1261 3375 1374 3413 gene-

267 3430 279 3435 ·
305 3424 457 3464 rantur,
486 3426 528 3455 ut
562 3418 696 3456 dicitur
723 3419 762 3456 in
791 3420 823 3456 II
842 3419 963 3456 Ethic.
980 3418 1000 3440 ’¹‘
1038 3417 1116 3454 Sed
1143 3416 1377 3454 verecundia

305 3472 486 3522 importat
505 3479 632 3508 actum
650 3472 893 3510 laudabilem.
914 3473 1017 3520 Ergo
1035 3483 1079 3508 ex
1095 3470 1221 3507 multis
1241 3470 1377 3507 talibus

306 3525 452 3563 actibus
472 3532 648 3562 causatur
665 3525 826 3562 habitus.
858 3525 936 3562 Sed
954 3525 1107 3562 habitus
1126 3523 1376 3561 laudabilium

510 1507 534 1532 ι)
561 1506 699 1532 ptumum
723 1505 778 1531 sm
802 1504 1045 1530 paoeamrun.
1073 1491 1370 1552 Videtur-quod
1396 1496 1400 1550 1
1427 1503 1588 1540 operum
1614 1500 1671 1529 est
1692 1492 1834 1530 virtus:
1866 1501 1906 1530 ut
1933 1502 2037 1543 patet
2064 1507 2133 1544 per
2152 1496 2443 1546 Philosophum,
2466 1498 2502 1535 in

1429 1546 1582 1583 lEthic.
1603 1545 1624 1567 '¹‘
1652 1547 1754 1595 Ergo
1783 1547 2017 1585 verecundia
2047 1556 2102 1585 est
2128 1549 2260 1587 virtus.

1482 1599 1557 1636 SED
1573 1611 1721 1636 CONTRA
1737 1612 1803 1638 EST
1817 1601 1923 1650 quod
1939 1601 2208 1651 Philosophus,
2225 1603 2263 1640 in
2280 1603 2340 1640 ΙΙ*
2356 1610 2392 1640 et
2407 1604 2503 1640 ΠΜ*

1427 1653 1562 1699 ΕτΙιιἐ.,
1584 1653 1673 1690 dicit
1695 1655 1971 1692 verecundiam
2002 1668 2079 1692 non
2111 1669 2194 1693 esse
2222 1656 2416 1694 virtutem.

1482 1707 1711 1744 Rsspounzo
1730 1719 1917 1746 mCENDUM
1947 1710 2051 1758 quod
2079 1709 2198 1747 virtus
2228 1710 2425 1759 dupliciter
2445 1723 2504 1748 ac-

1429 1759 1581 1808 cipitur:
1611 1760 1764 1810 proprie
1794 1761 1945 1809 scilicet,
1978 1769 2013 1799 et
2043 1763 2309 1800 communiter.
2347 1765 2503 1813 Proprie

1429 1813 1585 1861 quidem
1619 1813 1738 1851 virtus
1761 1815 1944 1863 perfectio
1973 1817 2160 1864 quaedam
2190 1823 2263 1863 est,
2294 1825 2334 1854 ut
2370 1817 2504 1855 dicitur

1428 1866 1466 1903 in
1486 1867 1725 1915 V11Physic.
1745 1867 1766 1888 '¹‘
1795 1869 1844 1905 Et
1871 1867 1959 1905 ideo
1989 1881 2106 1906 omne
2135 1870 2226 1907 illud
2256 1870 2362 1918 quod
2392 1883 2504 1920 repu-

1429 1927 1519 1967 gnat
1554 1920 1798 1968 perfectioni,
1830 1921 1943 1958 etiam
1978 1922 2008 1959 si
2044 1922 2090 1959 sit
2123 1923 2292 1972 bonum,
2322 1924 2450 1962 deficit
2482 1938 2503 1962 a

1429 1973 1574 2010 ratione
1597 1973 1756 2011 virtutis.
1786 1975 2029 2013 Verecundia
2053 1984 2181 2013 autern
2204 1985 2389 2026 repugnat
2417 1991 2504 2027 per—

1429 2026 1594 2064 fectioni.
1626 2028 1694 2064 Est
1715 2027 1816 2065 enirn
1837 2028 1954 2066 timor
1973 2028 2130 2067 alicuius
2150 2030 2281 2080 turpis,
2308 2031 2414 2079 quod
2435 2032 2503 2068 sci-

1429 2079 1514 2117 licet
1543 2088 1599 2117 est
1629 2081 1913 2130 exprobrabile:
1944 2083 2047 2120 unde
2075 2084 2340 2121 Damascenus
2370 2085 2457 2122 dicit
2484 2085 2504 2107 '¹‘

1430 2133 1535 2183 quod
1568 2135 1796 2172 verecundia
1830 2141 1885 2172 est
1914 2136 2028 2173 timor
2061 2137 2107 2173 de
2134 2138 2236 2186 turpi
2261 2143 2359 2174 actu.
2399 2138 2505 2176 Sicut

1430 2195 1557 2224 autem
1588 2200 1676 2236 spes
1705 2195 1762 2224 est
1800 2188 1847 2225 de
1876 2189 1981 2225 bono
2011 2190 2182 2238 possibili
2214 2197 2251 2227 et
2279 2192 2422 2238 arduo,
2454 2193 2504 2229 ita

1400 2262 1402 2283 2
1431 2240 1543 2277 etiam
1572 2241 1689 2277 timor
1717 2249 1774 2277 est
1809 2242 1856 2278 de
1886 2242 1988 2279 malo
2018 2243 2188 2291 possibili
2218 2251 2254 2280 et
2282 2245 2425 2281 arduo:
2464 2253 2505 2282 ut

1430 2306 1544 2343 supra
1559 2293 1580 2315 *
1598 2294 1769 2331 habitum
1791 2303 1857 2342 est,
1880 2307 1967 2332 curn
1989 2297 2036 2333 de
2056 2297 2298 2345 passionibus
2319 2306 2503 2346 ageretur.
2533 2311 2542 2319 ·
2563 2309 2575 2322 ἃ
2608 2310 2631 2322 ⁸²
2669 2317 2682 2331 u
2731 2317 2737 2331 1

1431 2347 1493 2384 llle
1523 2355 1651 2384 autem
1689 2348 1753 2396 qui
1783 2356 1840 2385 est
1867 2349 2058 2397 perfectus
2086 2352 2299 2388 secundum
2329 2352 2503 2388 habiturn
2533 2369 2545 2384 a
2651 2343 2658 2357 ¹

1430 2401 1591 2448 virtutis,
1622 2413 1700 2438 non
1730 2402 1983 2450 apprehendit
2009 2403 2163 2451 aliquod
2185 2405 2449 2454 exprobrabile
2470 2413 2506 2442 et

1430 2462 1540 2504 turpe
1570 2455 1619 2492 ad
1648 2455 1866 2492 faciendum
1887 2464 1927 2493 ut
1952 2457 2134 2505 possibile
2156 2465 2191 2494 et
2211 2458 2388 2505 arduum,
2410 2459 2506 2496 idest

1431 2508 1583 2546 difficile
1613 2508 1661 2546 ad
1686 2508 1906 2546 vitandum:
1937 2522 2062 2559 neque
2084 2510 2198 2548 etiam
2219 2519 2304 2548 actu
2324 2511 2411 2548 facit
2440 2513 2503 2549 ali-

1431 2562 1524 2611 quid
1553 2570 1675 2611 turpe,
1705 2563 1808 2599 unde
1839 2563 2090 2611 opprobrium
2120 2564 2262 2601 timeat.
2298 2565 2409 2602 Unde
2438 2578 2503 2602 ve-

1431 2615 1625 2662 recundia,
1656 2616 1808 2665 proprie
1836 2617 2049 2666 loquendo,
2081 2630 2158 2654 non
2188 2626 2244 2654 est
2271 2618 2410 2655 virtus:
2442 2619 2505 2656 de-

1431 2668 1510 2706 ficit
1538 2669 1640 2706 enim
1670 2682 1692 2706 a
1720 2669 1953 2718 perfectione
1982 2670 2140 2707 virtutis.

1486 2723 1755 2760 Communiter
1770 2731 1899 2760 autem
1915 2723 2033 2760 virtus
2050 2723 2184 2761 dicitur
2199 2736 2313 2761 omne
2328 2725 2434 2773 quod
2450 2735 2506 2762 est

1437 2777 1584 2813 bonum
1606 2784 1643 2813 et
1661 2776 1851 2813 laudabile
1867 2777 1905 2814 in
1924 2777 2104 2814 humanis
2124 2778 2270 2814 actibus
2284 2778 2346 2814 vel
2361 2779 2506 2826 passio-

1433 2830 1553 2867 nibus.
1576 2831 1653 2866 Et&
1669 2831 1882 2867 secundum
1898 2831 1985 2878 hoc,
2008 2831 2241 2868 verecundia
2270 2833 2504 2881 quandoque

1433 2883 1566 2921 dicitur
1584 2883 1725 2920 virtus:
1757 2896 1845 2920 cum
1866 2883 1912 2920 sit
1932 2885 2123 2932 quaedam
2144 2885 2343 2922 laudabilis
2363 2886 2502 2934 passio.

1485 2939 1544 2974 An
1574 2949 1711 2974 PRIMUM
1740 2949 1839 2974 ERGO
1868 2949 2054 2975 DICENDUM
2084 2938 2189 2987 quod
2218 2951 2297 2975 esse
2324 2939 2361 2975 in
2382 2940 2503 2976 medio

1402 3005 1404 3032 ς
1432 3002 1511 3027 non
1541 2990 1678 3027 sufficit
1697 2989 1746 3027 ad
1767 2990 1954 3027 rationem
1974 2991 2133 3038 virtutis,
2165 2991 2343 3040 quamvis
2363 2992 2409 3029 sit
2428 3005 2505 3029 una

1431 3043 1615 3092 particula
1643 3043 1768 3092 posita
1790 3044 1828 3081 in
1847 3044 1996 3082 virtutis
2017 3045 2260 3082 definitione:
2291 3045 2359 3082 sed
2380 3046 2505 3094 requi-

1432 3097 1522 3134 ritur
1540 3097 1697 3133 ulterius
1717 3098 1823 3145 quod
1844 3097 1890 3134 sit
1917 3098 2066 3135 habitus
2093 3099 2267 3135 electivus
2281 3098 2312 3146 ³¹⁶,
2334 3098 2429 3135 idest
2459 3111 2504 3136 ex

1433 3150 1617 3187 electione
1638 3163 1814 3199 operans.
1834 3151 2075 3188 Verecundia
2090 3159 2218 3188 autem
2238 3164 2317 3189 non
2331 3152 2506 3189 nominat

1432 3203 1618 3250 habitum,
1648 3205 1715 3241 sed
1744 3204 1977 3252 passionem.
2013 3204 2152 3254 Neque
2182 3213 2310 3242 motus
2340 3205 2420 3243 eius
2450 3214 2506 3243 est

1434 3269 1479 3293 ex
1509 3254 1714 3303 electione,
1746 3258 1813 3294 sed
1850 3270 1894 3294 ex
1922 3257 2068 3306 impetu
2101 3258 2274 3308 quodam
2302 3259 2503 3308 passionis.

1403 3337 1405 3347 ,
1433 3310 1544 3347 Unde
1574 3309 1701 3347 deficit
1729 3322 1752 3346 a
1781 3309 1926 3348 ratione
1954 3311 2113 3348 virtutis.

1486 3364 1545 3399 An
1564 3375 1756 3400 SECUNDUM
1775 3375 1961 3401 mei-:nuum
1981 3364 2100 3412 quod,
2122 3364 2216 3402 sicut
2235 3364 2381 3403 dictum
2403 3374 2457 3403 est
2472 3366 2502 3413 *,

1403 3423 1405 3472 j
1431 3415 1665 3454 verecundia
1695 3423 1751 3453 est
1777 3416 1892 3454 timor
1910 3417 2152 3467 turpitudinis
2182 3426 2217 3456 et
2247 3419 2505 3468 exprobratio-

1404 3474 1405 3510 }
1434 3469 1502 3507 nis.
1541 3469 1696 3506 Dictum
1727 3477 1782 3506 est
1814 3478 1942 3507 autem
1971 3484 2087 3520 supra
2105 3471 2125 3493 ’¹‘
2153 3472 2260 3520 quod
2287 3472 2422 3510 vitium
2451 3473 2506 3510 in-

1404 3519 1405 3529 l

1403 3559 1405 3566 t

1432 3523 1705 3573 temperantiae
1735 3530 1791 3560 est
1818 3524 2079 3574 turpissimum
2110 3532 2146 3562 et
2174 3525 2342 3563 maxime
2372 3538 2505 3574 expro-

362 3668 389 3701 α)
412 3668 454 3692 Et.
469 3681 487 3686 -
506 3667 562 3692 sed
580 3666 763 3699 ABEFLpCK.

2532 1557 2540 1563 ’
2555 1554 2610 1582 Cap.
2627 1561 2668 1576 xu.
2686 1562 2699 1576 n
2723 1562 2734 1577 2

2531 1582 2557 1624 o6:
2578 1587 2702 1631 cag'fxlinl'
2722 1589 2743 1630 ιέ.

2531 1615 2567 1629 -ο.
2580 1620 2590 1624 -
2621 1626 2625 1629 ,
2677 1625 2681 1630 .
2701 1615 2742 1630 ec.

2531 1641 2596 1659 xvm.
2612 1641 2649 1656 xx.

2532 1664 2540 1671 ⁸
2551 1661 2583 1683 Ca
2603 1678 2608 1683 .
2620 1667 2657 1683 vn.
2670 1668 2745 1687 n.14.-

2531 1688 2555 1709 S.
2570 1667 2614 1710 'liin
2630 1689 2681 1710 lect.
2698 1694 2728 1709 ix.

2535 1715 2596 1736 ”Ca
2615 1721 2746 1737 .1x.n.1.—

2531 1742 2555 1763 S.
2570 1722 2614 1763 ΤΙ-ιβ.
2626 1742 2676 1763 lect.
2689 1748 2742 1763 ιιι-ιι

2532 1885 2541 1894 ’
2555 1884 2623 1905 Text.
2638 1890 2693 1905 xviii
2709 1885 2745 1905 *li-

2531 1910 2572 1932 dir.
2584 1911 2668 1933 Prantl.
2685 1912 2743 1939 ¹879.

2530 1943 2582 1964 cap.
2603 1943 2636 1961 ιιι,
2656 1943 2745 1959 recens.

2531 1964 2646 1987 secunda).
2653 1976 2662 1980 -
2671 1965 2693 1986 S.
2700 1964 2743 1985 Th.

2531 1990 2582 2012 lect.
2598 1997 2628 2012 vi.

2532 2090 2541 2097 ⁸
2553 2088 2608 2110 Loc.
2618 2089 2656 2110 cit.
2667 2090 2688 2110 in
2697 2096 2744 2116 arg.

2531 2121 2552 2135 ‘'-

2532 3109 2690 3141 ⁸‘Cf3Aristor
2701 3112 2744 3132 loc.

2531 3141 2570 3158 cit.
2586 3143 2608 3158 ιιι
2625 3143 2671 3164 arg.

2533 3374 2542 3381 ⁸
2557 3372 2581 3393 In
2597 3378 2700 3399 corpore.

2534 3481 2543 3489 ⁸
2558 3480 2603 3506 Qu.
2620 3484 2688 3501 cxcii.
2702 3483 2743 3500 art.

2531 3513 2554 3532 4.
