2768 4198
23 1517 236 1546 ·OE.m.pneoed.

967 274 1238 321 QUAESTIO
1269 275 1368 322 CLI,
1398 274 1698 312 ARTICULUS
1728 275 1759 311 ll

2392 277 2462 325 193

262 356 381 386 bonam
404 354 634 395 operationem.
664 354 727 384 Sed
749 353 783 384 in
806 353 915 393 gentili
939 354 1142 384 concedenda
1165 361 1212 385 est
1234 354 1334 384 virtus
1362 354 1364 386 l
1390 364 1428 385 ex
1450 354 1622 394 Augustini
1646 353 1782 386 ratione:
1806 354 1897 385 Absit
1921 359 1957 385 ut
1980 355 2095 393 iustus,
2122 356 2184 385 nisi
2206 365 2248 385 ex
2259 355 2344 396 fide,
2370 357 2465 387 vivat.

262 410 344 431 vera.
372 412 387 428 ‹
405 399 447 430 Et
470 398 514 429 sic
537 397 737 438 Augustinus
759 398 915 438 loquitur,
935 404 976 434 et,
1001 405 1036 428 ut
1062 405 1153 438 puto,
1178 398 1334 429 Thomas.

262 444 366 480 Alias,
391 449 575 484 sequeretur
603 443 692 483 quod
722 452 890 483 nunquam
921 452 958 472 ex
988 441 1107 473 infideli
1138 449 1246 483 posset
1268 441 1366 473 fieri

261 488 373 520 fidelis.
398 487 483 526 Quia
506 497 572 518 non
595 485 649 518 fiet
666 485 768 517 fidelis
787 497 843 527 per
856 486 976 517 malam
995 487 1224 527 operationem.
1250 467 1366 528 Ergoi

262 543 319 573 per
341 533 471 563 bonam.
495 531 593 571 Ergo,
618 538 791 572 antequam
815 531 855 562 sit
877 530 989 566 fidelis,
1007 531 1066 563 fuit
1091 532 1123 562 in
1147 542 1186 562 eo
1206 533 1291 563 bona
1307 538 1338 562 et

261 577 429 608 laudabilis
452 575 639 616 operatio.»

1362 399 1588 438 Huiusmodi
1612 405 1721 430 autem
1751 399 1850 430 virtus
1878 398 1910 429 in
1939 399 2030 429 nullo
2065 406 2111 430 est
2140 398 2277 436 infideli,
2307 406 2342 430 ut
2372 407 2466 440 patet.

1364 443 1554 490 Obiiciens
1585 450 1693 474 autem
1717 443 1862 484 loquitur
1885 443 1924 473 de
1947 443 2063 474 virtute
2093 443 2174 474 infra
2205 444 2329 475 bonum
2356 445 2469 475 huma-

1391 497 1487 524 num;
1519 488 1558 518 de
1582 498 1646 528 qua
1670 488 1703 518 in
1727 487 1927 528 praecedenti
1951 488 2049 519 Libro
2069 488 2086 507 *
2116 488 2315 529 disputatum
2343 496 2403 525 est,
2429 499 2468 519 an
2495 522 2508 538 ²
2498 490 2574 517 ·.Qu
2595 496 2632 511 cxx
2643 507 2648 517 ⁷
2669 494 2709 511 an.

1365 539 1480 572 egeat
1495 532 1594 572 gratia
1611 532 1837 568 universaliter,
1855 539 1914 563 etc.
1935 532 1976 563 Et
1993 540 2116 564 constat
2132 533 2246 574 quod'
2238 543 2271 563 m
2288 532 2469 564 infidelibus
2510 532 2515 537 ’

1365 582 1367 623 Ἰ
1392 583 1498 617 potest
1524 586 1591 607 esse
1615 576 1721 617 aliqua
1754 577 1899 617 operatio
1916 587 1988 608 vere
2011 578 2097 608 bona
2125 578 2270 609 humano
2300 587 2409 608 more:
2436 586 2470 609 ut

318 621 368 652 Ad
392 621 454 652 11οο
479 620 594 651 dicitur
610 620 699 661 quod
723 630 781 650 nec
804 619 977 661 Augustini
1000 630 1058 651 nec
1074 621 1223 651 Thomae
1247 630 1338 651 mens
1365 622 1550 652 honorare
1570 628 1725 661 parentes,
1750 622 1879 652 reddere
1904 622 2088 662 depositum
2113 622 2264 659 domino,
2289 633 2411 653 servare
2434 622 2469 652 fi-

262 665 406 696 habetur.
442 664 607 703 Quoniam
639 665 820 705 loquuntur
851 665 902 696 isti
933 664 972 695 de
994 665 1110 696 virtute
1142 665 1338 706 simpliciter,

262 710 324 740 hoc
348 717 395 740 est
417 709 450 740 in
474 709 585 740 ordine
609 709 649 740 ad
672 709 824 740 ultimum
854 709 953 740 finem
983 709 1184 750 simpliciter,
1208 710 1265 751 qui
1294 717 1340 740 est

263 753 427 786 beatitudo
451 753 595 785 humano
619 754 726 794 generi
753 754 911 795 promissa
934 764 991 796 per
1012 754 1161 795 gratiam:
1196 761 1231 785 ut
1253 761 1341 795 patet

1366 733 1369 791 t
1393 709 1528 740 infidelis
1551 710 1706 750 paulatim
1731 711 1771 740 ad
1794 709 1902 741 fidem.

2499 657 2558 679 Cf.
2581 664 2657 685 supra,
2672 664 2711 684 qu.

2499 691 2528 710 x,
2552 688 2593 706 art.
2617 691 2646 710 4;
2688 691 2702 705 u

1392 666 1467 696 dem
1491 665 1705 706 coniugalem,
1723 673 1781 697 etc.
1798 666 1815 685 *
1843 666 1885 696 Et
1908 676 1964 706 per
1987 666 2104 697 similia
2120 668 2206 698 bona
2230 677 2328 708 opera
2351 667 2471 698 accedit
2706 701 2711 705 ,

2499 715 2613 738 1111111,11η
2626 717 2646 738 7,
2658 717 2669 732 a
2697 717 2711 732 1.

1042 873 1364 933 ARTICULUS
1400 890 1705 933 SECUNDUS

902 986 1059 1017 UTRUM
1083 985 1295 1017 CASTITAS
1319 985 1387 1016 SIT
1411 985 1571 1016 VIRTUS
1594 985 1838 1016 GENERALIS

300 1093 307 1106 1
354 1097 358 1105 =
407 1108 415 1115 s
451 1102 453 1106 s
480 1089 502 1114 D
522 1088 714 1114 SECUNDUM
730 1088 784 1113 SIC
799 1087 1042 1113 PROCEDl'rUR.
1058 1074 1221 1112 Videtur
1237 1075 1369 1123 quod
1367 1072 1370 1084 ¹

305 1107 453 1191 ·-‚'<‚,{-“{}
480 1130 629 1167 castitas
658 1129 704 1166 sit
731 1130 852 1167 virtus
880 1128 1078 1177 generalis.
1108 1127 1209 1165 Dicit
1238 1127 1342 1164 enim

344 1200 405 1231 *a
427 1182 738 1232 fiAugustinus,
778 1183 816 1220 in
855 1181 952 1219 libro
990 1182 1037 1218 de
1070 1181 1279 1218 Mendacio
1308 1180 1340 1227 *,

303 1238 305 1240 ’
324 1190 447 1266 effi?
438 1230 586 1287 &quod
614 1237 764 1274 castitas
786 1235 908 1273 ammi
925 1240 980 1271 est
1006 1234 1203 1271 ordinatus
1222 1234 1345 1272 animi

264 1295 411 1338 motus,
430 1302 506 1327 non
534 1290 694 1327 subdens
722 1290 871 1327 maiora
899 1288 1121 1325 minorihus.
1162 1288 1240 1325 Sed
1268 1288 1343 1324 hoc

264 1338 427 1392 pertinet
455 1343 504 1381 ad
532 1343 744 1393 quamlibet
763 1342 957 1380 virtutem.
987 1341 1091 1389 Ergo
1118 1341 1269 1378 castitas
1290 1348 1346 1378 est

265 1396 451 1445 generalis
479 1396 612 1434 virtus.

320 1461 356 1487 2.
387 1450 635 1497 PRAETEREA,
665 1461 811 1486 nomen
839 1448 1017 1486 castitatis
1045 1459 1067 1484 a
1096 1447 1346 1498 castigatione

265 1502 428 1541 sumitur
445 1503 476 1541 ²¹⁸.
516 1503 594 1541 Sed
623 1502 780 1551 quilibet
808 1509 938 1540 motus
967 1500 1198 1551 appetitivae
1226 1501 1344 1551 partis

265 1555 382 1595 debet
397 1556 568 1605 castigari
586 1569 610 1594 a
628 1556 788 1594 ratione.
815 1555 916 1593 Cum
939 1567 1030 1604 ergo
1046 1567 1117 1604 per
1132 1555 1346 1604 quamlibet

264 1609 446 1648 virtutem
482 1610 672 1648 moralem
706 1610 916 1647 refrenetur
944 1608 1080 1658 aliquis
1115 1609 1344 1658 appetitivus

265 1671 406 1710 motus,
435 1663 589 1702 videtur
617 1663 723 1713 quod
751 1662 943 1712 quaelibet
969 1662 1089 1700 virtus
1118 1662 1275 1700 moralis
1299 1663 1347 1701 sit

265 1716 429 1754 castitas.

321 1771 356 1808 3.
372 1771 610 1818 PRAETEREA,
628 1769 787 1807 castitati
807 1769 1006 1808 fornicatio
1023 1769 1244 1819 opponitur.
1267 1771 1345 1808 Sed

264 1823 465 1862 fornicatio
493 1823 648 1862 videtur
666 1823 856 1873 pertinere
885 1823 935 1861 ad
959 1835 1078 1860 omne
1105 1835 1227 1871 genus
1255 1836 1359 1872 pec<

265 1877 360 1916 cati:
397 1877 532 1916 dicitur
569 1877 672 1914 enim
701 1877 740 1914 in
778 1877 933 1914 Psalmo
958 1875 1003 1913 *z
1038 1877 1179 1914 Perdes
1213 1889 1345 1915 omnes

265 1931 333 1980 qui
350 1931 605 1980 fornicantur
631 1931 699 1968 abs
728 1936 773 1967 te.
812 1931 915 1978 Ergo
952 1929 1102 1967 castitas
1139 1938 1195 1967 est
1222 1930 1344 1968 virtus

266 1984 466 2033 generalis.

322 2038 398 2075 SED
427 2048 575 2075 CONTRA
604 2048 671 2074 EST
698 2036 805 2086 quod
835 2035 1059 2074 Macrobius
1077 2035 1097 2058 '¹‘
1125 2036 1235 2086 ponit
1257 2050 1343 2075 eam

267 2099 415 2141 partem
446 2090 736 2140 temperantiae.

321 2145 550 2182 RESPONDEO
571 2155 758 2181 DICENDUM
792 2143 897 2192 quod
913 2155 1056 2180 nomen
1077 2142 1255 2181 castitatis
1276 2144 1344 2182 du-

267 2197 413 2248 pliciter
440 2197 635 2247 accipitur.
657 2197 754 2235 *Uno
784 2196 917 2243 modo,
946 2196 1114 2246 proprie.
1144 2197 1194 2234 Et
1216 2197 1270 2234 sic
1290 2205 1346 2234 est

267 2251 461 2302 quaedam
490 2250 664 2300 specialis
691 2250 826 2298 virtus,
850 2250 998 2287 habens
1026 2249 1234 2299 specialem
1263 2263 1344 2288 ma-

266 2305 415 2352 teriam,
437 2304 579 2343 scilicet
598 2303 928 2353 concupiscentias
943 2303 1225 2341 delectabilium
1245 2317 1345 2353 quae

267 2366 355 2397 sunt
381 2358 420 2396 in
446 2358 635 2396 venereis.

319 2411 407 2450 Alio
427 2411 549 2449 modo
569 2422 716 2448 nomen
738 2409 918 2448 castitatis
937 2409 1122 2459 accipitur
1140 2411 1343 2460 metapho-

266 2465 355 2503 rice.
386 2465 493 2503 Sicut
512 2464 616 2502 enim
645 2464 684 2502 in
705 2463 878 2513 corporis
907 2463 1182 2501 commixtione
1221 2465 1344 2502 consi-

266 2519 328 2557 stit
366 2518 566 2556 delectatio
599 2530 878 2564 venereorum,
913 2516 1012 2554 circa
1039 2530 1158 2567 quam
1186 2518 1343 2567 proprie

268 2580 324 2610 est
344 2571 494 2609 castitas
523 2579 560 2608 et
589 2571 812 2620 oppositum
838 2570 990 2618 vitium,
1011 2570 1152 2608 scilicet
1175 2571 1342 2619 luxuria;

267 2626 318 2663 ita
337 2625 453 2663 etiam
482 2625 521 2662 in
541 2625 710 2674 quadarn
730 2623 912 2673 spirituali
942 2623 1210 2662 coniunctione
1235 2637 1343 2663 men-

267 2678 314 2716 tis
342 2679 390 2716 ad
419 2691 480 2716 res
508 2678 655 2727 aliquas
685 2677 857 2715 consistit
888 2677 1084 2727 quaedam
1120 2678 1341 2727 delectatio,

269 2732 368 2770 circa
396 2744 513 2781 quam
544 2739 600 2769 est
628 2731 822 2780 quaedam
851 2730 1053 2779 spiritualis
1083 2731 1233 2769 castitas
1262 2745 1342 2770 me—

268 2785 465 2836 taphorice
496 2786 606 2831 dicta,
626 2785 690 2822 vel
720 2784 835 2822 etiam
864 2783 1066 2833 spiritualis
1095 2785 1295 2822 fornicatio
1312 2792 1342 2834 ²,

269 2839 440 2878 similiter
467 2838 732 2888 metaphorice
769 2837 881 2875 dicta.
912 2837 952 2874 Si
991 2837 1094 2875 enim
1123 2851 1234 2876 mens
1271 2840 1342 2876 ho-

324 2955 352 2987 α)
364 2955 553 2988 fornicatio.-
565 2954 680 2980 hominis
700 2954 770 2979 addit
789 2954 819 2979 P.

1394 1074 1508 1111 minis
1538 1075 1748 1111 delectetur
1776 1075 1814 1112 in
1849 1076 2035 1124 spirituali
2064 1078 2335 1116 coniunctione
2357 1082 2404 1117 ad
2434 1080 2472 1118 id

1397 1127 1458 1164 cui
1487 1127 1602 1165 debet
1627 1128 1817 1176 coniungi,
1839 1129 1980 1166 scilicet
1999 1131 2048 1167 ad
2073 1132 2217 1178 Deum3
2248 1140 2284 1169 et
2312 1134 2475 1170 abstinet

1397 1193 1438 1217 se
1467 1193 1514 1217 ne
1545 1181 1817 1219 delectabiliter
1845 1182 1924 1219 aliis
1954 1183 2219 1232 coniungatur,
2247 1194 2380 1224 contra
2409 1188 2473 1224 de-

1397 1233 1520 1271 bitum
1551 1233 1668 1271 divini
1696 1235 1861 1272 ordinis:
1893 1235 2039 1274 dicetur
2077 1237 2225 1275 castitas
2253 1239 2473 1288 spiritualis,

1398 1287 1614 1324 secundum
1635 1287 1728 1325 illud
1749 1289 1780 1325 II
1801 1289 1854 1325 ad
1876 1290 1963 1326 Cor.
1980 1302 2016 1327 xi
2035 1290 2075 1327 *z
2105 1292 2301 1340 Des-pondi
2318 1304 2385 1330 vos
2410 1294 2477 1330 uni
2502 1298 2592 1320 Vers·
2620 1305 2641 1320 ²·

1396 1340 1493 1387 viro,
1513 1341 1704 1391 virginem
1724 1347 1869 1379 castam
1889 1344 2069 1380 exhibere
2092 1345 2251 1382 Christo.
2284 1346 2325 1383 Si
2344 1354 2473 1383 autem

1398 1393 1682 1442 delectabiliter,
1704 1403 1837 1432 contra
1858 1396 2030 1434 debitum
2060 1397 2179 1435 divini
2209 1398 2364 1447 ordinis,
2386 1413 2476 1437 con-

1398 1447 1576 1496 iungatur
1605 1460 1716 1486 mens
1740 1448 2048 1499 quibuscumque
2078 1451 2159 1488 aliis
2182 1453 2308 1500 rebus,
2331 1453 2477 1491 dicetur

1398 1501 1599 1539 fornicatio
1619 1501 1839 1551 spiritualis:
1870 1504 2085 1541 secundum
2106 1505 2199 1542 illud
2219 1507 2355 1543 lerem.
2382 1519 2418 1544 111
2437 1507 2474 1544 *z
2503 1511 2513 1520 ⁸
2527 1509 2592 1531 Vm·
2610 1516 2624 1530 ¹>

1402 1556 1439 1592 T
1436 1567 1459 1592 u
1478 1561 1605 1592 autem
1613 1556 1816 1604 fornicata
1836 1568 1876 1594 es
1895 1569 1981 1594 cum
2005 1559 2241 1596 amatoribus
2259 1560 2397 1597 multis.
2428 1561 2477 1598 Et

1397 1609 1473 1646 hoc
1494 1610 1615 1647 modo
1639 1609 1864 1658 accipiendo
1895 1612 2119 1658 castitatem,
2150 1613 2301 1650 castitas
2331 1621 2388 1650 est
2415 1626 2477 1662 ge-

1397 1662 1536 1700 neralis
1555 1661 1693 1700 virtus:
1723 1663 1814 1712 quia
1832 1676 1903 1713 per
1922 1665 2137 1713 quamlibet
2159 1666 2340 1704 virtutem
2362 1675 2476 1704 retra-

1397 1716 1499 1753 hitur
1517 1728 1628 1753 mens
1648 1716 1820 1754 humana
1840 1730 1888 1754 ne
1913 1719 2029 1755 rebus
2049 1718 2184 1757 illicitis
2205 1719 2478 1758 delectabiliter

1399 1769 1662 1818 coniungatur.
1698 1770 1962 1820 Principaliter
1989 1780 2120 1810 tamen
2149 1773 2244 1810 ratio
2273 1774 2386 1811 huius
2416 1787 2476 1812 ca-

1397 1823 1531 1860 stitatis
1568 1823 1738 1860 consistit
1766 1823 1804 1861 in
1843 1824 1996 1862 caritate
2027 1834 2064 1862 et
2091 1826 2130 1863 in
2159 1826 2239 1864 aliis
2274 1827 2476 1866 virtutibus

1397 1876 1635 1925 theologicis,
1651 1876 1792 1925 quibus
1806 1889 1917 1915 mens
1931 1879 2099 1916 hominis
2120 1880 2362 1929 coniungitur
2376 1882 2474 1918 Deo.

1451 1933 1511 1967 AD
1540 1942 1679 1967 PRlMUM
1708 1943 1807 1968 ERGO
1826 1943 2014 1970 D1C1-:NDUM
2034 1933 2142 1981 quod
2171 1934 2266 1971 ratio
2296 1934 2359 1971 illa
2386 1947 2475 1984 pro-

1398 1983 1497 2021 cedit
1527 1983 1575 2021 de
1605 1984 1774 2021 castitate
1802 1985 2064 2034 metaphorice
2094 1986 2205 2024 dicta.

1451 2039 1511 2074 AD
1540 2049 1732 2075 SECUNDUM
1762 2050 1947 2076 DICENDUM
1977 2039 2095 2087 quod,
2118 2040 2215 2078 sicut
2238 2053 2355 2090 supra
2374 2041 2394 2063 ’³‘
2423 2041 2477 2080 di-

1398 2098 1501 2128 ctum
1533 2098 1601 2138 est,
1623 2091 1934 2140 concupiscentia
1962 2093 2193 2131 delectabilis
2222 2094 2389 2132 maxime
2419 2107 2477 2133 as-

1398 2144 1582 2181 similatur
1614 2156 1756 2193 puero:
1791 2157 1838 2181 eo
1874 2146 1980 2194 quod
2019 2147 2208 2196 appetitus
2247 2148 2478 2186 delectabilis

1399 2205 1454 2234 est
1478 2197 1589 2234 nobis
1610 2198 1879 2246 connaturalis,
1901 2206 1938 2235 et
1966 2200 2173 2249 praecipue
2194 2201 2477 2239 delectabilium

1397 2251 1614 2288 secundum
1644 2258 1802 2299 tactum,
1824 2264 1923 2300 quae
1953 2253 2179 2291 ordinantur
2199 2254 2247 2292 ad
2274 2267 2480 2292 conserva-

1397 2304 1545 2342 tionem
1584 2312 1764 2351 naturae3
1796 2313 1832 2342 et
1861 2305 1949 2343 inde
1984 2315 2039 2343 est
2076 2308 2198 2368 quod,
2229 2307 2260 2345 31
2293 2309 2479 2346 nutriatur

1395 2358 1538 2395 horum
1559 2357 1843 2395 delectabilium
1866 2360 2178 2409 concupiscentia
2193 2373 2263 2420 per
2281 2362 2357 2407 hoc
2373 2363 2478 2412 quod

1398 2412 1431 2448 ei
1461 2411 1731 2459 consentiatur,
1754 2412 1921 2450 maxime
1942 2415 2153 2474 augebitur,
2175 2414 2271 2452 sicut
2297 2428 2394 2464 puer
2413 2417 2478 2476 qui

1397 2478 1489 2503 suae
1518 2465 1706 2503 voluntati
1736 2466 1972 2515 relinquitur.
2007 2469 2057 2504 Et
2085 2468 2139 2505 sic
2168 2469 2479 2529 concupiscentia

1396 2519 1538 2557 horum
1559 2519 1841 2557 delectabilium
1862 2521 2032 2558 maxime
2052 2521 2196 2570 indiget
2216 2523 2400 2571 castigari.
2430 2525 2479 2561 Et

1396 2573 1485 2611 ideo
1516 2573 1616 2610 circa
1643 2573 1865 2611 huiusmodi
1895 2575 2226 2624 concupiscentias
2248 2584 2477 2614 antonoma-

1396 2626 1488 2664 stice
1519 2626 1655 2664 dicitur
1685 2627 1854 2664 castitas:
1885 2628 1982 2665 sicut
2011 2636 2047 2665 et
2075 2629 2258 2666 fortitudo
2289 2638 2344 2666 est
2378 2630 2478 2668 circa

1396 2693 1441 2718 ea
1470 2680 1509 2717 in
1539 2680 1680 2729 quibus
1710 2681 1878 2718 maxime
1907 2681 2122 2729 indigemus
2143 2682 2262 2720 animi
2282 2683 2475 2721 firmitate.

1449 2735 1509 2771 AD
1537 2746 1703 2771 ’reanum
1732 2747 1919 2772 chENDUM
1939 2736 2046 2783 quod
2076 2734 2275 2772 obiectio?
2304 2736 2366 2773 illa
2391 2749 2478 2786 pro·
2603 2734 2618 2768 β

1396 2787 1496 2824 cedit
1525 2787 1573 2825 de
1602 2787 1855 2825 fornicatione
1876 2788 2061 2837 spirituali
2081 2789 2342 2838 metaphorice
2365 2790 2476 2838 dicta,

1395 2853 1496 2890 quae
1517 2841 1726 2890 opponitur
1747 2842 1929 2891 spirituali
1951 2842 2121 2890 castitati,
2142 2851 2184 2879 ut
2205 2843 2348 2880 dictum
2373 2852 2429 2881 est
2443 2843 2475 2882 ²¹⁸.

2504 2047 2513 2055 ·
2529 2045 2576 2073 Qu.
2592 2050 2664 2073 cxl-11,
2675 2050 2715 2068 nrt.

2503 2848 2512 2857 ⁴
2527 2849 2553 2869 ln
2569 2853 2674 2875 corpore.

1451 2955 1478 2989 β)
1497 2957 1618 2983 obiectio.
1631 2972 1652 2977 -
1668 2958 1741 2983 ratio
1760 2959 1807 2983 Pa.

952 3033 1289 3067 Commenta-ia
1309 3034 1564 3069 Gardinalis
1586 3038 1790 3070 Caietam

301 3125 322 3145 N
345 3115 479 3146 articulo
502 3115 644 3146 secundo
675 3114 819 3145 eiusdem
841 3113 1048 3155 quaestionis,
1077 3113 1110 3144 in
1133 3114 1343 3154 responsione

275 3127 343 3190 lad
358 3160 547 3196 secundum,
571 3159 708 3190 dubium
731 3158 870 3190 occurrit
892 3158 932 3188 ad
955 3158 1131 3190 hominem.
1165 3158 1250 3196 Quia
1272 3161 1342 3190 Au-

273 3210 340 3234 ctor
362 3203 481 3235 falsum
502 3204 604 3235 dicere
626 3204 761 3240 videtur,
785 3203 948 3234 reddendo
967 3203 1125 3234 rationem
1147 3213 1245 3244 quare
1268 3213 1344 3234 con-

274 3247 467 3288 cupiscentia
489 3249 682 3280 delectabilis
705 3248 842 3279 maxime
858 3247 1051 3279 assimilatur
1074 3258 1186 3288 puero,
1206 3257 1243 3278 eo
1258 3249 1344 3288 quod

273 3293 432 3333 appetitus
464 3292 658 3324 delectabilis
689 3299 737 3324 est
767 3293 856 3324 nobis
890 3293 1134 3330 connaturalis,
1165 3299 1223 3323 etc.
1258 3293 1343 3323 Nam

274 3339 396 3367 Auctor
425 3336 459 3366 in
486 3337 642 3378 principio
672 3338 764 3368 istius
794 3337 1025 3378 responsionis,
1050 3337 1145 3368 refert
1168 3347 1201 3367 se
1228 3337 1268 3367 ad
1292 3348 1344 3368 su-

274 3391 330 3421 pra
362 3380 455 3411 dicta.
488 3381 624 3413 Constat
654 3389 763 3413 autem
795 3382 885 3423 quod
916 3381 1078 3423 superius,
1102 3382 1135 3412 in
1163 3392 1217 3422 qu.
1242 3391 1343 3418 cxm,

274 3432 330 3456 art.
358 3435 393 3462 2,
418 3424 474 3456 ubi
504 3435 542 3456 ex
569 3426 736 3466 proposito
759 3426 937 3458 similitudo
964 3427 1046 3457 inter
1074 3436 1212 3467 puerum
1241 3433 1271 3456 et
1294 3426 1343 3456 in-

274 3476 487 3510 temperatum
511 3476 640 3501 tractata
663 3477 726 3507 est,
750 3481 817 3501 non
841 3471 974 3502 habetur
996 3471 1055 3502 ista
1086 3471 1166 3502 ratio
1187 3480 1270 3512 quae
1293 3471 1344 3501 hic

274 3514 459 3554 assignatur.
485 3514 616 3545 Falsum
648 3521 695 3545 est
717 3524 792 3555 ergo
821 3516 912 3556 quod
940 3515 991 3546 hic
1020 3515 1150 3547 dicitur:
1173 3525 1274 3556 supra
1298 3516 1344 3546 di·
1370 3526 1372 3540 τ

1371 3600 1372 3604 ¹
1400 3564 1576 3595 derelictus.
1607 3564 1648 3595 Et
1671 3564 1832 3600 similiter,
1857 3564 1932 3605 quia
1956 3564 2170 3595 connaturalis
2195 3571 2240 3595 est
2265 3564 2374 3600 nobis,
2399 3564 2471 3594 ideo

1371 3614 1373 3641 Ξ
1401 3608 1604 3649 castigatione
1629 3616 1708 3648 eget,
1734 3618 1773 3639 ne
1796 3608 1973 3640 indomitus
1997 3608 2151 3640 efferatur.

275 3564 381 3633 cmxii
398 3603 460 3634 hoc
480 3602 594 3633 dicitur
610 3602 786 3643 dupliciter.
810 3603 928 3640 Primo,
945 3605 1032 3645 quod
1056 3604 1089 3645 ly
1104 3614 1205 3645 supra
1224 3605 1343 3635 dictum

418 3671 528 3696 Summa
547 3670 649 3695 Tuam..
669 3670 700 3694 D.
714 3669 829 3695 Tnomn
848 3670 881 3696 T.
899 3671 955 3696 VII.

1397 3122 1444 3147 est
1467 3127 1534 3147 non
1558 3117 1692 3149 refertur
1715 3119 1755 3149 ad
1779 3118 1936 3150 rationem
1961 3119 2197 3155 similitudinis,
2223 3119 2278 3149 sed
2301 3119 2340 3149 ad
2370 3119 2474 3160 ipsam

1397 3161 1500 3192 solam
1524 3161 1783 3193 similitudinem:
1818 3174 1893 3194 nam
1917 3163 2064 3204 superius
2089 3163 2210 3194 dictum
2235 3171 2282 3194 est
2305 3164 2394 3204 quod
2419 3175 2474 3205 ap-

1397 3207 1515 3247 petitus
1549 3207 1741 3238 delectabilis
1769 3208 1907 3238 maxime
1938 3208 2129 3239 assimilatur
2156 3218 2268 3248 puero,
2301 3207 2362 3238 Sed
2393 3209 2473 3240 ratio

1398 3251 1567 3282 subiuncta
1592 3259 1639 3283 est
1661 3261 1756 3283 nova.

1454 3296 1603 3327 Secundo
1633 3295 1747 3327 dicitur
1777 3296 1867 3337 quod
1891 3303 2064 3337 utrumque
2094 3296 2239 3336 superius
2271 3297 2393 3328 dictum
2417 3305 2472 3335 est,

1399 3340 1454 3371 sed
1478 3340 1700 3371 diversimode.
1725 3341 1810 3378 Quia
1830 3340 2006 3372 similitudo
2031 3341 2184 3381 explicata
2208 3341 2282 3372 satis
2298 3348 2353 3372 est.
2379 3342 2473 3372 Ratio

1397 3395 1473 3416 vero
1498 3385 1714 3416 similitudinis
1744 3385 1903 3416 insinuata
1926 3392 1973 3416 est
1996 3393 2027 3417 et
2049 3386 2082 3416 in
2106 3386 2245 3416 secunda
2269 3393 2299 3416 et
2327 3386 2360 3416 in
2384 3385 2474 3417 tertia

1398 3429 1614 3461 similitudinis
1638 3429 1876 3462 convenientia:
1908 3430 2025 3461 scilicet
2048 3430 2081 3460 in
2105 3437 2220 3461 eventu
2245 3431 2418 3470 augmenti,
2444 3438 2474 3461 et

1398 3475 1431 3505 in
1455 3474 1628 3514 indigentia
1651 3474 1782 3505 remedii
1807 3474 1990 3515 castigativi.
2013 3475 2098 3506 Nam
2121 3475 2198 3516 quia
2221 3482 2267 3506 est
2283 3475 2375 3506 nobis
2400 3485 2473 3506 con-

1399 3519 1564 3556 naturalis,
1589 3519 1662 3550 ideo
1687 3519 1823 3550 maxime
1847 3526 1982 3560 augetur
2010 3519 2202 3550 delectabilis
2230 3519 2389 3560 appetitus
2414 3519 2472 3549 sibi

2295 3668 2325 3692 25
