2768 4198
0 2570 11 2836 mrum-w-wm-wwn
0 2433 4 2460 ψ.-

34 1462 104 1489 ,vu
130 1472 146 1482 ,,

955 281 1223 327 QUAESTIO
1254 282 1430 330 CLXIX,
1460 282 1758 320 ARTICULUS
1788 283 1800 319 1
2401 282 2474 329 357

143 370 157 396 ο
282 363 418 412 quippe
431 362 647 399 vestimenta
656 360 823 409 pretiosa
834 357 860 406 ⁰,
873 360 1012 396 scilicet
1032 361 1250 397 excedentia
1265 373 1353 408 pro·
1378 360 1381 395 Ι

282 416 407 465 prium
429 422 580 461 statum,
601 414 674 450 nisi
699 414 750 450 ad
781 413 931 449 inanem
959 413 1126 462 gloriam
1154 415 1310 462 quaerit.
1326 434 1351 442 -

282 469 368 506 Alio
385 468 516 508 modo,
538 467 750 503 secundum
773 467 878 514 quod
894 467 1013 502 homo
1029 479 1098 515 per
1114 468 1350 515 superfluum

282 523 424 558 cultum
444 520 610 558 vestium
629 519 777 567 quaerit
805 519 977 556 delicias:
1003 521 1215 557 secundum
1246 520 1351 568 quod

281 574 398 611 vestis
426 573 621 611 ordinatur
649 574 697 609 ad
718 573 890 621 corporis
920 573 1143 610 fomentum.
1166 596 1189 602 -
1219 574 1350 610 Tertio

282 627 424 673 modo,
464 626 677 663 secundum
716 626 820 674 quod
861 626 1019 664 nimiam
1058 621 1380 663 sollicitudinem³

281 679 440 729 apponit
478 679 527 716 ad
565 679 791 716 exteriorem
831 679 996 716 vestium
1036 681 1200 726 cultum,
1236 680 1349 716 etiam

281 733 311 770 si
340 745 419 770 non
442 732 488 769 sit
516 732 644 781 aliqua
672 732 900 770 inordinatio
931 745 976 769 ex
1005 741 1110 782 parte
1130 733 1230 771 finis.

42 790 52 801 ⁸
65 789 102 812 De
120 788 253 818 Ale-tm·
337 786 386 823 Et
405 786 619 822 secundum
640 786 727 832 hoc,
747 786 991 823 Andronicus
1005 786 1026 808 *
1054 786 1161 835 ponit
1179 794 1253 823 tres
1277 786 1351 822 vir-

280 847 378 876 tutes
408 839 506 876 circa
535 839 760 876 exteriorem
790 841 945 876 cultum.
977 840 1139 885 Scilicet,
1164 839 1351 876 humilita-

280 899 366 939 tem,
388 905 487 941 quae
518 893 680 930 excludit
699 893 950 930 intentionem
980 893 1132 941 gloriae.
1164 893 1275 930 Unde
1299 892 1352 929 di-

282 948 332 983 cit
351 947 458 995 quod
486 946 678 983 humilitas
696 952 751 983 est
775 947 923 984 habitus
943 958 1016 983 non
1041 946 1353 995 superabundans

282 1000 319 1037 in
339 1001 547 1048 sumptibus
565 1006 600 1036 et
614 1001 983 1049 praeparationibus.
1014 1020 1038 1027 -
1067 1000 1116 1036 Et
1128 1011 1202 1048 per
1219 1012 1259 1036 se
1275 1000 1353 1047 suf-

269 1054 496 1102 ficientium,
526 1065 625 1101 quae
655 1053 818 1090 excludit
846 1054 1096 1090 intentionem
1118 1052 1351 1090 deliciarum.

281 1107 392 1144 Unde
427 1107 515 1144 dicit
552 1107 658 1154 quod
679 1118 753 1155 per
783 1119 823 1143 se
855 1106 1081 1155 sufficientia
1119 1111 1172 1142 est
1207 1106 1353 1142 habitus

282 1166 474 1198 contentus
502 1161 635 1209 quibus
663 1165 818 1208 oportet,
845 1165 881 1196 et
905 1159 1191 1196 determinativa
1220 1171 1352 1195 eorum

144 1224 152 1241 ι
282 1226 381 1263 quae
407 1214 459 1251 ad
485 1215 612 1250 vivere
639 1213 838 1250 convenit*
867 1213 1094 1259 (secundum
1130 1211 1221 1248 illud
1250 1213 1353 1260 Apo-

42 1265 172 1290 ’Μ’-8·
283 1267 381 1314 stoli,
403 1268 415 1305 1
446 1267 498 1304 ad
524 1268 624 1304 Tim.
645 1267 710 1303 ult.
735 1265 774 1302 *z
802 1266 998 1303 Habentes
1016 1265 1195 1302 alimenta
1215 1270 1251 1301 et
1275 1265 1354 1312 qui-

277 1316 576 1371 bus‘t'ffgamur,
605 1321 663 1357 his
690 1319 852 1356 contenti
878 1318 1023 1368 simus).
1045 1339 1070 1346 -
1099 1319 1147 1354 Et
1179 1318 1353 1366 simplici·
1380 1337 1382 1341 ,

282 1379 415 1420 tatem,
445 1386 545 1423 quae
583 1373 746 1410 excludit
779 1372 1015 1421 superfluam
1059 1371 1352 1408 sollicitudinem

281 1428 427 1465 talium.
465 1426 580 1464 Unde
609 1426 696 1463 dicit
731 1426 835 1474 quod
862 1425 1081 1474 simplicitas
1118 1431 1173 1461 est
1206 1425 1354 1461 habitus

99 1491 197 1528 »Ψ
283 1486 476 1518 contentus
502 1481 558 1517 his
587 1491 684 1528 quae
711 1478 945 1528 contingunt.

136 1531 142 1545 ⁷
338 1534 395 1572 Ex
423 1541 530 1584 parte
558 1540 686 1570 autem
718 1531 888 1569 defectus
917 1530 1084 1568 similiter
1115 1539 1242 1580 potest
1271 1543 1353 1568 esse

283 1587 424 1638 duplex
452 1585 680 1624 inordinatio
705 1584 919 1622 secundum
940 1584 1134 1621 affectum.
1164 1584 1252 1622 Uno
1273 1584 1353 1634 qui-

140 1646 158 1664 ¹
283 1641 373 1679 dem
403 1640 535 1687 modo,
558 1651 603 1676 ex
619 1645 637 1660 ²
666 1638 894 1687 negligentia
913 1637 1080 1675 hominis
1099 1637 1165 1686 qui
1186 1650 1264 1675 non
1288 1638 1355 1675 ad·
1381 1647 1382 1680 ζ

281 1694 387 1731 hibet
415 1693 582 1730 studium
612 1693 691 1733 vel.
712 1692 885 1729 laborem
919 1692 967 1728 ad
1006 1693 1080 1728 hoc
1109 1691 1215 1739 quod
1255 1699 1353 1728 exte-

283 1747 373 1784 ri'ori
401 1747 504 1784 cultu
533 1753 658 1783 utatur
677 1746 890 1783 secundum
917 1746 1021 1793 quod
1052 1752 1212 1794 oportet.
1243 1745 1354 1782 Unde
1381 1772 1383 1782 2

42 1798 255 1850 ξῩῇ-Ὕῶᾐῇ
282 1799 541 1850 Philosophus
570 1799 670 1845 dicit,
701 1799 738 1836 in
756 1800 826 1836 V11
856 1799 976 1836 Ethic.
997 1798 1029 1846 ³¹²,
1059 1798 1164 1848 quod
1185 1799 1233 1835 ad
1260 1799 1354 1835 mol-

281 1851 398 1892 litiem
437 1853 597 1902 pertinet
625 1853 730 1901 quod
766 1852 902 1901 aliquis
938 1853 1064 1888 trahat
1095 1852 1353 1889 vestimentum
1381 1859 1383 1871 ¹

275 1915 350 1957 per
386 1913 549 1951 terram,
580 1912 618 1942 ut
656 1918 730 1942 non
767 1906 912 1943 laboret
942 1905 1122 1942 elevando
1156 1905 1289 1953 ipsum.
1331 1926 1354 1932 -

132 1991 137 1994 .
282 1961 369 1999 Alio
407 1961 546 2006 modo,
578 1972 622 1996 ex
653 1972 698 1996 eo
729 1959 833 2008 quod
872 1959 998 2007 ipsum
1035 1959 1227 1996 defectum
1257 1967 1356 1995 exte-

132 2010 159 2043 ’λ
283 2014 393 2052 rioris
432 2014 553 2051 cultus
589 2013 638 2050 ad
671 2012 830 2061 gloriam
866 2010 1087 2049 ordinant&
1127 2012 1239 2049 Unde
1269 2012 1356 2049 dicit

41 2069 55 2080 ‘
42 2067 126 2118 mm
149 2068 183 2096 ¹¹
203 2073 255 2096 “¹³
283 2067 529 2116 Augustinus,
558 2067 595 2103 in
626 2066 720 2103 libro
749 2067 796 2102 de
823 2066 943 2102 Serm.
966 2066 1079 2102 Dom.
1106 2065 1143 2101 in
1162 2065 1337 2102 Monte*

283 2133 359 2158 non
397 2120 435 2157 in
480 2120 561 2157 solo
599 2132 728 2156 rerum
767 2131 1040 2180 corporearum
1084 2118 1204 2155 nitore
1245 2125 1357 2167 atque

142 2181 162 2208 t*
277 2185 445 2224 pompa,
473 2173 540 2211 sed
565 2173 678 2210 etiam
708 2174 744 2210 in
775 2173 862 2222 ipsis
888 2172 1061 2210 sordibus
1088 2177 1154 2208 et*L
1183 2172 1358 2209 luctuosis

283 2239 363 2265 esse
387 2239 501 2276 posse
529 2227 765 2264 iactantiam.-
801 2232 838 2263 et
863 2238 906 2263 eo
936 2225 1248 2274 periculosiorem
1283 2238 1356 2274 quo

281 2280 352 2319 sub
380 2281 533 2318 nomine
549 2280 737 2318 servitutis
760 2280 835 2316 Dei
851 2279 996 2328 decipit.
1027 2279 1076 2315 Et
1101 2279 1357 2328 Philosophus

41 2333 258 2384 εξῑῇὝᾸ-’,ξζ
284 2333 384 2381 dicit,
414 2334 452 2371 in
482 2333 534 2370 IV
551 2334 672 2370 Ethic.
692 2333 726 2379 ²¹²,
756 2333 860 2382 quod
879 2332 1226 2381 superabundantia
1246 2338 1283 2369 et
1303 2333 1358 2369 in—
1385 2329 1387 2349 l

1385 2384 1387 2402 ⁶
1415 2385 1556 2434 aliquid
1587 2385 1633 2422 de
1663 2393 1760 2421 statu
1790 2385 1957 2422 hominis
1987 2385 2229 2433 significatur.

260 2422 261 2425 ,
283 2388 480 2425 ordinatus
507 2388 671 2436 defectus
699 2386 751 2423 ad
777 2386 995 2424 iactantiam
1021 2386 1194 2434 pertinet.

1460 364 1518 398 AD
1547 373 1685 399 ΡιιιΜυΜ
1709 373 1807 398 ERGO
1837 373 2021 398 DICENDUM
2050 361 2167 409 quod,
2190 360 2366 409 quamvis
2396 362 2475 409 ipse

1407 416 1527 451 cultus
1548 415 1709 452 exterior
1728 427 1807 451 non
1836 414 1880 451 sit
1899 427 1921 451 a
1942 423 2086 460 natura,
2107 422 2235 450 tamen
2256 414 2304 450 ad
2327 421 2475 450 natura—

1407 468 1480 504 lem
1499 468 1684 504 rationem
1700 468 1862 516 pertinet
1881 476 1922 504 ut
1937 468 2162 504 exteriorem
2185 468 2326 503 cultum
2343 467 2475 503 mode-

1407 529 1518 557 retur.
1546 522 1592 557 Et
1609 522 1823 558 secundum
1838 522 1925 567 hoc,
1941 521 2062 558 innati
2073 527 2086 542 '⁴
2103 533 2233 557 sumus
2246 521 2346 556 hanc
2359 521 2474 556 virtu-

1406 579 1479 610 tem
1496 575 1695 622 suscipere,
1712 587 1810 622 quae
1832 574 2058 611 exteriorem
2079 575 2222 610 cultum
2243 573 2473 610 moderatur.

1460 630 1519 663 AD
1547 639 1738 664 SECUNDUM
1766 639 1950 665 DieENDUM
1984 627 2088 676 quod
2117 627 2167 664 illi
2197 627 2261 676 qui
2291 627 2326 663 in
2357 626 2475 674 digni-

1406 680 1545 716 tatibus
1583 682 1879 727 constituuntur,
1909 682 1971 717 vel
2000 681 2114 718 etiam
2143 680 2304 718 ministri
2339 679 2474 722 altaris,

1406 733 1694 782 pretiosioribus
1730 733 1901 771 vestibus
1938 746 2054 783 quam
2099 734 2212 770 ceteri
2248 733 2475 780 induuntur,

1406 799 1485 823 non
1522 796 1679 836 propter
1708 788 1763 823 sui
1795 787 1976 835 gloriam,
2006 787 2073 824 sed
2102 787 2150 824 ad
2185 786 2475 835 significandam

1407 840 1667 877 excellentiam
1696 841 1753 877 sui
1782 840 1976 877 ministerii
2011 842 2072 877 vel
2111 841 2231 877 cultus
2261 839 2391 877 divini.
2429 840 2477 876 Et

1406 893 1494 930 ideo
1524 893 1560 930 in
1593 893 1645 930 eis
1674 906 1751 930 non
1782 901 1838 930 est
1865 893 2058 931 vitiosum.
2098 893 2210 931 Unde
2242 893 2476 941 Augustinus

1407 946 1508 992 dicit,
1539 946 1576 983 in
1606 948 1655 982 111
1685 947 1731 983 de
1758 947 1866 983 Doct.
1894 947 2027 983 Christ.
2047 946 2085 983 *ε
2121 947 2295 995 Quisquis
2326 947 2380 983 sic
2408 947 2476 983 uti-

1407 1005 1469 1036 tur
1496 1000 1746 1036 exterioribus
1774 1001 1884 1036 rebus
1905 1005 1944 1035 ut
1970 1005 2087 1036 metas
2112 1000 2387 1037 consuetudinis
2414 1001 2474 1037 bo-

1408 1065 1545 1090 norum
1584 1053 1681 1089 inter
1708 1064 1800 1101 quos
1827 1058 2001 1090 versatur
2029 1054 2204 1100 excedat,
2234 1059 2301 1090 aut
2335 1053 2479 1102 aliquid

1406 1107 1607 1156 significat,
1628 1111 1695 1142 aut
1711 1106 1931 1154 flagitiosus
1950 1112 2020 1142 est.-
2051 1106 2142 1143 dum
2164 1106 2303 1143 scilicet
2322 1114 2478 1155 propter

1408 1159 1561 1196 delicias
1589 1160 1651 1194 vel
1679 1159 1973 1196 ostentationem
2002 1159 2138 1196 talibus
2166 1159 2293 1196 utitur.

1462 1211 1641 1248 Similiter
1670 1211 1781 1248 etiam
1804 1224 1849 1248 ex
1868 1219 1973 1260 parte
1994 1212 2163 1249 defectus
2184 1213 2366 1260 contingit
2395 1225 2477 1249 esse

1408 1272 1626 1313 peccatum:
1648 1277 1726 1301 non
1746 1272 1876 1302 tamen
1891 1278 2043 1314 semper
2062 1266 2128 1313 qui
2143 1266 2340 1303 vilioribus
2359 1278 2476 1314 quam

1409 1318 1522 1354 ceteri
1541 1318 1712 1354 vestibus
1741 1317 1867 1364 utitur,
1890 1327 2033 1366 peccat.
2065 1319 2104 1355 Si
2135 1319 2235 1355 enim
2266 1320 2341 1356 hoc
2369 1319 2479 1355 faciat

1408 1379 1565 1419 propter
1600 1371 1816 1407 iactantiam
1845 1373 1907 1407 vel
1936 1372 2177 1420 superbiam,
2207 1381 2248 1409 ut
2276 1385 2316 1409 se
2343 1366 2479 1408 'ceteris

1408 1425 1607 1473 praeferat,
1627 1424 1764 1460 vitium
1786 1425 2061 1472 superstitionis
2092 1433 2157 1462 est.
2189 1425 2228 1462 Si
2254 1433 2383 1462 autem
2404 1426 2479 1461 hoc

1409 1477 1520 1514 saciat
1546 1485 1704 1526 propter
1738 1478 2036 1515 macerationem
2067 1479 2189 1515 carnis
2216 1479 2279 1515 vel
2307 1479 2480 1515 humilia-

1381 1553 1382 1582 5
1409 1531 1553 1568 tionem
1573 1530 1736 1579 spiritus,
1754 1530 1803 1567 ad
1817 1531 1996 1568 virtutem
2013 1532 2286 1580 temperantiae
2306 1531 2478 1580 pertinet.

1381 1611 1382 1614 =
1408 1584 1520 1622 Unde
1545 1584 1780 1632 Augustinus
1810 1584 1909 1631 dicit,
1937 1584 1974 1621 in
2001 1586 2049 1621 Ill
2080 1586 2126 1622 de
2143 1586 2253 1622 Doct.
2288 1585 2422 1622 Christ.
2441 1584 2477 1621 *z

1413 1638 1588 1687 Quisquis
1617 1638 1822 1674 restrictius
1841 1639 1952 1675 rebus
1972 1638 2087 1674 utitur
2114 1651 2228 1687 quam
2252 1650 2292 1675 se
2318 1639 2481 1675 habeant

1381 1736 1383 1740 ι
1410 1699 1534 1728 mores
1561 1703 1694 1728 eorum
1724 1703 1809 1728 cum
1848 1692 1981 1740 quibus
2010 1692 2114 1738 vivit,
2144 1698 2211 1728 aut
2237 1690 2480 1740 temperans*

1409 1751 1476 1782 aut
1508 1745 1782 1793 superstitiosus
1817 1750 1880 1782 est.
1910 1765 1935 1772 -
1964 1745 2174 1794 Praecipue
2212 1754 2339 1782 autem
2376 1757 2480 1781 com-

1410 1799 1502 1847 petit
1529 1798 1668 1834 vilibus
1696 1797 1934 1834 vestimentis
1971 1798 2023 1835 uti
2054 1799 2111 1835 his
2140 1798 2204 1847 qui
2237 1798 2331 1835 alios
2359 1800 2479 1835 verbo

1411 1859 1447 1888 et
1476 1852 1652 1900 exemplo
1673 1851 1721 1888 ad
1741 1851 2015 1900 poenitentiam
2035 1853 2253 1888 hortantur:
2284 1851 2379 1888 sicut
2402 1852 2481 1888 fue-

1411 1913 1496 1942 runt
1514 1911 1528 1927 ⁰
1558 1906 1784 1954 Prophetae,
1808 1905 1854 1941 de
1884 1904 2023 1952 quibus
2043 1906 2251 1954 Apostolus
2279 1905 2330 1941 ibi
2358 1905 2479 1953 loqui-

1410 1967 1480 1997 tur.
1510 1959 1621 1996 Unde
1656 1958 1848 2006 quaedam
1878 1959 2002 2006 glossa
2021 1958 2041 1980 *
2070 1958 2173 2005 dicit,
2204 1959 2338 1995 Matth.
2365 1970 2400 1995 111
2420 1957 2478 1994 *²¹⁶1

1416 2012 1490 2054 Qui
1510 2012 1778 2061 poenitentiam
1806 2013 2012 2060 praedicat,
2039 2012 2206 2048 habitum
2230 2012 2482 2060 poenitentiae

1405 2066 1628 2114 praetendit.

1465 2120 1523 2155 AD
1546 2130 1707 2155 TERTluM
1731 2130 1917 2155 DiCENDUM
1937 2118 2042 2166 quod
2070 2118 2291 2156 huiusmodi
2321 2117 2482 2154 exterior

1413 2173 1534 2209 cultus
1562 2172 1745 2208 indicium
1777 2172 1975 2220 quoddam
2005 2179 2060 2208 est
2089 2171 2317 2208 conditionis
2345 2171 2480 2208 huma-

1414 2238 1498 2262 nae.
1529 2226 1577 2262 Et
1606 2225 1692 2262 ideo
1724 2237 1900 2262 excessus
1930 2233 1966 2261 et
1995 2224 2164 2262 defectus
2184 2232 2221 2261 et
2240 2224 2414 2261 medium
2443 2224 2481 2261 in

1412 2279 1550 2315 talibus
1570 2287 1730 2327 possunt
1755 2279 1885 2315 reduci
1906 2278 1955 2315 ad
1969 2278 2149 2315 virtutem
2170 2278 2348 2324 veritatis,
2365 2290 2481 2326 quam

1413 2332 1672 2381 Philosophus
1699 2331 1720 2353 '¹‘
1747 2332 1856 2380 ponit
1891 2332 1989 2368 circa
2018 2332 2114 2368 facta
2145 2339 2180 2368 et
2216 2331 2314 2368 dicta
2343 2331 2480 2380 quibus

336 2501 360 2535 0)
376 2502 507 2535 pretiosa.
518 2515 538 2520 -
551 2501 702 2534 praecipua
721 2500 954 2533 PABDEFIKLpC
974 2506 999 2525 et
1016 2508 1042 2526 a.

41 2540 53 2557 ι’
72 2537 120 2552 ‘³³'
132 2538 153 2552 ‘¹‘
193 2541 202 2551 ¹·
337 2538 357 2570 ι)
374 2538 506 2563 convenit.
518 2551 537 2556 -
555 2537 717 2562 conveniunt
735 2536 780 2561 Pa.

336 2574 362 2606 ιι)
381 2580 428 2598 ex.
439 2586 460 2592 -
476 2576 516 2597 est
533 2572 694 2597 ABFHIKL.

335 2607 364 2641 λ)
384 2608 522 2634 ordinant.
534 2622 551 2626 —
570 2607 682 2632 ordinat
701 2607 802 2632 PFLsC
822 2613 847 2631 et
865 2615 890 2632 a.

1465 2500 1494 2534 μ.)
1513 2503 1578 2526 et.—-
1597 2500 1659 2526 Om.
1679 2501 1711 2525 H.

1464 2536 1488 2568 ν)
1509 2536 1606 2562 innati.
1618 2549 1637 2555 -—
1656 2536 1715 2560 nati
1734 2536 1806 2562 ΡΗα,

1465 2569 1488 2604 ξ)
1509 2575 1669 2604 temperans.
1680 2585 1701 2591 -
1719 2575 1883 2604 temperatus
1903 2571 1959 2596 PsC
1977 2577 2002 2595 et
2020 2579 2046 2596 a.

1465 2608 1492 2639 ο)
1504 2609 1629 2640 fuerunt.
1641 2621 1660 2626 -
1672 2607 1799 2641 fecerunt
1818 2607 1863 2636 Pa,
1883 2615 1936 2632 om.
1956 2607 1984 2631 Ε,

967 2678 1303 2710 Commentaria
1326 2678 1579 2717 Cardinalts
1602 2677 1803 2710 Caietam

288 2762 335 2825 IN
366 2751 498 2782 articulo
532 2750 637 2790 primo
667 2749 863 2789 quaestionis
895 2748 1380 2789 centesimaesexagesimaeno-⁴

315 2806 385 2831 nae,
410 2802 486 2826 nota
510 2793 746 2824 distinctionem
762 2793 892 2829 litterae,
910 2800 940 2824 et
959 2794 1044 2824 illius
1059 2795 1212 2824 membra.
1237 2793 1353 2824 Distin-
1379 2785 1381 2831 ξ

283 2841 347 2872 ctio
372 2840 531 2880 siquidem
547 2845 610 2869 est:
635 2856 655 2860 -
681 2838 927 2868 immoderantia
957 2848 1033 2868 usus
1064 2838 1225 2868 exterioris
1249 2838 1354 2868 cultus
1379 2834 1381 2896 5

284 2885 439 2924 contingit
462 2883 645 2924 dupliciter.
671 2882 788 2913 scilicet
811 2882 861 2912 vel
885 2892 922 2913 ex
945 2890 1032 2923 parte
1056 2882 1155 2922 ipsius
1172 2883 1277 2912 cultus
1294 2882 1353 2912 dis·
1379 2885 1381 2935 5

283 2928 354 2960 soni
377 2939 395 2959 a
419 2927 650 2959 consuetudine
673 2927 751 2963 loci;
777 2927 826 2956 vel
850 2937 886 2956 ex
910 2934 997 2967 parte
1021 2926 1190 2957 inordinati
1214 2926 1353 2963 affectus,
1380 2939 1382 2992 5

283 2973 348 3004 sive
371 2973 439 3013 ipse
464 2973 568 3003 cultus
593 2978 764 3002 consuetus
789 2971 843 3007 sit,
869 2971 933 3000 sive
958 2981 1023 3001 non
1049 2970 1094 3013 (et
1119 2977 1195 3001 tunc
1220 2981 1354 3001 concur-

283 3024 358 3048 runt
380 3017 492 3048 ambae
515 3016 766 3047 inordinationes
791 3013 911 3057 simul).
1380 3025 1382 3052 ς

335 3061 535 3092 'inordinatio
559 3068 667 3091 autem
702 3071 738 3091 ex
762 3067 850 3099 parte
873 3059 1020 3095 affectus,
1045 3060 1223 3089 secundum
1251 3069 1355 3090 exces-
1380 3065 1383 3125 5

283 3106 517 3146 suquuidem,
534 3105 690 3145 contingit
705 3105 755 3135 vel
772 3114 808 3134 ex
825 3111 911 3144 parte
927 3103 1012 3134 finis:
1039 3111 1069 3134 et
1088 3111 1164 3134 tunc
1179 3110 1234 3134 aut
1253 3103 1355 3135 inanis
1381 3129 1383 3151 1

283 3148 412 3188 gloriae,
436 3157 491 3181 aut
505 3150 699 3181 deliciarum.
725 3149 783 3179 Vel
803 3159 839 3179 ex
856 3155 942 3188 parte
959 3148 1088 3188 agentis,
1106 3148 1223 3178 scilicet
1238 3148 1355 3180 nimiae
1381 3154 1383 3191 5

285 3192 516 3224 sollicitudinis.
541 3193 581 3224 Et
603 3194 636 3224 in
661 3194 722 3224 hoc
747 3193 892 3223 membro
917 3193 1074 3223 clauditur
1097 3192 1289 3223 inordinatio
1307 3193 1355 3223 ni·
1381 3199 1383 3262 5

285 3236 368 3266 miae
391 3235 573 3273 affectionis,
598 3247 680 3288 quae
704 3245 750 3268 est
773 3247 867 3268 causa
884 3237 1001 3267 nimiae
1018 3237 1240 3267 sollicitudinis
1264 3243 1299 3266 ut
1322 3237 1355 3266 in

286 3280 431 3320 pluribus
454 3278 543 3322 (sunt
565 3282 651 3312 enim
674 3282 806 3323 quidam
831 3282 926 3312 nimis
950 3281 1049 3311 affecti
1074 3281 1113 3311 ad
1137 3288 1301 3316 ornatum,
1326 3288 1356 3311 et
1381 3285 1383 3320 ξ

285 3332 391 3355 tamen
420 3333 486 3354 non
514 3325 665 3375 solliciti).
688 3343 711 3350 —
734 3326 919 3357 Secundum
943 3325 1103 3356 defectum
1127 3333 1248 3360 autem,
1274 3325 1356 3355 dicta

285 3368 478 3398 inordinatio
509 3368 652 3400 similiter
682 3370 836 3410 contingit
859 3371 908 3401 vel
939 3380 975 3400 ex
1006 3377 1093 3410 parte
1124 3369 1214 3405 finis,
1240 3369 1357 3401 scilicet
1382 3380 1383 3387 ¹

285 3412 387 3443 inanis
415 3412 550 3452 gloriae:
581 3413 632 3442 vel
660 3423 696 3444 ex
724 3422 812 3453 parte
835 3415 972 3455 agentis,
998 3414 1115 3445 scilicet
1138 3413 1355 3454 negligentiae.
1381 3391 1384 3450 l

342 3457 430 3487 Haec
445 3463 492 3486 est
511 3456 671 3487 distinctio
687 3457 816 3490 litterae.
842 3459 877 3490 ln
894 3469 956 3500 qua
974 3459 1061 3490 vides
1078 3469 1174 3489 omne
1190 3465 1356 3498 peccatum
1382 3458 1383 3496 ξ

286 3501 318 3531 ἰιι
336 3500 479 3531 exteriori
503 3500 590 3530 cultu
613 3500 784 3532 consistere
798 3502 872 3532 vel
863 3513 896 3533 ιιι
913 3503 975 3534 hoc
991 3503 1080 3544 quod
1097 3510 1207 3534 contra
1224 3513 1356 3533 consue-

287 3545 431 3576 tudinem
455 3544 491 3575 fit
514 3542 566 3586 (et
589 3544 650 3574 hoc
673 3545 773 3585 magis
797 3545 891 3576 habet
917 3547 1058 3578 locum
1049 3558 1082 3578 ιιι
1106 3557 1233 3578 excessu
1258 3557 1383 3592 quam
1382 3546 1383 3557 ¹

287 3589 319 3620 in
343 3587 499 3630 defectu);
525 3588 574 3618 vel
599 3588 631 3618 in
656 3588 717 3618 hoc
741 3588 829 3629 quod
854 3599 891 3620 ex
909 3590 980 3630 ipso
1005 3591 1122 3622 utentis
1145 3591 1287 3642 appetitu
1311 3591 1355 3622 vi-

286 3634 368 3664 tium
397 3633 570 3673 apponitur
601 3632 821 3663 sollicitudinis
843 3633 894 3663 vel
917 3635 1138 3674 negligentiae,
1163 3635 1265 3665 inanis
1288 3636 1357 3675 glo·
1382 3638 1383 3675 5

1378 2764 1380 2783 5
1407 2749 1487 2785 riae,
1514 2749 1562 2779 vel
1594 2748 1794 2784 deliciarum;
1825 2756 1946 2788 praeter
1977 2748 2147 2778 extrinseca
2180 2748 2264 2784 vitia,
2289 2755 2365 2788 puta
2389 2748 2480 2778 luxu-

1407 2794 1501 2829 riam,
1527 2801 1557 2823 et
1580 2803 1802 2833 quaecumque
1834 2793 1894 2823 hoc
1923 2799 2036 2822 ornatu
2067 2793 2281 2832 comparanda
2310 2793 2481 2823 creduntur

1406 2845 1463 2868 aut
1490 2837 1637 2868 fovenda.

1464 2883 1501 2912 IL
1528 2883 1560 2912 In
1586 2881 1793 2922 responsione
1818 2881 1856 2911 ad
1881 2882 2058 2912 secundum
2082 2881 2223 2911 eiusdem
2247 2880 2380 2915 articuli,
2405 2887 2480 2910 nota

1408 2926 1524 2966 primo,
1549 2927 1638 2966 quod
1663 2936 1816 2966 personae
1841 2926 2025 2956 excellentes
2055 2932 2177 2956 utentes
2202 2924 2327 2956 cultiori
2354 2931 2478 2959 ornatu,

1380 2971 1382 3018 5
1408 2971 1447 3000 ad
1479 2970 1717 3011 significandam
1750 2979 1841 3000 suam
1871 2970 2106 3006 excellentiam,
2137 2970 2227 3009 quasi
2258 2969 2478 2999 testimonium

1407 3015 1452 3045 illi
1477 3015 1652 3050 reddentes,
1676 3015 1738 3044 hoc
1762 3014 1891 3050 faciunt,
1917 3021 1947 3044 et
1970 3021 2006 3044 ut
2029 3014 2213 3044 inducentes
2237 3013 2315 3043 alios
2343 3013 2382 3042 ad
2407 3023 2479 3043 ean-

1408 3060 1482 3089 dem
1501 3059 1737 3089 honorandum.
1755 3059 1864 3088 Vestes
1881 3058 2039 3099 siquidem
2060 3058 2214 3098 pretiosae
2231 3056 2326 3099 (sicut
2343 3064 2373 3087 et
2389 3067 2478 3097 opes,

1409 3110 1445 3134 ut
1468 3104 1500 3133 in
1526 3104 1568 3133 lV
1584 3103 1687 3134 Ethic.
1708 3103 1725 3122 *
1749 3101 1882 3144 dicitur)
1908 3110 2044 3143 prosunt
2072 3103 2110 3132 ad
2140 3112 2292 3142 personae
2321 3102 2478 3132 honorem

1410 3158 1518 3179 coram
1542 3147 1620 3178 aliis.

1463 3193 1548 3222 Nota
1572 3191 1723 3228 secundo,
1749 3191 1838 3231 quod
1863 3190 1908 3221 uti
1932 3191 2095 3221 vilioribus
2119 3190 2151 3220 in
2175 3189 2277 3220 littera
2301 3196 2330 3219 et
2355 3190 2393 3219 ab
2413 3191 2478 3219 Au-

1381 3236 1536 3277 gustino
1561 3235 1739 3266 attribuitur
1763 3235 1988 3274 superstitioni,
2013 3235 2142 3275 quando
2167 3233 2353 3264 huiusmodi
2376 3233 2479 3264 vilitas

1409 3280 1508 3311 cultui
1526 3280 1634 3310 divino
1650 3279 1740 3320 quasi
1758 3279 1955 3310 caeremonia
1970 3279 2152 3309 adhibetur.
2177 3278 2201 3308 si
2222 3278 2354 3328 proprie
2372 3288 2479 3318 super-

1409 3325 1494 3355 stitio
1523 3331 1676 3354 sumatur.
1705 3323 1876 3364 Alioquin,
1902 3331 2066 3354 extensum
2097 3322 2328 3362 superstitionis
2359 3332 2478 3352 nomen

1410 3369 1470 3399 hoc
1495 3369 1527 3398 in
1551 3368 1624 3398 loco
1649 3368 1783 3398 videtur.

1466 3413 1517 3443 111.
1542 3413 1577 3442 In
1606 3412 1813 3452 responsione
1842 3412 1881 3442 ad
1909 3411 2037 3442 tertium
2068 3411 2211 3442 eiusdem
2235 3410 2373 3447 articuli,
2398 3411 2478 3441 clare

1408 3457 1515 3487 videre
1538 3463 1639 3496 potes,
1664 3456 1710 3486 vir
1727 3455 1928 3496 speculative,
1948 3466 2047 3496 quam
2062 3456 2142 3486 bene
2159 3455 2305 3495 superius
2321 3455 2338 3474 *
2361 3455 2401 3485 ad
2419 3455 2478 3484 vir-

1382 3499 1383 3541 ]
1410 3509 1511 3532 tutem
1535 3500 1671 3531 veritatis
1695 3501 1822 3531 reducta
1846 3500 1885 3530 sit
1909 3499 2087 3530 moderatio
2111 3499 2272 3530 exterioris
2295 3506 2414 3535 motus,
2439 3509 2477 3529 eo

1410 3547 1498 3587 quod
1522 3545 1649 3585 signum
1673 3553 1719 3575 est
1742 3544 1909 3580 interioris,
1934 3554 2015 3585 quae
2032 3551 2079 3574 est
2101 3545 2151 3574 vel
2168 3554 2234 3574 esse
2251 3544 2352 3579 debet,
2371 3543 2477 3582 dispo-

1410 3590 1532 3621 sitionis
1549 3589 1657 3620 animi.
1674 3589 1795 3619 Eadem
1812 3588 1931 3630 quippe
1947 3588 2068 3619 ratione
2083 3589 2115 3619 in
2133 3588 2191 3619 hac
2206 3588 2308 3619 littera
2322 3587 2477 3617 modestia

1410 3642 1540 3665 ornatus
1564 3634 1603 3664 ad
1626 3633 1762 3664 veritatis
1785 3633 1934 3664 virtutem
1958 3633 2127 3663 reducitur.

2505 951 2580 972 ⁸L0c.
2596 950 2635 972 cit.

2507 1587 2516 1597 ⁸
2531 1586 2590 1608 lbid.

2607 1913 2620 1929 ο

2511 1959 2517 1966 ’
2509 1956 2590 1995 „Ord

2521 1983 2610 2005 Vera.
2628 1990 2651 2010 4.

2511 2331 2721 2359 *Ethic.1ib.1v,

2510 2364 2611 2407 ἓῗρτῖῧ
2616 2364 2678 2406 ιὲοέῗ
2683 2365 2722 2406 ἕν’.

2507 3106 2516 3115 ·
2532 3104 2592 3178 flag.
2604 3111 2630 3126 ιιι
2654 3111 2676 3126 ιι.
2688 3104 2719 3130 ¹8,

2506 3137 2513 3153 1
2607 3121 2651 3152 Th
2667 3131 2719 3152 lect.

2506 3458 2587 3485 Ὠιι
2616 3462 2718 3483 mviii,

2505 3488 2546 3505 art.
2563 3490 2579 3510 ι,
2594 3485 2622 3506 ad
2636 3490 2656 3512 3.
