2768 4198
34 1741 203 1771 'Ominu-

29 2084 104 2150 ἑᾶς.
116 2125 243 2151 εμπ...

28 2392 40 2404 ·
53 2391 81 2414 D.
95 2397 129 2420 ιο,
141 2391 194 2420 481.

287 406 650 455 incircumscriptum
679 406 804 442 lumen
829 407 956 443 videre
974 408 1171 455 cupientes,
1201 415 1353 445 cunctas
1378 443 1380 462 z
1410 408 1472 444 dio
1491 409 1609 445 modo
1631 421 1670 445 se
1699 409 1845 446 habens
1865 410 1961 446 inter
1989 418 2128 447 statum
2147 410 2353 459 praesentis
2373 411 2473 448 vitae
2501 399 2543 419 ¹¹¹⁷
2558 400 2616 415 κη’
2632 401 2643 416 ²
2663 401 2714 422 ΜΝ

286 460 642 508 circumscriptionis
654 471 748 496 suae
761 460 948 510 imagines
962 461 1186 509 deprimunt,
1203 468 1239 498 et
1256 463 1292 498 in
1309 474 1352 498 eo
1378 463 1380 472 '
1408 469 1444 497 et
1472 462 1632 498 futurae.

286 514 388 561 quod
411 525 526 562 super
551 525 591 549 se
618 513 838 563 contingere
865 520 1052 562 appetunt,
1072 516 1227 552 vincunt
1253 516 1354 563 quod
1377 515 1379 529 '
1459 517 1518 551 AD
1547 526 1684 552 ptumum
1712 527 1810 552 ERGO
1841 528 2023 553 mceunuu
2053 517 2175 565 quod,
2206 516 2300 553 sicut
2328 517 2472 565 Diony-

284 572 380 603 sunt.
412 567 489 603 Sed
508 567 628 603 homo
654 579 732 603 non
760 567 964 615 impeditur
983 580 1004 604 a
1024 568 1172 605 visione
1202 569 1351 605 divinae
1377 583 1378 610 l
1406 568 1494 615 sius,
1516 568 1553 605 in
1574 569 1744 617 Epistola
1764 570 1815 605 ad
1837 570 1970 606 Caium
1998 571 2236 607 Monachum
2256 570 2287 617 ³¹³,
2314 570 2412 617 dicit,
2441 572 2475 607 si
2501 573 2598 601 Epist
2615 574 2633 595 ¹·

286 617 483 666 essentiae,
504 631 602 667 quae
633 628 688 656 est
715 620 844 657 lumen
875 621 1255 670 incircumscriptum,
1281 623 1351 659 nisi
1376 621 1378 645 3
1405 621 1540 681 aliquis
1576 622 1705 658 videns
1741 623 1865 659 Deum
1900 623 2078 660 intellexit
2114 624 2216 672 quod
2249 624 2359 670 vidzyt
2397 636 2470 661 non

283 684 353 720 per
379 673 455 709 hoc
483 673 589 720 quod
619 685 774 710 necesse
804 675 919 711 habet
947 675 1141 712 intendere
1174 688 1351 724 corpora·
1405 675 1526 723 ipsum
1554 676 1661 720 vidit,
1690 676 1756 711 sed
1786 675 1929 724 aliquid
1963 688 2094 714 eorum
2128 689 2225 726 quae
2259 682 2346 714 sunt
2380 678 2469 714 eius.

284 725 382 762 libus
417 726 758 774 phantasmatibus.
802 728 904 775 Ergo
932 728 1085 765 videtur
1118 729 1222 777 quod
1260 741 1349 765 con·
1406 729 1454 764 Et
1483 729 1690 776 Gregorius
1720 728 1818 775 dicit,
1848 741 1961 777 super
1986 731 2120 778 Erech.
2141 730 2172 778 ³⁸,
2203 731 2306 780 quod
2331 743 2469 780 nequa·
2499 742 2635 763 Loc-cit.

283 778 480 827 templatio
518 781 728 829 praesentis
764 781 866 818 vitae
907 789 1032 830 potest
1069 794 1109 818 se
1147 782 1350 819 extendere
1405 779 1548 829 quam⁶
1577 783 1810 830 omnipotens
1828 784 1933 819 Deus
1952 783 2028 819 iam
2049 784 2086 820 in
2105 795 2175 821 sua
2195 785 2365 821 claritate
2383 796 2470 821 con·
2595 787 2609 812 ὅ

283 833 330 868 ad
367 831 580 871 videndum
614 834 981 883 incircumscriptum
1019 836 1149 872 lumen
1185 848 1255 884 per
1293 848 1349 872 es·
1403 835 1574 882 spicitur:
1602 836 1668 872 sed
1694 836 1871 883 quiddam
1899 837 1968 872 suh
1995 836 2059 873 illa
2086 837 2301 898 speculatur
2327 838 2468 884 anima,

283 885 456 923 sentiam.
1405 889 1503 924 unde
1531 894 1632 925 recta
1653 889 1842 936 proficiat,
1863 894 1899 925 et
1919 895 2006 937 post
2031 891 2083 926 ad
2108 891 2260 928 visionis
2282 892 2361 928 eius
2387 892 2469 942 glo-

338 939 372 976 3.
394 940 629 986 PRAETEREA,
651 939 869 987 Gregorius,
891 940 929 977 in
950 941 981 976 ΙΙ
1002 941 1157 991 Dialog.
1178 941 1209 988 *,
1240 942 1348 979 dicit.
1404 941 1502 977 riam
1525 944 1731 991 pertingat.
1766 942 1840 978 Per
1866 943 1941 978 hoc
1970 955 2058 990 ergo
2089 944 2193 992 quod
2222 945 2335 981 Iacob
2365 945 2467 991 dixit,

280 993 445 1030 Animae
463 993 604 1030 videnti
622 994 840 1030 Creatorem
860 999 1024 1043 angusta
1043 1000 1097 1031 est
1110 996 1231 1032 omnis
1245 1007 1349 1032 crea·
1411 994 1524 1031 Vidi
1552 995 1676 1031 Deum
1683 995 1795 1043 facte
1822 996 1873 1031 ad
1888 996 2050 1043 faciem,
2072 1009 2150 1033 non
2175 1005 2230 1034 est
2265 998 2469 1046 intelligen-
2597 1012 2607 1028 ε

280 1051 378 1083 tura.
407 1047 473 1084 Vir
490 1058 584 1096 ergo
603 1047 689 1093 Dei,
710 1047 848 1083 scilicet
867 1047 1000 1084 beatus
1025 1048 1265 1094 Benedictus,
1286 1050 1352 1097 qui
1404 1047 1496 1084 dum
1527 1048 1631 1096 quod
1651 1048 1723 1084 Dei
1743 1048 1944 1085 essentiam
1964 1049 2100 1086 viderit
2119 1049 2154 1086 *τ
2176 1051 2242 1088 sed
2262 1052 2366 1099 quod
2395 1052 2469 1088 for·
2496 1065 2506 1074 ⁴
2519 1064 2547 1086 D.
2562 1070 2597 1092 712
2612 1071 2636 1086 a.

280 1100 318 1136 in
339 1101 438 1137 turri
454 1105 471 1128 Υ
488 1100 645 1152 globum
666 1100 834 1150 igneum,
854 1101 1013 1150 angelos
1031 1113 1180 1149 quoque
1198 1102 1249 1138 ad
1266 1114 1350 1139 cae—
1404 1113 1521 1147 mam,
1543 1101 1682 1137 scilicet
1709 1101 1984 1148 imaginariam,
2004 1102 2098 1139 vidit
2125 1102 2164 1139 in
2192 1116 2268 1153 qua
2288 1106 2393 1141 Deus
2413 1106 2466 1141 lo—

280 1153 335 1190 los
362 1154 559 1191 redeuntes
584 1153 744 1200 videbat,
773 1155 868 1190 haec
888 1154 1027 1202 procul
1049 1155 1162 1191 dubio
1196 1166 1350 1192 cernere
1404 1161 1512 1190 cutus
1541 1162 1596 1190 est
1625 1153 1671 1190 ei.
1700 1174 1724 1181 -
1753 1154 1836 1201 Vel,
1866 1155 1954 1203 quia
1980 1166 2050 1202 per
2063 1157 2213 1204 faciem
2241 1157 2467 1206 quemlibet‘
2595 1162 2610 1191 ζ

280 1218 355 1244 non
383 1207 458 1244 nisi
474 1207 511 1244 in
531 1207 607 1244 Dei
623 1207 766 1244 lumine
778 1212 938 1255 poterat.
970 1207 1047 1244 Sed
1072 1208 1205 1244 beatus
1225 1209 1348 1245 Bene·
1402 1207 1657 1256 agnoscimus,
1678 1208 1930 1256 cognitionem
1950 1209 2025 1244 Dei
2027 1210 2177 1257 faciem
2197 1211 2275 1247 eius
2298 1212 2467 1248 vocavit:

279 1260 400 1299 dictus
435 1261 562 1309 adhuc
591 1260 783 1309 praesenti
810 1261 888 1297 vita
915 1260 1084 1297 vivebat.
1123 1261 1225 1308 Ergo
1260 1274 1350 1299 con·
1403 1260 1498 1296 sicut
1525 1261 1650 1308 glossa
1668 1259 1689 1281 ‘¹‘
1708 1261 1881 1309 Gregorii
1910 1261 2053 1298 ibidem
2083 1262 2180 1300 dicit.
2495 1277 2576 1299 ·ord.

255 1310 474 1363 ‘templatio
501 1313 712 1363 praesentis
740 1313 840 1350 vitae
869 1321 996 1362 potest
1014 1325 1054 1350 se
1075 1314 1278 1351 extendere
1299 1316 1347 1352 ad
1455 1315 1514 1349 AD
1544 1325 1733 1350 SECUNDUM
1754 1326 1937 1351 Diei-:unum
1966 1315 2071 1362 quod
2101 1317 2369 1365 contemplatio
2397 1318 2467 1354 hu—

276 1367 486 1406 videndam
507 1366 580 1404 Dei
609 1367 825 1403 essentiam.
1402 1378 1538 1412 mana,
1568 1367 1782 1403 secundum
1821 1375 1958 1404 statum
1996 1370 2200 1416 praesentis
2236 1371 2358 1417 vitae,
2389 1383 2466 1408 non

331 1421 408 1459 San
436 1431 584 1458 CONTRA
606 1429 682 1457 'EST
719 1420 822 1469 quod
859 1420 1066 1468 Gregorius
1100 1420 1206 1467 dicit,
1235 1432 1349 1470 super
1400 1427 1527 1468 potest
1547 1431 1629 1456 esse
1649 1421 1794 1468 absque
1815 1421 2190 1468 phantasmatibus*:
2220 1423 2309 1470 quia
2324 1436 2463 1460 conna-
2495 1436 2611 1464 'D.'‘19o‚

275 1475 411 1524 Ezech.
432 1473 470 1511 *ε
503 1473 680 1515 Quandiu
709 1474 747 1510 in
772 1474 846 1510 hac
871 1474 1026 1510 mortali
1051 1485 1168 1510 carne
1195 1475 1345 1522 vivitur,
1400 1475 1520 1510 turale
1542 1481 1597 1509 est
1617 1473 1764 1509 homini
1782 1481 1823 1510 ut
1852 1474 1997 1522 species
2020 1474 2267 1523 intelligibiles
2290 1477 2326 1513 in
2346 1477 2465 1525 phan-

276 1527 402 1565 nullus
429 1528 480 1564 ita
507 1526 545 1563 in
573 1526 894 1575 contemplationis
921 1527 1057 1564 virtute
1068 1528 1233 1576 proficit
1250 1534 1290 1564 ut
1308 1530 1344 1566 in
1400 1527 1626 1564 tasmatibus
1652 1526 1793 1574 videat,
1815 1527 1911 1564 sicut
1939 1527 2194 1576 Philosophus
2223 1529 2322 1576 dicit,
2348 1529 2386 1567 in
2415 1532 2463 1567 III

275 1582 356 1630 ipso
384 1580 699 1628 incircumscripti
725 1580 876 1617 luminis
914 1580 1023 1617 radio
1058 1581 1190 1618 mentis
1218 1582 1346 1619 oculos
1400 1580 1446 1617 de
1462 1580 1604 1617 Anima
1624 1579 1655 1617 ⁸.
1677 1581 1754 1617 Sed
1773 1588 1902 1617 tamen
1922 1581 2179 1619 intellectualis
2200 1582 2362 1630 cognitio
2387 1595 2465 1620 non
2493 1591 2576 1639 ἐῢς
2586 1598 2626 1639 ,υ
2637 1598 2658 1613 r·
2669 1599 2704 1621 3..

275 1635 422 1686 infigat.
1400 1634 1494 1671 sistit
1520 1634 1559 1671 in
1580 1633 1669 1682 ipsis
1697 1634 2039 1682 phantasmatibus,
2060 1635 2127 1672 sed
2156 1635 2194 1672 in
2223 1636 2276 1672 eis
2297 1643 2465 1673 contem·
2604 1622 2646 1640 ⁶⁰¹
2662 1625 2704 1641 ‘¹'

328 1688 555 1725 stpounno
593 1697 779 1724 montinum
817 1686 944 1736 quod,
979 1686 1073 1724 sicut
1110 1689 1344 1736 Augustinus
1398 1689 1523 1736 platur
1541 1687 1744 1736 puritatem
1765 1687 2000 1736 intelligibilis
2018 1689 2196 1726 veritatis.
2227 1689 2276 1726 Et
2293 1690 2368 1726 hoc
2387 1702 2464 1727 non

274 1740 375 1789 dicit,
395 1741 466 1778 XII
485 1751 600 1788 super
622 1740 714 1776 Gen.
735 1740 787 1777 ad
804 1740 869 1777 litt.
885 1739 916 1787 ²⁸⁸,
942 1752 1052 1778 nemo
1070 1741 1200 1778 videns
1218 1743 1343 1780 Deum
1399 1743 1524 1778 solum
1541 1741 1579 1777 in
1599 1741 1814 1788 cognitione
1830 1742 2001 1788 naturali,
2021 1743 2087 1779 sed
2109 1742 2221 1779 etiam
2243 1743 2279 1779 in
2296 1743 2348 1779 eis
2365 1756 2463 1791 quae

272 1792 366 1832 »ivit
390 1795 460 1832 ista
488 1794 565 1831 vita
593 1804 668 1842 qua
696 1794 907 1831 mortaliter
933 1795 1072 1831 vivitur
1100 1795 1137 1831 in
1167 1795 1243 1832 istis
1261 1808 1342 1833 sen-
1397 1807 1467 1843 per
1495 1795 1769 1832 revelationem
1804 1796 2089 1843 cognoscimus:
2120 1796 2208 1833 dicit
2242 1796 2342 1833 enim
2372 1797 2465 1833 Dio-

271 1849 373 1886 sibus
400 1847 593 1896 corporis:
620 1847 687 1883 sed
704 1847 778 1883 nisi
802 1848 851 1884 ab
869 1849 942 1884 hac
968 1849 1045 1884 vita
1069 1849 1224 1897 quisque
1250 1861 1341 1898 quo·
1396 1848 1538 1896 nysius,
1569 1860 1579 1885 1
1609 1860 1691 1896 cap.
1724 1848 1824 1885 Cael.
1854 1849 1987 1895 Hier.,
2013 1850 2115 1897 quod
2144 1849 2370 1899 angelorum
2388 1851 2464 1887 hie—

271 1901 476 1940 dammodo
495 1901 694 1946 moriatur,
709 1901 788 1937 sive
806 1902 960 1938 omnino
979 1901 1110 1938 exiens
1123 1902 1169 1938 de
1183 1914 1343 1952 corpore
1396 1902 1568 1939 rarchias
1601 1902 1816 1949 manifestat
1843 1903 1948 1939 nobis
1982 1903 2110 1939 divina
2138 1902 2289 1939 claritas
2317 1903 2354 1940 in
2384 1905 2462 1951 qui-

259 1950 351 1993 'sive
378 1955 563 1993 alienatus
581 1965 605 1991 a
624 1954 842 1991 carnalibus
868 1955 1046 2001 sensibus,
1068 1955 1105 1992 in
1133 1956 1237 1993 illam
1266 1970 1340 1995 non
1396 1957 1553 1993 busdam
1592 1955 1773 2003 symbolis
1798 1956 2006 2005 figuratis;
2034 1968 2080 1992 ex
2108 1956 2214 1992 cuius
2241 1956 2378 1993 virtute
2407 1969 2462 1993 re-

270 2009 489 2047 subvehitur
501 2008 694 2046 visionem.
712 2007 823 2054 Quae
844 2020 957 2057 supra
973 2008 1184 2056 diligentius
1199 2018 1341 2058 pertra-
1395 2009 1581 2046 stituimur
1608 2010 1645 2045 in
1673 2009 1848 2057 simplum
1878 2010 2039 2055 radium,
2065 2009 2160 2046 idest
2187 2009 2225 2046 in
2253 2009 2462 2057 simplicem

237 2086 242 2091 ·
272 2070 370 2100 ctata
385 2070 484 2109 sunt,
500 2062 565 2098 ubi
587 2061 729 2098 dictum
747 2068 804 2098 est
818 2062 865 2099 de
887 2070 997 2111 raptu
1015 2062 1053 2107 *ς
1082 2070 1118 2099 et
1136 2062 1173 2099 in
1194 2064 1339 2112 Primo,
1396 2062 1652 2111 cognitionem
1687 2062 1922 2111 intelligibilis
1955 2062 2133 2099 veritatis.
2171 2064 2219 2099 Et
2246 2063 2298 2099 sic
2331 2063 2462 2100 intelli-

270 2116 338 2154 ubi
366 2123 494 2154 actum
522 2123 578 2152 est
606 2116 653 2152 de
673 2115 746 2152 Dei
768 2115 917 2152 visione
935 2115 967 2152 *.
1002 2115 1064 2152 Sic
1084 2115 1194 2164 igitur
1213 2117 1340 2155 dicen-
1395 2117 1563 2164 gendum
1596 2124 1651 2152 est
1678 2117 1784 2164 quod
1813 2116 2018 2164 Gregorius
2038 2116 2136 2162 dicit,
2166 2117 2270 2164 quod
2292 2124 2461 2153 contem-

273 2170 366 2207 dum
393 2177 451 2207 est
477 2169 584 2218 quod
603 2168 641 2205 in
661 2169 732 2205 hac
750 2168 829 2206 vita
857 2175 1084 2218 potestesse
1113 2170 1248 2218 aliquis
1273 2171 1341 2208 du-
1395 2171 1542 2219 plantes
1579 2170 1834 2218 corporalium
1874 2182 2002 2206 rerum
2039 2170 2194 2206 umbras
2226 2181 2300 2206 non
2333 2181 2459 2206 secum

269 2223 426 2273 pliciter.
447 2223 535 2260 Uno
555 2221 688 2268 modo,
709 2224 922 2260 secundum
943 2229 1092 2259 actum:
1113 2222 1339 2272 inquantum
1395 2224 1569 2260 trahunt.-
1607 2222 1695 2271 quia
1723 2223 1899 2260 videlicet
1927 2223 1964 2259 in
1999 2223 2051 2259 eis
2089 2234 2166 2259 non
2200 2222 2293 2259 sistit
2325 2235 2459 2260 eorum

270 2277 411 2315 scilicet
439 2276 633 2313 actualiter
659 2275 776 2312 utitur
794 2276 968 2313 sensibus
998 2276 1181 2324 corporis.
1212 2278 1261 2314 Et
1287 2278 1340 2316 sic
1395 2276 1680 2325 contemplatio,
1711 2277 1778 2313 sed
1806 2276 1933 2325 potius
1953 2276 1990 2312 in
2020 2276 2325 2313 consideratione
2353 2276 2459 2313 intel-

269 2332 374 2368 nullo
401 2330 521 2367 modo
551 2329 824 2378 contemplatio
852 2330 1063 2379 praesentis
1085 2330 1187 2367 vitae
1215 2339 1340 2379 potest
1394 2330 1542 2378 ligibilis
1569 2330 1750 2366 veritatis.

267 2384 481 2434 pertingere
509 2383 559 2420 ad
586 2382 800 2420 videndum
829 2383 902 2421 Dei
931 2383 1135 2420 essentiam
1154 2383 1186 2421 *.
1207 2405 1232 2412 -
1251 2385 1338 2422 Alio
1447 2386 1507 2421 An
1522 2395 1683 2421 TERTIUM
1702 2394 1887 2420 nicENDuM
1908 2382 2014 2430 quod
2034 2394 2079 2419 ex
2098 2381 2225 2419 verbis
2244 2382 2313 2419 illis
2329 2387 2347 2410 η
2367 2383 2460 2420 Gre-
2583 2395 2598 2419 η

269 2439 389 2476 modo
408 2443 533 2487 potest
554 2447 636 2473 esse
657 2437 792 2485 aliquis
822 2437 859 2473 in
878 2437 951 2473 hac
968 2437 1047 2474 vita
1072 2438 1337 2487 potentialiter,
1393 2437 1487 2485 gorii
1517 2449 1596 2474 non
1626 2437 1734 2474 datur
1762 2436 1912 2484 intelligi
1941 2435 2046 2485 quod
2075 2437 2208 2472 beatus
2231 2436 2459 2473 Benedictus

269 2499 306 2529 et
332 2503 413 2529 non
432 2491 644 2528 secundum
665 2497 811 2527 actum:
842 2490 1067 2540 inquantum
1093 2491 1232 2528 scilicet
1260 2492 1338 2530 ani·
1393 2492 1521 2528 Deum
1551 2490 1589 2527 in
1615 2490 1676 2527 illa
1703 2489 1853 2527 visione
1881 2501 1949 2538 per
1977 2489 2180 2526 essentiam
2209 2489 2362 2526 viderit:
2391 2490 2458 2527 sed

267 2557 333 2582 ma
361 2545 443 2582 eius
472 2551 528 2580 est
556 2543 707 2592 corpori
732 2543 881 2581 mortali
902 2543 1104 2581 coniuncta
1131 2553 1173 2581 ut
1201 2546 1337 2594 forma,
1391 2546 1476 2582 vult
1503 2544 1704 2581 ostendere
1734 2543 1850 2592 quod,
1872 2544 1960 2591 quia
1987 2543 2127 2580 videnti
2149 2543 2367 2579 Creatorem
2391 2555 2458 2580 an-

267 2599 317 2636 ita
344 2605 475 2635 tamen
495 2597 601 2646 quod
620 2608 698 2634 non
718 2605 845 2634 utatur
868 2598 1039 2646 corporis
1067 2598 1252 2646 sensibus,
1274 2607 1340 2636 aut
1391 2604 1503 2648 gusta
1532 2603 1584 2635 est
1612 2597 1733 2634 omnis
1761 2602 1950 2641 creatura,
1983 2608 2222 2644 consequens
2260 2603 2315 2632 est
2351 2597 2456 2645 quod

268 2652 383 2690 etiam
403 2650 686 2699 imaginatione,
709 2650 804 2687 sicut
833 2650 969 2688 accidit
996 2651 1033 2688 in
1063 2659 1197 2700 raptu..
1217 2653 1265 2689 Et
1287 2653 1338 2690 sic
1392 2664 1462 2701 per
1489 2651 1775 2688 illustrationem
1810 2649 1927 2687 divini
1964 2649 2115 2686 luminis
2151 2649 2198 2686 de
2235 2648 2333 2685 facili
2369 2661 2457 2698 pos-

267 2712 393 2755 potest
420 2704 693 2753 contemplatio
722 2703 835 2741 huius
853 2703 954 2741 vitae
983 2704 1196 2753 pertingere
1216 2706 1264 2743 ad
1283 2706 1338 2743 vi·
1392 2706 1465 2743 sint
1483 2716 1752 2754 quaecumque
1770 2703 1902 2740 videri.
1923 2702 2034 2740 Unde
2054 2702 2198 2739 subdit:
2223 2700 2455 2744 Quamlibet⁰
2579 2704 2594 2731 θ

267 2759 417 2796 sionem
438 2758 591 2796 divinae
611 2757 808 2795 essentiae.
838 2757 950 2795 Unde
971 2769 1174 2806 supremus
1199 2760 1337 2807 gradus
1391 2760 1491 2796 enim
1514 2769 1656 2806 parum
1685 2758 1730 2794 de
1748 2756 1830 2793 luce
1854 2756 2044 2793 Creatoris
2071 2756 2270 2804 aspexerit,
2292 2757 2404 2792 breve
2422 2756 2458 2792 ei

267 2811 600 2861 contemplationis
637 2811 844 2860 praesentis
871 2811 972 2847 vitae
1003 2819 1059 2848 est
1086 2813 1239 2860 qualem
1271 2814 1337 2850 ha—
1379 2814 1433 2861 fit
1460 2824 1572 2849 omne
1598 2811 1700 2860 quod
1725 2815 1893 2847 creatum
1922 2815 1985 2846 est.
2021 2824 2023 2826 ·

318 2944 346 2978 γ)
366 2944 393 2969 in
413 2943 493 2969 turri.
505 2957 525 2964 -
543 2943 647 2968 intrare
671 2943 781 2974 codices,
802 2943 875 2967 intra
894 2944 921 2973 Ρ,
940 2951 992 2968 om.
1012 2951 1030 2968 a
1036 2951 1045 2973 ,⁴
1063 2952 1111 2977 pro
1135 2945 1207 2975 haec,
1227 2948 1254 2970 et
1270 2946 1336 2971 haec
1443 2945 1469 2978 ζ)
1484 2945 1664 2978 quemlibet-
1645 2943 1808 2976 —quaelibet
1819 2942 1981 2975 BEFKpAC,
1991 2942 2134 2975 quamlibet
2147 2942 2203 2972 Da;
2216 2950 2264 2974 pro
2276 2943 2453 2976 agnoscimus,

266 2978 378 3010 codices.
396 2979 446 3005 hoc
469 2979 515 3006 Pa.
1389 2981 1574 3015 cognoscimus
1593 2980 1699 3005 PAHIa.

319 3013 344 3048 ὃ)
364 3023 569 3049 nequaquam.-
583 3022 666 3047 neque
684 3015 801 3045 codices;
820 3022 869 3047 pro
886 3018 962 3040 recta
976 3015 1112 3048 proficiat,
1127 3019 1200 3041 recta
1209 3017 1336 3050 perficiat
1442 3018 1469 3049 η)
1490 3017 1582 3042 illis.-
1601 3016 1662 3042 Orn.
1681 3016 1727 3041 Pa.

266 3050 367 3084 BFHK,
385 3054 412 3077 et
435 3055 509 3094 recta
529 3051 657 3084 perficiat
675 3051 704 3080 C,
723 3054 797 3076 recta
818 3051 1001 3082 pronuntians
1019 3051 1049 3080 L,
1069 3055 1139 3076 recte
1159 3052 1289 3085 proficiat
1306 3053 1334 3078 Ρ.
1439 3051 1464 3084 θ)
1486 3051 1674 3083 Quamlibet·
1695 3050 1895 3081 Quantumlibet
1909 3049 1965 3074 PsC
1982 3054 2008 3074 et
2025 3056 2058 3079 a,·
2076 3056 2124 3081 pro
2146 3048 2290 3078 Creator-is,
2309 3049 2453 3074 creationis

319 3085 345 3120 e)
367 3086 465 3113 Vidn—
486 3086 560 3113 Vidit
577 3087 805 3120 ABEFILpCK—
823 3087 874 3111 Pro
893 3086 1000 3115 viderit,
1019 3087 1089 3112 vidit
1106 3087 1610 3120 ABa.ABEF1pK;pi-0
1622 3087 1740 3120 fit,su1't
1757 3085 1886 3118 PABLpC
1905 3090 1931 3110 et
1947 3091 1973 3115 a,
1993 3084 2017 3109 G
2035 3089 2064 3109 ut
2083 3091 2138 3110 nos.

934 3165 1269 3199 Commentario.
1291 3166 1543 3200 Garamans
1564 3166 1766 3199 Caietam

270 3254 318 3316 IN
342 3243 474 3274 articulo
498 3244 612 3285 quinto
636 3245 780 3276 eiusdem
804 3245 1008 3296 quaestionis
1034 3245 1168 3281 adverte,
1195 3245 1274 3276 circa
1296 3245 1333 3276 ti-
1389 3245 1472 3281 dicit,
1503 3245 1539 3276 Si
1569 3245 1687 3285 aliquis
1710 3244 1820 3275 videns
1849 3243 1954 3273 Deum
1978 3243 2136 3274 intellexit
2157 3242 2242 3283 quod
2268 3242 2362 3280 vidit,
2387 3252 2450 3273 non

299 3288 415 3324 tulum,
432 3289 521 3328 quod
537 3298 604 3320 non
621 3296 667 3321 est
682 3290 733 3321 hic
749 3290 894 3332 quaestio
911 3290 950 3320 de
966 3289 1072 3320 divina
1089 3289 1332 3330 omnipotentia,
1388 3291 1490 3330 ipsum
1515 3289 1604 3326 vidit,
1629 3288 1814 3328 intelligitur
1837 3288 1875 3317 de
1899 3287 2063 3318 communi
2087 3297 2147 3317 usu
2171 3286 2358 3327 Scripturae,
2383 3297 2449 3328 quo

267 3342 343 3364 cum
365 3331 496 3369 dicitur,
520 3334 571 3364 An
584 3335 688 3374 possit
709 3336 776 3366 vita
807 3335 1053 3386 contemplativa
1070 3335 1262 3385 pertingere
1290 3334 1334 3365 ad
1387 3334 1479 3365 multi
1504 3333 1652 3364 dicuntur
1673 3332 1787 3363 vidisse
1811 3332 1927 3368 Deum,
1947 3332 2011 3362 sive
2033 3331 2217 3371 imaginarie
2240 3331 2304 3361 sive
2327 3330 2448 3362 intelle-

267 3377 408 3408 divinam
426 3377 576 3407 visionem
593 3384 665 3409 etc.:
690 3379 744 3409 sed
759 3379 792 3420 ly
806 3380 910 3420 possit
929 3379 1059 3410 denotat
1082 3378 1258 3419 potentiam
1282 3388 1331 3408 or-
1387 3378 1538 3409 ctualiter.

268 3420 420 3451 dinariam
446 3421 623 3452 secundum
646 3421 784 3453 inditum
808 3431 939 3454 naturae
962 3424 1108 3454 modum.
1442 3423 1482 3453 Et
1503 3422 1580 3452 haec
1604 3421 1676 3452 dico
1701 3426 1829 3461 propter
1852 3421 1986 3461 Moysen
2010 3426 2040 3450 et
2062 3419 2199 3450 Paulum
2215 3419 2241 3450 *.
2477 3427 2535 3449 ·.Cf
2551 3433 2588 3455 qu.
2604 3432 2676 3448 mxv

323 3466 364 3496 Et
379 3465 548 3496 similiter·
540 3476 572 3495 m
597 3467 804 3506 responsione
827 3468 866 3498 ad
889 3468 1042 3508 primum,
1064 3478 1139 3499 cum
1158 3467 1332 3508 Dionysius
2475 3457 2516 3475 Μ’
2531 3459 2550 3482 ³

944 276 1212 322 QUAESTIO
1243 277 1435 325 CLXXX,

286 353 345 390 vel
351 354 522 402 fortasse
540 358 678 390 tractas
697 365 814 389 manu
842 353 1072 390 discretionis
1091 355 1264 404 abigunt.-
1290 355 1356 392 sed
1379 355 1382 365 ’

1465 277 1761 315 ARTICULUS
1790 278 1824 314 V
2396 290 2473 326 429

1410 355 1490 391 buit
1509 356 1650 392 Paulus
1679 355 1716 392 in
1742 365 1848 405 raptu
1868 356 1898 403 ²¹⁶,
1921 357 2133 394 secundum
2154 369 2269 406 quem
2299 357 2366 393 fuit
2394 370 2474 394 me—
2504 367 2714 395 '11adC⁰r›,cap-
