2768 4198
920 320 1189 366 QUAESTIO
1219 324 1464 373 CLXXXIX,
1494 329 1790 367 ARTICULUS
1820 332 1870 367 IX

2406 335 2472 371 551

1116 458 1434 503 ARTICULUS
1463 462 1664 505 NONUS

587 545 744 576 UTRUM
767 547 939 584 ALIQUIS
963 548 1136 579 DEBEAT
1159 551 1285 582 Amos
1309 552 1527 584 INDUCERE
1550 556 1608 585 An
1632 556 1898 589 RELIGIONEM
1922 559 2180 592 INTRANDUM

725 624 818 657 Supra,
837 632 881 657 qu.
900 632 925 654 c.
944 631 991 651 art.
1012 626 1035 657 3,
1055 627 1086 651 ad
1104 635 1136 658 43
1158 628 1255 658 Quodl.
1273 629 1313 659 111,
1333 637 1377 662 qu.
1394 638 1419 660 v.
1438 636 1484 656 art.
1508 640 1528 662 ι,
1547 634 1579 657 ad
1599 633 1626 665 5;
1648 634 1744 665 Quodl.
1763 636 1805 666 lv.
1825 644 1871 669 qu.
1889 645 1933 667 ιιι,
1953 642 1998 663 art.
2022 646 2044 668 13

1002 671 1078 696 Cont.
1098 672 1246 698 retrahent.
1264 673 1298 697 ab
1317 673 1429 706 ingress.
1449 675 1544 709 Relig„
1564 682 1610 702 art.
1633 678 1671 709 13,
1691 679 1723 703 ad
1743 687 1767 711 7.

334 780 341 788 s
380 766 390 788 ι
478 777 479 780 ¹
507 761 530 787 n
558 761 686 787 ΝοΝυΜ
715 762 769 787 sxc
797 762 1037 788 nocem-run.
1066 751 1228 788 Videtur
1255 754 1360 801 quod

346 845 357 859 =.
506 804 633 840 nullus
662 803 801 841 debeat
829 804 923 840 alios
945 804 1125 841 inducere
1146 807 1193 842 acl
1215 806 1362 854 religio-

451 860 455 864 ’
506 869 597 894 nem
626 857 862 895 intrandum.
906 858 1068 895 Mandat
1096 858 1196 895 enim
1226 860 1362 896 beatus

351 900 439 941 *⁷¹²3
464 900 751 958 Benedictus,
782 911 819 947 in
849 912 997 959 Regula
1025 924 1094 948 sua
1114 911 1145 958 *,
1177 914 1281 961 quod
1301 924 1363 949 ve-

294 959 478 997 nientibus
505 964 558 1000 ad
582 964 806 1014 religionem
844 976 920 1001 non
947 965 995 1001 sit
1007 966 1144 1014 facilis
1176 967 1362 1014 praeben-

292 1014 362 1050 dus
390 1014 605 1064 ingressus:
641 1017 708 1054 sed
727 1018 971 1066 probandum
1000 1025 1055 1055 est
1079 1031 1129 1055 an
1158 1019 1310 1067 spiritus
1337 1032 1360 1056 a

293 1068 375 1104 Deo
394 1068 477 1106 sint.
499 1071 549 1107 Et
566 1071 642 1107 hoc
662 1070 776 1107 etiam
797 1072 910 1107 docet
930 1071 1147 1118 Cassianus,
1168 1072 1206 1108 in
1227 1073 1278 1109 IV
1297 1073 1360 1109 lib.

291 1121 338 1157 de
371 1121 552 1160 Institutis
585 1124 748 1161 Coenob.
777 1122 796 1145 ’¹‘
824 1124 947 1161 Multo
986 1137 1074 1172 ergo
1112 1125 1240 1162 minus
1276 1125 1363 1162 licet

291 1174 459 1222 aliquem
488 1176 537 1213 ad
567 1176 790 1224 religionem
821 1177 1013 1214 inducere.

346 1238 382 1265 2.
402 1230 638 1275 PRAETEREA,
651 1230 926 1276 Matth.xx111*‚
943 1231 1135 1268 Dominus
1156 1231 1261 1268 dicit:
1284 1233 1362 1269 Vae

289 1281 419 1332 uobis!
450 1283 518 1331 qui
548 1284 713 1320 circuitis
745 1295 853 1321 mare
884 1290 922 1321 et
950 1284 1100 1321 aridam
1139 1289 1180 1320 ut
1199 1285 1361 1332 faciatis

250 1332 259 1334 ”
291 1346 408 1372 unum
436 1337 694 1385 proselytum,
724 1343 775 1383 et,
805 1349 891 1374 cum
906 1339 1042 1386 factus
1058 1338 1204 1386 fuerit,
1227 1339 1362 1385 facitis

42 1922 256 1952 ἀνημερ-

41 2175 133 2218 ⁸‘vet-e.
147 2200 185 2218 no.

39 2383 166 2413 ’Vens

37 2681 251 2706 ’cn-Praxeas.

35 2865 47 2876 ·
61 2837 163 2887 cmi.

289 1399 376 1425 eum
393 1389 526 1436 filium
554 1392 753 1440 gehennae
781 1391 894 1440 duplo
923 1403 1038 1440 quam
1070 1403 1148 1428 vos.
1180 1391 1257 1427 Sed
1286 1391 1360 1428 hoc

287 1441 469 1480 videntur
495 1444 620 1481 facere
649 1444 714 1494 qui
743 1444 920 1481 homines
940 1445 989 1482 ad
1009 1444 1231 1492 religionem
1251 1444 1358 1481 indu-

287 1503 392 1533 cunt.
422 1497 525 1545 Ergo
555 1497 707 1535 videtur
734 1499 809 1535 hoc
838 1510 921 1535 esse
949 1498 1215 1547 vituperabile.

343 1549 380 1586 3.
409 1551 655 1597 Palm-enm,
686 1552 811 1588 nullus
840 1551 955 1589 debet
982 1551 1163 1588 inducere
1191 1550 1358 1599 aliquem

285 1602 338 1640 ad
364 1602 405 1640 id
437 1603 543 1653 quod
578 1604 741 1654 pertinet
767 1605 816 1642 ad
846 1604 926 1642 eius
955 1604 1240 1642 detrimentum.
1280 1604 1357 1642 Sed

286 1655 347 1693 ille
376 1656 440 1705 qui
470 1657 616 1695 inducit
644 1658 810 1707 aliquem
840 1658 888 1696 ad
918 1658 1153 1707 religionem,
1185 1659 1357 1706 quando—

285 1720 362 1759 que
391 1721 437 1747 ex
465 1710 541 1748 hoc
569 1711 725 1749 incurrit
743 1712 1034 1750 detrimentum:
1065 1711 1154 1760 quia
1183 1711 1357 1761 quando·

285 1775 362 1812 que
389 1771 478 1801 sunt
505 1764 660 1813 obligati
688 1766 736 1803 ad
764 1765 952 1803 maiorem
982 1765 1217 1813 religionem.
1251 1765 1354 1813 Ergo

282 1815 436 1854 videtur
462 1818 569 1868 quod
597 1831 676 1856 non
705 1818 752 1856 sit
778 1819 969 1856 laudabile
997 1819 1178 1856 inducere
1207 1818 1355 1868 aliquos

283 1870 335 1908 ad
364 1870 600 1920 religionem.

338 1923 413 1961 S-
433 1936 582 1962 com-Ra
601 1937 668 1962 EST
683 1925 787 1974 quod
809 1925 943 1962 dicitur
956 1926 1080 1962 Exod.
1097 1937 1180 1962 xxv¹
1197 1926 1235 1962 *ε
1261 1926 1353 1962 Cor-

282 1977 362 2014 tina
377 1978 564 2015 cortinam
579 1979 715 2016 trahat.
737 1979 863 2016 Debet
877 1991 968 2028 ergo
983 1991 1082 2016 unus
1097 1979 1218 2016 homo
1234 1978 1351 2015 alium

282 2031 433 2068 trahere
462 2032 511 2070 ad
539 2031 612 2068 Dei
642 2032 886 2081 obsequium.

336 2085 565 2122 Respoumzo
594 2097 780 2123 memnon
808 2085 915 2134 quod
945 2085 1166 2123 inducentes
1186 2086 1281 2122 alios
1301 2085 1350 2123 ad

281 2138 504 2187 religionem
533 2151 612 2176 non
631 2139 757 2176 solum
786 2151 865 2176 non
885 2145 1056 2188 peccant,
1078 2139 1145 2176 sed
1165 2151 1350 2187 magnum

281 2192 499 2241 praemium
520 2199 732 2229 merentur:
758 2192 893 2230 dicitur
915 2193 1017 2230 enim
1038 2194 1112 2230 Iac.
1133 2194 1199 2230 ult.
1214 2192 1253 2229 *ε
1279 2193 1354 2234 Qui

281 2246 452 2283 converti
475 2245 613 2293 fecerit
630 2251 871 2295 peccatorem
899 2247 949 2283 ab
976 2258 1108 2283 errore
1134 2246 1220 2283 viae
1244 2258 1349 2293 suae,

281 2298 418 2336 liberat
434 2304 452 2321 ‘²
479 2299 650 2336 animam
677 2299 758 2337 eius
784 2311 808 2337 a
837 2305 978 2345 morte,
1014 2305 1049 2336 et
1080 2299 1202 2347 operit
1221 2300 1349 2336 'multi-

279 2353 446 2390 tudinem
464 2358 734 2401 peccatorum;
762 2359 798 2390 et
816 2351 832 2382 Ρ
851 2353 950 2390 Dan.
971 2364 1019 2389 xn
1038 2352 1059 2374 *
1087 2352 1243 2389 dicitur:
1277 2353 1353 2395 Qui

279 2406 332 2443 ad
358 2406 536 2444 iustitiam
564 2406 742 2443 erudiunt
766 2406 976 2455 plurimos,
1014 2406 1125 2454 quasi
1155 2405 1285 2443 stellae
1311 2407 1349 2443 in

273 2465 478 2509 perpetuas
504 2460 752 2497 aeternitates.

333 2514 470 2550 Posset
502 2521 632 2550 tamen
669 2512 888 2560 contingere
917 2512 1015 2549 circa
1042 2511 1265 2549 huiusmodi
1294 2513 1349 2549 in-

279 2567 501 2604 ductionem
530 2566 662 2614 triplex
690 2565 930 2602 inordinatio.
961 2564 1091 2601 Primo
1119 2565 1289 2613 quidem,
1319 2565 1349 2602 si

277 2620 468 2658 violenter
503 2619 639 2667 aliquis
675 2618 792 2655 alium
830 2618 878 2655 ad
917 2617 1138 2666 religionem
1176 2627 1349 2666 cogeret:

278 2673 384 2723 quod
411 2672 637 2723 prohibetur
664 2671 702 2708 in
724 2670 907 2717 Decretis,
929 2672 1013 2718 XX,
1043 2683 1107 2719 qu.
1129 2683 1164 2708 111
1183 2670 1214 2708 ²¹².
1236 2693 1260 2700 -
1282 2672 1349 2708 Se-

279 2727 426 2774 cundo,
460 2726 491 2763 si
516 2725 651 2774 aliquis
674 2723 882 2762 simoniace
911 2724 1026 2761 alium
1056 2725 1102 2761 ad
1124 2724 1347 2772 religionem

277 2780 412 2826 trahat,
443 2778 666 2816 muneribus
693 2777 811 2815 datis:
839 2784 881 2814 ut
907 2777 1132 2826 prohibetur
1149 2777 1188 2814 in
1207 2778 1348 2815 Decre-

277 2834 324 2871 tis
342 2838 359 2862 ἵ
379 2832 411 2880 *,
433 2845 496 2882 qu.
518 2844 554 2878 11,
575 2843 658 2880 cap.
684 2831 807 2873 Quam
823 2831 900 2879 pio.
930 2830 1014 2867 Nec
1042 2838 1172 2868 tamen
1200 2831 1248 2868 ad
1271 2832 1347 2869 hoc

277 2886 440 2936 pertinet
468 2886 499 2922 si
519 2884 653 2934 aliquis
681 2883 792 2921 alicui
820 2883 979 2933 pauperi
998 2884 1211 2920 necessaria
1239 2884 1348 2922 mini-

277 2947 367 2978 stret
383 2939 423 2976 in
443 2939 610 2984 saeculo,
630 2938 799 2974 nutriens
824 2949 914 2973 eum
943 2937 992 2974 ad
1012 2936 1254 2984 religionem:
1284 2939 1346 2975 vel

329 3055 358 3087 α)
378 3053 483 3079 liberat.
495 3067 514 3072 -
532 3052 649 3078 salvabit
666 3051 695 3076 P.

331 3088 356 3122 β)
375 3092 411 3117 et.
422 3103 442 3110 -
459 3089 522 3115 Om.
540 3087 687 3120 BEFLpK;
706 3091 765 3111 ante
784 3086 862 3118 quasi
880 3086 900 3110 P
919 3086 990 3111 addit
1007 3089 1097 3111 erunt.

347 3125 357 3157 )
376 3124 508 3150 Decretis.
519 3138 539 3143 —
557 3123 653 3148 ibidem
667 3123 764 3147 addunt
786 3122 833 3147 Pa.

329 3132 355 3192 Ξ)
374 3159 474 3185 Matth.
493 3159 558 3185 XII.
570 3171 590 3179 —-
607 3157 706 3183 Matth.
730 3157 785 3182 VII
799 3157 910 3188 codices,
929 3157 994 3183 Luc.
1015 3157 1060 3182 XI
1072 3157 1119 3182 Pa.

1413 755 1462 801 si,
1498 756 1578 794 sine
1606 766 1730 806 pacto,
1751 760 1875 808 aliqua
1912 764 2138 800 munuscula
2171 764 2309 802 tribuat
2335 766 2384 803 ad
2421 767 2474 804 fa-

1413 808 1663 847 miliaritatem
1693 815 1931 861 captandam.
1967 836 1990 843 -
2019 816 2169 862 Tertio,
2199 816 2230 854 si
2265 819 2473 856 mendaciis

1415 873 1503 898 eum
1541 863 1686 901 alliciat.
1717 866 1895 903 Imminet
1930 868 2031 904 enim
2060 868 2112 905 sic
2143 869 2298 907 inducto
2326 872 2472 920 pericu-

1413 914 1492 951 lum
1511 928 1571 962 ne,
1594 929 1681 954 cum
1701 930 1740 954 se
1771 919 1973 968 deceptum
2002 921 2208 970 invenerit,
2237 925 2470 972 retrocedat3

1415 974 1450 1003 et
1478 968 1530 1004 sic
1547 970 1652 1016 fiant
1678 971 1879 1009 novissima
1906 974 2066 1011 hominis
2093 975 2190 1011 illius
2212 977 2346 1024 peiora
2369 979 2471 1026 prio-

1413 1021 1527 1067 ribus,
1548 1030 1589 1058 ut
1616 1022 1749 1060 dicitur
1778 1025 1910 1062 Matth.
1931 1037 1978 1062 xu
1998 1024 2011 1048 ὅ
2029 1026 2060 1064 *.

1466 1075 1524 1110 AD
1558 1087 1695 1113 Palmum
1727 1089 1825 1114 ERGO
1862 1090 2044 1116 monimum
2082 1080 2186 1128 quod
2219 1081 2286 1118 illis
2320 1083 2384 1129 qui
2423 1085 2469 1121 ad

1414 1126 1633 1174 religionem
1648 1129 1888 1176 inducuntur,
1901 1132 2142 1170 nihilominus
2158 1143 2371 1171 reservatur
2384 1148 2471 1184 pro-

1414 1180 1573 1216 bationis
1601 1189 1763 1230 tempus,
1794 1183 1831 1219 in
1851 1196 1927 1232 quo
1948 1185 2184 1223 difficultates
2203 1187 2389 1234 religionis
2410 1201 2469 1225 ex-

1413 1233 1619 1281 periuntur.
1650 1235 1699 1271 Et
1726 1235 1779 1272 sic
1807 1248 1885 1273 non
1914 1237 2030 1274 facilis
2054 1239 2176 1276 aditus
2205 1240 2257 1276 eis
2286 1242 2395 1278 datur
2421 1242 2469 1279 ad

1414 1286 1600 1334 religionis
1629 1287 1851 1335 ingressum.

1465 1342 1523 1376 AD
1552 1352 1743 1378 SECUNDUM
1771 1354 1956 1379 memnon
1984 1343 2100 1391 quod,
2131 1347 2340 1382 secundum
2365 1346 2468 1383 Hila-

1412 1392 1510 1429 rium
1534 1392 1574 1439 *,
1610 1395 1773 1430 verbum
1809 1395 1898 1432 illud
1932 1396 2087 1432 Domini
2124 1399 2468 1445 praenuntiativum

1413 1445 1478 1481 fuit
1506 1446 1674 1494 perversi
1703 1447 1814 1484 studii
1843 1449 2071 1485 Iudaeorum
2101 1462 2189 1498 quo,
2218 1459 2304 1499 post
2333 1452 2470 1489 Christi

1411 1498 1748 1546 praedicationem,
1777 1501 1932 1547 gentiles
1955 1502 2016 1538 vel
2037 1502 2149 1538 etiam
2170 1503 2403 1541 Christianos
2421 1506 2469 1543 ad

1412 1551 1610 1588 Iudaicum
1639 1552 1751 1589 ritum
1781 1553 1983 1599 trahendo,
2019 1554 2158 1591 faciunt
2186 1556 2381 1604 dupliciter
2408 1570 2468 1605 ge·

1411 1605 1559 1642 hennae
1575 1605 1691 1642 filios:
1713 1605 1802 1653 quia
1817 1606 1956 1643 scilicet
1971 1614 2007 1642 et
2026 1616 2179 1655 peccata
2198 1609 2353 1656 pristina
2373 1623 2470 1659 quae

1411 1658 1698 1704 commiserunt,
1720 1659 1773 1695 eis
1798 1659 1835 1695 in
1856 1659 2050 1696 Iudaismo
2070 1673 2147 1697 non
2168 1661 2414 1710 dimittuntur,
2436 1672 2471 1700 et

1410 1712 1657 1749 nihilominus
1681 1712 1876 1749 incurrunt
1905 1712 2079 1750 Iudaicae
2099 1714 2281 1762 perfidiae
2310 1723 2467 1753 reatum.

1409 1767 1458 1802 Et
1495 1767 1708 1803 secundum
1746 1766 1832 1811 hoc,
1855 1778 1932 1802 non
1956 1766 2042 1802 facit
2071 1767 2118 1803 ad
2151 1769 2402 1816 propositum.

1462 1820 1682 1856 Secundum
1719 1818 1999 1867 Hieronymum
2034 1827 2160 1856 autem
2188 1820 2224 1866 ³¹⁸,
2253 1822 2327 1858 hoc
2356 1823 2466 1859 refer-

1406 1880 1466 1908 tur
1494 1872 1542 1909 ad
1581 1873 1745 1909 Iudaeos
1774 1872 1886 1908 etiam
1925 1884 1995 1921 pro
2025 1881 2120 1909 statu
2150 1873 2211 1910 illo
2247 1874 2284 1911 in
2313 1887 2389 1923 quo
2418 1877 2467 1912 le-

1405 1926 1502 1973 galia
1522 1925 1718 1963 observari
1738 1925 1892 1962 licebat:
1919 1934 2102 1973 quantum
2123 1926 2171 1963 ad
2190 1927 2265 1963 hoc
2284 1929 2388 1975 quod
2409 1928 2468 1965 ille

1406 1979 1470 2028 qui
1495 1980 1543 2016 ab
1571 1979 1624 2016 eis
1644 1979 1693 2016 ad
1714 1978 1950 2016 Iudaismum
1976 1980 2278 2026 convertebatur,
2298 1982 2387 2018 dum
2415 1994 2469 2018 es-

1403 2038 1459 2069 set
1474 2032 1635 2082 gentilis,
1655 2031 1871 2080 simpliciter
1889 2033 2063 2077 errabat;
2090 2033 2218 2069 videns
2244 2039 2368 2071 autem
2388 2046 2467 2071 ma—

1403 2087 1611 2137 gistrorum
1630 2086 1732 2131 vitia,
1766 2086 1966 2122 revertitur
1992 2086 2043 2122 ad
2068 2087 2248 2123 vomitum
2275 2099 2397 2133 suum,
2422 2094 2466 2134 et,

1403 2140 1552 2190 gentilis
1565 2140 1713 2187 factus,
1734 2139 1843 2187 quasi
1858 2139 2159 2187 praevaricator,
2184 2140 2324 2177 maiori
2340 2153 2466 2189 poena

1393 2195 1446 2241 fit
1470 2193 1619 2243 dignus.
1663 2193 1721 2229 Ex
1754 2204 1831 2240 quo
1859 2199 1962 2240 patet
1989 2192 2092 2240 quod
2122 2193 2268 2229 trahere
2297 2194 2390 2230 alios
2419 2195 2465 2232 ad

1404 2248 1546 2283 cultum
1568 2245 1650 2292 Dei,
1671 2245 1733 2282 vel
1752 2245 1801 2282 ad
1822 2245 2053 2292 religionem,
2075 2257 2153 2282 non
2180 2245 2415 2295 vituperatur
2432 2253 2464 2284 ⁸:

1403 2299 1471 2336 sed
1494 2300 1570 2336 hoc
1598 2299 1723 2335 solum
1751 2298 1856 2346 quod
1886 2298 2017 2347 aliquis
2043 2298 2076 2334 ei
2101 2311 2217 2347 quern
2247 2301 2432 2337 convertit
2454 2300 2466 2326 ἶ

1404 2353 1468 2390 det
1494 2353 1639 2389 malum
1669 2351 1899 2400 exemplum,
1924 2351 2026 2388 unde
2054 2351 2162 2400 peior
2189 2352 2384 2391 efficiatur.

1457 2408 1516 2443 An
1534 2417 1696 2442 TERTmM
1716 2416 1901 2441 nicENDUM
1930 2404 2036 2452 quod
2054 2405 2092 2453 in
2112 2405 2247 2442 maiori
2267 2406 2466 2444 includitur

1403 2459 1542 2496 minus.
1582 2459 1631 2495 Et
1663 2458 1751 2495 ideo
1786 2457 1846 2494 ille
1875 2457 1938 2506 qui
1973 2465 2029 2494 est
2060 2458 2246 2506 obligatus
2278 2467 2371 2496 voto
2403 2460 2464 2495 vel

1402 2513 1616 2549 iuramento
1637 2511 1684 2549 ad
1705 2511 1915 2558 ingressum
1935 2510 2091 2547 minoris
2111 2511 2310 2558 religionis,
2338 2519 2464 2560 potest

1400 2566 1499 2602 licite
1518 2564 1646 2602 induci
1674 2565 1722 2601 ad
1741 2565 1816 2600 hoc
1843 2563 1947 2611 quod
1967 2563 2015 2600 ad
2034 2563 2219 2600 maiorem
2240 2564 2458 2612 religionem

1401 2626 1582 2656 transeat:
1611 2617 1682 2654 nisi
1711 2617 1757 2653 sit
1783 2615 1923 2664 aliquid
1943 2615 2105 2664 speciale
2133 2616 2237 2663 quod
2265 2616 2458 2665 impediat,

1400 2680 1492 2722 puta
1519 2670 1730 2716 infirmitas,
1759 2669 1820 2705 vel
1845 2680 1931 2717 spes
1951 2668 2105 2705 maioris
2123 2669 2314 2716 profectus
2331 2670 2369 2706 in
2389 2670 2458 2706 mi-

1400 2725 1485 2763 nori
1513 2724 1704 2772 religione.
1734 2722 1798 2758 Ille
1825 2733 1919 2758 vero
1948 2721 2012 2770 qui
2037 2729 2091 2757 est
2119 2721 2336 2769 obligatus*¹
2363 2731 2456 2760 voto

1399 2780 1462 2816 vel
1497 2779 1709 2815 iuramento
1745 2774 1793 2811 ad
1825 2774 2034 2821 ingressum
2063 2774 2218 2810 maioris
2246 2774 2454 2823 religionis,

1400 2844 1478 2870 non
1506 2837 1631 2880 potest
1658 2828 1755 2865 licite
1783 2827 1909 2864 induci
1938 2827 1985 2864 ad
2005 2826 2194 2863 minorem
2215 2827 2453 2875 religionem:

1400 2885 1469 2922 nisi
1498 2896 1543 2921 ex
1563 2883 1686 2931 aliqua
1705 2880 1855 2930 speciali
1875 2892 1987 2916 causa
2007 2879 2181 2926 evidenti,
2211 2887 2247 2916 et
2272 2881 2347 2917 hoc
2366 2893 2451 2918 cum

1399 2936 1680 2987 dispensatione
1708 2933 1922 2982 superioris.

1456 3051 1479 3083 ε)
1499 3051 1677 3082 vituperatur.
1689 3062 1708 3067 -
1726 3050 1766 3073 est
1782 3046 1957 3078 vituperabile
1975 3045 2031 3070 Pla.

1455 3086 1480 3119 ζ)
1501 3093 1577 3118 quem
1589 3084 1729 3110 convertit.
1740 3096 1760 3101 -
1777 3089 1846 3115 quae
1862 3081 2027 3107 convertitur
2040 3080 2110 3113 FpK,
2123 3080 2169 3112 qui
2181 3080 2347 3105 convertitur
2360 3080 2450 3106 PILsK

1402 3127 1428 3147 et
1445 3129 1481 3189 cii)
1490 3129 1542 3181 ogi
1551 3121 1692 3188 afflig-atus.
1701 3166 1721 3173 -
1735 3153 1867 3186 obligatus
1878 3152 1976 3182 BDEL,
1987 3150 2122 3183 obligatur
2133 3150 2164 3181 Α,
2174 3150 2308 3183 obligatus
2320 3153 2360 3175 est
2371 3150 2449 3175 FHK.

953 3238 1291 3271 commentia-ia
1312 3236 1564 3272 cardinalis
1585 3234 1785 3267 Caietam

281 3329 326 3392 IN
350 3317 484 3349 articulo
503 3327 603 3354 nono,
620 3318 848 3349 advertendum
868 3325 914 3348 est
929 3318 1018 3358 quod
1041 3317 1190 3348 inducere
1207 3317 1286 3348 alios
1302 3317 1341 3347 ad
1366 3315 1369 3340 ί
1395 3317 1435 3346 Et
1449 3316 1511 3346 hoc
1527 3314 1601 3355 quia
1617 3313 1719 3353 agitur
1733 3313 1771 3342 de
1790 3311 1996 3351 dispositione
2019 3309 2116 3340 totius
2138 3309 2219 3340 vitae
2235 3317 2326 3339 suae:
2350 3318 2447 3349 quam

306 3362 494 3402 religionem
518 3367 565 3392 est
586 3367 674 3392 acras
697 3369 824 3393 sanctus
847 3372 884 3393 ex
906 3371 1019 3402 genere
1035 3371 1114 3397 suo,
1139 3362 1194 3392 sed
1214 3368 1341 3402 oportet

278 3407 358 3437 duas
373 3406 405 3436 in
421 3405 601 3446 particulari
617 3405 814 3436 conditiones
830 3406 1040 3437 considerare:
1056 3405 1185 3436 alteram
1202 3415 1239 3436 ex
1254 3412 1341 3445 parte

277 3460 431 3492 personae
454 3449 665 3486 inducendae;
689 3449 819 3481 alteram
843 3460 880 3481 ex
894 3457 981 3492 parte
1005 3449 1164 3490 religionis
1186 3449 1226 3480 ad
1242 3459 1340 3490 quam

277 3494 447 3525 inducitur.
471 3494 554 3524 Nam
578 3502 615 3523 ex
638 3499 724 3533 parte
741 3503 904 3532 personae,
925 3501 1051 3535 oportet
1070 3500 1105 3524 ut
1127 3500 1199 3524 ante
1222 3493 1340 3533 ingres-

278 3549 352 3569 sum
375 3539 415 3568 ad
437 3538 500 3568 hoc
523 3536 667 3567 deveniat
690 3543 726 3567 ut
748 3546 815 3567 non
838 3538 978 3568 coactive
1001 3545 1056 3568 aut
1077 3537 1210 3573 illectus,
1227 3538 1281 3568 sed
1304 3543 1340 3566 ut

278 3590 488 3623 spontaneus,
512 3591 578 3612 non
602 3587 744 3620 respectu
768 3579 961 3618 inducentis,
985 3582 1039 3612 sed
1063 3582 1104 3612 ob
1129 3581 1245 3612 Christi
1267 3580 1338 3610 imi-

279 3627 432 3658 tationem
449 3632 480 3656 et
495 3625 605 3665 fugam
619 3624 746 3661 saeculi,
763 3631 833 3661 etc„
850 3624 991 3655 intendat
1005 3625 1191 3665 religionem
1207 3623 1337 3664 ingredi.

1395 3359 1454 3389 nisi
1477 3365 1590 3399 sponte
1613 3357 1683 3397 quis
1711 3355 1852 3396 arripiat,
1876 3354 2051 3395 periculum
2074 3359 2120 3383 est
2149 3353 2238 3393 quod
2264 3353 2445 3388 retrocedat,

1394 3410 1448 3434 aut
1470 3403 1502 3432 in
1526 3401 1642 3432 malam
1665 3400 1761 3430 vitam
1785 3399 1949 3439 religiosus
1972 3398 2065 3428 etiam
2089 3396 2232 3427 declinet.

1448 3447 1495 3476 Ex
1518 3452 1605 3486 parte
1628 3454 1702 3474 vero
1726 3443 1894 3483 religionis,
1918 3441 2086 3482 requiritur
2108 3447 2143 3471 ut
2164 3440 2286 3470 vivatur
2303 3440 2337 3470 in
2352 3449 2388 3470 ea
2403 3440 2446 3470 ita

1394 3489 1608 3530 exemplariter
1639 3495 1674 3519 ut
1702 3487 1814 3517 habeat
1839 3487 1986 3516 inductus
2017 3484 2216 3515 occasionem
2249 3483 2443 3524 proficiendi.

1392 3535 1473 3565 Nam
1498 3533 1522 3563 si
1545 3532 1650 3572 tepide
1673 3531 1807 3562 maiores
1829 3530 1948 3566 vivunt,
1969 3536 1999 3560 et
2020 3528 2100 3559 inter
2122 3528 2260 3558 minores
2283 3527 2382 3558 multa
2398 3533 2444 3557 est

1392 3577 1557 3613 relaxatio,
1581 3586 1646 3606 non
1669 3585 1803 3616 parvum
1831 3573 1975 3605 imminet
1997 3572 2127 3603 inducto
2156 3571 2333 3612 perieulum
2356 3580 2440 3619 scan-

1391 3621 1469 3658 dali,
1494 3622 1586 3657 dum,
1611 3619 1765 3650 credendo
1794 3628 1826 3649 se
1855 3618 1894 3648 ad
1925 3615 2124 3658 perfectionis
2157 3615 2299 3646 semitam
2324 3614 2439 3649 indum,

2497 1065 2507 1075 ⁸
2521 1064 2588 1087 Vera·
2600 1072 2635 1094 45.

2495 1410 2505 1419 ·
2529 1409 2652 1432 Cometa.
2680 1412 2704 1432 in

2494 1435 2587 1463 Matth.,
2593 1442 2704 1464 eapxxiv.

2495 1831 2505 1840 ⁴
2528 1829 2651 1852 Conment.
2679 1831 2703 1852 t‘n

2493 1856 2590 1884 Matth.,
2609 1857 2647 1879 lib.
2663 1857 2703 1879 iv.

2577 2736 2593 2759 η
