<?xml version="1.0" encoding="UTF-8"?>
<!DOCTYPE html PUBLIC "-//W3C//DTD XHTML 1.0 Transitional//EN"
    "http://www.w3.org/TR/xhtml1/DTD/xhtml1-transitional.dtd">
<html xmlns="http://www.w3.org/1999/xhtml" xml:lang="en" lang="en">
 <head>
  <title>
</title>
<meta http-equiv="Content-Type" content="text/html;charset=utf-8" />
  <meta name='ocr-system' content='tesseract 3.04.00' />
  <meta name='ocr-capabilities' content='ocr_page ocr_carea ocr_par ocr_line ocrx_word'/>
</head>
<body>
  <div class='ocr_page' id='page_1' title='image "./operaomniaiussui10thom/operaomniaiussui10thom_0259.png"; bbox 0 0 2768 4198; ppageno 0'>
   <div class='ocr_carea' id='block_1_1' title="bbox 48 704 275 807">
    <p class='ocr_par' dir='ltr' id='par_1_1' title="bbox 48 704 275 807">
     <span class='ocr_line' id='line_1_1' title="bbox 63 704 275 728; baseline -0.014 0"><span class='ocrx_word' id='word_1_1' title='bbox 63 707 73 717; x_wconf 87' lang='grc'><em>·</em></span> <span class='ocrx_word' id='word_1_2' title='bbox 82 705 117 728; x_wconf 76' lang='lat' dir='ltr'>Cf.</span> <span class='ocrx_word' id='word_1_3' title='bbox 126 705 185 727; x_wconf 81' lang='lat' dir='ltr'>Petr.</span> <span class='ocrx_word' id='word_1_4' title='bbox 194 704 223 726; x_wconf 88' lang='lat' dir='ltr'>de</span> <span class='ocrx_word' id='word_1_5' title='bbox 233 704 275 726; x_wconf 78' lang='lat' dir='ltr'>Pa-</span> 
     </span>
     <span class='ocr_line' id='line_1_2' title="bbox 48 730 273 757; baseline -0.013 -3"><span class='ocrx_word' id='word_1_6' title='bbox 48 736 51 738; x_wconf 48' lang='lat'><em>*</em></span> <span class='ocrx_word' id='word_1_7' title='bbox 61 730 273 757; x_wconf 75' lang='lat' dir='ltr'>lud.1VSent.‚dist.</span> 
     </span>
     <span class='ocr_line' id='line_1_3' title="bbox 61 760 274 807; baseline -0.009 -27"><span class='ocrx_word' id='word_1_8' title='bbox 61 765 125 807; x_wconf 51' lang='grc' dir='ltr'>ἔπι,</span> <span class='ocrx_word' id='word_1_9' title='bbox 138 763 176 786; x_wconf 86' lang='lat' dir='ltr'>qu.</span> <span class='ocrx_word' id='word_1_10' title='bbox 187 763 221 784; x_wconf 86' lang='lat' dir='ltr'>m,</span> <span class='ocrx_word' id='word_1_11' title='bbox 231 760 274 779; x_wconf 80' lang='lat' dir='ltr'>art.</span> 
     </span>
    </p>
   </div>
   <div class='ocr_carea' id='block_1_2' title="bbox 74 2393 286 2448">
    <p class='ocr_par' dir='ltr' id='par_1_2' title="bbox 74 2393 286 2448">
     <span class='ocr_line' id='line_1_4' title="bbox 74 2393 286 2448; baseline -0.009 -5"><span class='ocrx_word' id='word_1_12' title='bbox 74 2393 247 2448; x_wconf 44' lang='lat' dir='ltr'>tamem</span> <span class='ocrx_word' id='word_1_13' title='bbox 265 2397 286 2420; x_wconf 85' lang='lat'>³’</span> 
     </span>
    </p>
   </div>
   <div class='ocr_carea' id='block_1_3' title="bbox 72 2524 286 2576">
    <p class='ocr_par' dir='ltr' id='par_1_3' title="bbox 72 2524 286 2576">
     <span class='ocr_line' id='line_1_5' title="bbox 72 2524 286 2576; baseline -0.005 -28"><span class='ocrx_word' id='word_1_14' title='bbox 72 2525 135 2576; x_wconf 45' lang='lat' dir='ltr'>{ff</span> <span class='ocrx_word' id='word_1_15' title='bbox 145 2525 190 2548; x_wconf 75' lang='lat' dir='ltr'>loc.</span> <span class='ocrx_word' id='word_1_16' title='bbox 200 2525 238 2548; x_wconf 69' lang='lat' dir='ltr'>dt.</span> <span class='ocrx_word' id='word_1_17' title='bbox 249 2524 286 2547; x_wconf 86' lang='lat' dir='ltr'>in-</span> 
     </span>
    </p>
   </div>
   <div class='ocr_carea' id='block_1_4' title="bbox 79 3058 290 3088">
    <p class='ocr_par' dir='ltr' id='par_1_4' title="bbox 79 3058 290 3088">
     <span class='ocr_line' id='line_1_6' title="bbox 79 3058 290 3088; baseline -0.005 -7"><span class='ocrx_word' id='word_1_18' title='bbox 79 3059 90 3071; x_wconf 79' lang='lat'><strong>·</strong></span> <span class='ocrx_word' id='word_1_19' title='bbox 99 3059 155 3087; x_wconf 72' lang='lat' dir='ltr'>cup.</span> <span class='ocrx_word' id='word_1_20' title='bbox 165 3058 290 3088; x_wconf 66' lang='lat' dir='ltr'>Quoniam.</span> 
     </span>
    </p>
   </div>
   <div class='ocr_carea' id='block_1_5' title="bbox 994 250 1808 299">
    <p class='ocr_par' dir='ltr' id='par_1_5' title="bbox 994 250 1808 299">
     <span class='ocr_line' id='line_1_7' title="bbox 994 250 1808 299; baseline -0.005 -9"><span class='ocrx_word' id='word_1_21' title='bbox 994 251 1267 299; x_wconf 87' lang='lat' dir='ltr'>QUAESTIO</span> <span class='ocrx_word' id='word_1_22' title='bbox 1298 250 1436 298; x_wconf 88' lang='lat' dir='ltr'>CLIV,</span> <span class='ocrx_word' id='word_1_23' title='bbox 1466 251 1765 288; x_wconf 90' lang='lat' dir='ltr'>ARTICULUS</span> <span class='ocrx_word' id='word_1_24' title='bbox 1796 251 1808 286; x_wconf 94' lang='lat'><em>1</em></span> 
     </span>
    </p>
   </div>
   <div class='ocr_carea' id='block_1_6' title="bbox 300 328 1401 375">
    <p class='ocr_par' dir='ltr' id='par_1_6' title="bbox 300 328 1401 375">
     <span class='ocr_line' id='line_1_8' title="bbox 300 328 1401 375; baseline -0.011 -3"><span class='ocrx_word' id='word_1_25' title='bbox 300 340 502 375; x_wconf 60' lang='lat' dir='ltr'>matrimonii,</span> <span class='ocrx_word' id='word_1_26' title='bbox 521 339 555 369; x_wconf 92' lang='lat' dir='ltr'>in</span> <span class='ocrx_word' id='word_1_27' title='bbox 578 339 652 369; x_wconf 92' lang='lat' dir='ltr'>loco</span> <span class='ocrx_word' id='word_1_28' title='bbox 677 346 766 367; x_wconf 89' lang='lat' dir='ltr'>sacro</span> <span class='ocrx_word' id='word_1_29' title='bbox 791 336 830 366; x_wconf 90' lang='lat' dir='ltr'>ad</span> <span class='ocrx_word' id='word_1_30' title='bbox 854 334 992 375; x_wconf 89' lang='lat' dir='ltr'>speciem</span> <span class='ocrx_word' id='word_1_31' title='bbox 1017 332 1169 372; x_wconf 87' lang='lat' dir='ltr'>sacrilegii</span> <span class='ocrx_word' id='word_1_32' title='bbox 1193 331 1318 367; x_wconf 86' lang='lat' dir='ltr'>transit,</span> <span class='ocrx_word' id='word_1_33' title='bbox 1344 337 1374 361; x_wconf 87' lang='lat' dir='ltr'>et</span> <span class='ocrx_word' id='word_1_34' title='bbox 1399 328 1401 339; x_wconf 69' lang='lat'><strong>⁴</strong></span> 
     </span>
    </p>
   </div>
   <div class='ocr_carea' id='block_1_7' title="bbox 301 378 1374 518">
    <p class='ocr_par' dir='ltr' id='par_1_7' title="bbox 301 378 1374 518">
     <span class='ocr_line' id='line_1_9' title="bbox 301 378 1030 419; baseline -0.014 -1"><span class='ocrx_word' id='word_1_35' title='bbox 301 397 366 418; x_wconf 91' lang='lat' dir='ltr'>non</span> <span class='ocrx_word' id='word_1_36' title='bbox 391 384 554 416; x_wconf 89' lang='lat' dir='ltr'>constituit</span> <span class='ocrx_word' id='word_1_37' title='bbox 573 392 691 413; x_wconf 87' lang='lat' dir='ltr'>novam</span> <span class='ocrx_word' id='word_1_38' title='bbox 715 380 857 411; x_wconf 85' lang='lat' dir='ltr'>luxuriae</span> <span class='ocrx_word' id='word_1_39' title='bbox 882 378 1030 419; x_wconf 87' lang='lat' dir='ltr'>speciem.</span> 
     </span>
     <span class='ocr_line' id='line_1_10' title="bbox 356 422 1373 464; baseline -0.012 -2"><span class='ocrx_word' id='word_1_40' title='bbox 356 431 407 462; x_wconf 91' lang='lat' dir='ltr'>Ad</span> <span class='ocrx_word' id='word_1_41' title='bbox 430 428 626 464; x_wconf 85' lang='lat' dir='ltr'>secundum,</span> <span class='ocrx_word' id='word_1_42' title='bbox 653 426 691 456; x_wconf 91' lang='lat' dir='ltr'>de</span> <span class='ocrx_word' id='word_1_43' title='bbox 715 425 827 462; x_wconf 89' lang='lat' dir='ltr'>modo,</span> <span class='ocrx_word' id='word_1_44' title='bbox 852 423 966 454; x_wconf 90' lang='lat' dir='ltr'>dicitur</span> <span class='ocrx_word' id='word_1_45' title='bbox 991 423 1079 463; x_wconf 93' lang='lat' dir='ltr'>quod</span> <span class='ocrx_word' id='word_1_46' title='bbox 1105 422 1221 452; x_wconf 93' lang='lat' dir='ltr'>modus</span> <span class='ocrx_word' id='word_1_47' title='bbox 1246 431 1283 451; x_wconf 87' lang='lat' dir='ltr'>ex</span> <span class='ocrx_word' id='word_1_48' title='bbox 1307 431 1373 462; x_wconf 90' lang='lat' dir='ltr'>quo</span> 
     </span>
     <span class='ocr_line' id='line_1_11' title="bbox 301 465 1374 518; baseline -0.012 -10"><span class='ocrx_word' id='word_1_49' title='bbox 301 483 407 518; x_wconf 87' lang='lat' dir='ltr'>potest</span> <span class='ocrx_word' id='word_1_50' title='bbox 430 473 519 515; x_wconf 89' lang='lat' dir='ltr'>sequi</span> <span class='ocrx_word' id='word_1_51' title='bbox 543 470 703 513; x_wconf 88' lang='lat' dir='ltr'>generatio</span> <span class='ocrx_word' id='word_1_52' title='bbox 729 468 782 512; x_wconf 94' lang='lat' dir='ltr'>(de</span> <span class='ocrx_word' id='word_1_53' title='bbox 798 479 865 509; x_wconf 92' lang='lat' dir='ltr'>quo</span> <span class='ocrx_word' id='word_1_54' title='bbox 889 468 960 498; x_wconf 87' lang='lat' dir='ltr'>solo</span> <span class='ocrx_word' id='word_1_55' title='bbox 982 475 1028 498; x_wconf 90' lang='lat' dir='ltr'>est</span> <span class='ocrx_word' id='word_1_56' title='bbox 1052 465 1182 508; x_wconf 90' lang='lat' dir='ltr'>sermo),</span> <span class='ocrx_word' id='word_1_57' title='bbox 1199 466 1315 496; x_wconf 85' lang='lat' dir='ltr'>faciens</span> <span class='ocrx_word' id='word_1_58' title='bbox 1336 466 1374 495; x_wconf 94' lang='lat' dir='ltr'>de</span> 
     </span>
    </p>
   </div>
   <div class='ocr_carea' id='block_1_8' title="bbox 302 510 1403 561">
    <p class='ocr_par' dir='ltr' id='par_1_8' title="bbox 302 510 1403 561">
     <span class='ocr_line' id='line_1_12' title="bbox 302 510 1403 561; baseline -0.012 -8"><span class='ocrx_word' id='word_1_59' title='bbox 302 526 516 561; x_wconf 87' lang='lat' dir='ltr'>non-peccato</span> <span class='ocrx_word' id='word_1_60' title='bbox 539 522 716 558; x_wconf 86' lang='lat' dir='ltr'>peccatum,</span> <span class='ocrx_word' id='word_1_61' title='bbox 738 513 902 544; x_wconf 89' lang='lat' dir='ltr'>constituit</span> <span class='ocrx_word' id='word_1_62' title='bbox 918 522 1035 543; x_wconf 89' lang='lat' dir='ltr'>novam</span> <span class='ocrx_word' id='word_1_63' title='bbox 1060 511 1198 552; x_wconf 89' lang='lat' dir='ltr'>speciem</span> <span class='ocrx_word' id='word_1_64' title='bbox 1222 510 1374 547; x_wconf 78' lang='lat' dir='ltr'>luxuriae,</span> <span class='ocrx_word' id='word_1_65' title='bbox 1401 517 1403 536; x_wconf 55' lang='grc' dir='ltr'>ἑ</span> 
     </span>
    </p>
   </div>
   <div class='ocr_carea' id='block_1_9' title="bbox 301 555 1395 3631">
    <p class='ocr_par' dir='ltr' id='par_1_9' title="bbox 301 555 1381 1222">
     <span class='ocr_line' id='line_1_13' title="bbox 302 555 1376 602; baseline -0.011 -5"><span class='ocrx_word' id='word_1_66' title='bbox 302 567 358 597; x_wconf 91' lang='lat' dir='ltr'>sed</span> <span class='ocrx_word' id='word_1_67' title='bbox 382 576 418 596; x_wconf 86' lang='lat' dir='ltr'>ex</span> <span class='ocrx_word' id='word_1_68' title='bbox 441 574 501 595; x_wconf 89' lang='lat' dir='ltr'>suo</span> <span class='ocrx_word' id='word_1_69' title='bbox 525 570 639 602; x_wconf 87' lang='lat' dir='ltr'>genere</span> <span class='ocrx_word' id='word_1_70' title='bbox 659 559 826 590; x_wconf 89' lang='lat' dir='ltr'>venialem.</span> <span class='ocrx_word' id='word_1_71' title='bbox 851 558 892 588; x_wconf 90' lang='lat' dir='ltr'>Et</span> <span class='ocrx_word' id='word_1_72' title='bbox 907 567 966 598; x_wconf 90' lang='lat' dir='ltr'>ego</span> <span class='ocrx_word' id='word_1_73' title='bbox 992 557 1118 587; x_wconf 89' lang='lat' dir='ltr'>nullum</span> <span class='ocrx_word' id='word_1_74' title='bbox 1143 556 1295 587; x_wconf 88' lang='lat' dir='ltr'>hactenus</span> <span class='ocrx_word' id='word_1_75' title='bbox 1315 555 1376 595; x_wconf 93' lang='lat' dir='ltr'>legi</span> 
     </span>
     <span class='ocr_line' id='line_1_14' title="bbox 302 601 1376 642; baseline -0.012 0"><span class='ocrx_word' id='word_1_76' title='bbox 302 618 357 642; x_wconf 91' lang='lat' dir='ltr'>aut</span> <span class='ocrx_word' id='word_1_77' title='bbox 380 608 486 640; x_wconf 90' lang='lat' dir='ltr'>audivi</span> <span class='ocrx_word' id='word_1_78' title='bbox 502 607 639 637; x_wconf 91' lang='lat' dir='ltr'>modurn</span> <span class='ocrx_word' id='word_1_79' title='bbox 656 603 871 635; x_wconf 90' lang='lat' dir='ltr'>consummati</span> <span class='ocrx_word' id='word_1_80' title='bbox 891 609 979 633; x_wconf 91' lang='lat' dir='ltr'>actus</span> <span class='ocrx_word' id='word_1_81' title='bbox 995 602 1026 632; x_wconf 94' lang='lat' dir='ltr'>in</span> <span class='ocrx_word' id='word_1_82' title='bbox 1044 611 1117 631; x_wconf 88' lang='lat' dir='ltr'>vase</span> <span class='ocrx_word' id='word_1_83' title='bbox 1134 601 1241 631; x_wconf 91' lang='lat' dir='ltr'>debito</span> <span class='ocrx_word' id='word_1_84' title='bbox 1257 610 1293 630; x_wconf 87' lang='lat' dir='ltr'>ex</span> <span class='ocrx_word' id='word_1_85' title='bbox 1309 610 1376 640; x_wconf 93' lang='lat' dir='ltr'>quo</span> 
     </span>
     <span class='ocr_line' id='line_1_15' title="bbox 303 644 1376 695; baseline -0.011 -9"><span class='ocrx_word' id='word_1_86' title='bbox 303 665 370 686; x_wconf 92' lang='lat' dir='ltr'>non</span> <span class='ocrx_word' id='word_1_87' title='bbox 393 653 495 695; x_wconf 87' lang='lat' dir='ltr'>possit</span> <span class='ocrx_word' id='word_1_88' title='bbox 517 650 608 692; x_wconf 89' lang='lat' dir='ltr'>sequi</span> <span class='ocrx_word' id='word_1_89' title='bbox 631 648 805 690; x_wconf 89' lang='lat' dir='ltr'>generatio.</span> <span class='ocrx_word' id='word_1_90' title='bbox 832 647 893 678; x_wconf 89' lang='lat' dir='ltr'>Sed</span> <span class='ocrx_word' id='word_1_91' title='bbox 913 657 970 678; x_wconf 89' lang='lat' dir='ltr'>nec</span> <span class='ocrx_word' id='word_1_92' title='bbox 995 646 1151 677; x_wconf 87' lang='lat' dir='ltr'>rationem</span> <span class='ocrx_word' id='word_1_93' title='bbox 1167 644 1305 676; x_wconf 82' lang='lat' dir='ltr'>intellexi</span> <span class='ocrx_word' id='word_1_94' title='bbox 1330 644 1376 674; x_wconf 94' lang='lat' dir='ltr'>ul-</span> 
     </span>
     <span class='ocr_line' id='line_1_16' title="bbox 301 690 1378 738; baseline -0.011 -7"><span class='ocrx_word' id='word_1_95' title='bbox 301 701 383 731; x_wconf 87' lang='lat' dir='ltr'>lam:</span> <span class='ocrx_word' id='word_1_96' title='bbox 409 697 469 728; x_wconf 90' lang='lat' dir='ltr'>nisi</span> <span class='ocrx_word' id='word_1_97' title='bbox 486 696 575 738; x_wconf 92' lang='lat' dir='ltr'>quod</span> <span class='ocrx_word' id='word_1_98' title='bbox 599 694 730 736; x_wconf 88' lang='lat' dir='ltr'>quidam</span> <span class='ocrx_word' id='word_1_99' title='bbox 744 693 763 712; x_wconf 84' lang='grc'><strong>*</strong></span> <span class='ocrx_word' id='word_1_100' title='bbox 787 692 896 723; x_wconf 91' lang='lat' dir='ltr'>dicunt</span> <span class='ocrx_word' id='word_1_101' title='bbox 912 692 1000 733; x_wconf 92' lang='lat' dir='ltr'>quod</span> <span class='ocrx_word' id='word_1_102' title='bbox 1022 690 1136 721; x_wconf 90' lang='lat' dir='ltr'>mulier</span> <span class='ocrx_word' id='word_1_103' title='bbox 1153 700 1219 720; x_wconf 94' lang='lat' dir='ltr'>non</span> <span class='ocrx_word' id='word_1_104' title='bbox 1236 696 1282 720; x_wconf 91' lang='lat' dir='ltr'>est</span> <span class='ocrx_word' id='word_1_105' title='bbox 1298 699 1378 719; x_wconf 89' lang='lat' dir='ltr'>uxor</span> 
     </span>
     <span class='ocr_line' id='line_1_17' title="bbox 303 734 1378 777; baseline -0.011 -2"><span class='ocrx_word' id='word_1_106' title='bbox 303 744 343 775; x_wconf 91' lang='lat' dir='ltr'>ad</span> <span class='ocrx_word' id='word_1_107' title='bbox 359 743 437 774; x_wconf 86' lang='lat' dir='ltr'>tales</span> <span class='ocrx_word' id='word_1_108' title='bbox 457 749 556 777; x_wconf 90' lang='lat' dir='ltr'>actus,</span> <span class='ocrx_word' id='word_1_109' title='bbox 574 740 630 770; x_wconf 90' lang='lat' dir='ltr'>sed</span> <span class='ocrx_word' id='word_1_110' title='bbox 653 738 788 769; x_wconf 90' lang='lat' dir='ltr'>naturali</span> <span class='ocrx_word' id='word_1_111' title='bbox 804 737 904 767; x_wconf 90' lang='lat' dir='ltr'>modo</span> <span class='ocrx_word' id='word_1_112' title='bbox 921 743 1066 772; x_wconf 85' lang='lat' dir='ltr'>tantum;</span> <span class='ocrx_word' id='word_1_113' title='bbox 1091 741 1121 765; x_wconf 94' lang='lat' dir='ltr'>et</span> <span class='ocrx_word' id='word_1_114' title='bbox 1135 735 1224 776; x_wconf 92' lang='lat' dir='ltr'>quod</span> <span class='ocrx_word' id='word_1_115' title='bbox 1240 734 1378 764; x_wconf 88' lang='lat' dir='ltr'>variatur</span> 
     </span>
     <span class='ocr_line' id='line_1_18' title="bbox 303 779 1377 820; baseline -0.011 0"><span class='ocrx_word' id='word_1_116' title='bbox 303 789 381 820; x_wconf 91' lang='lat' dir='ltr'>ritus</span> <span class='ocrx_word' id='word_1_117' title='bbox 405 785 591 818; x_wconf 83' lang='lat' dir='ltr'>sacramenti</span> <span class='ocrx_word' id='word_1_118' title='bbox 615 782 821 814; x_wconf 80' lang='lat' dir='ltr'>matrimonii.</span> <span class='ocrx_word' id='word_1_119' title='bbox 853 782 914 812; x_wconf 92' lang='lat' dir='ltr'>Sed</span> <span class='ocrx_word' id='word_1_120' title='bbox 938 781 1015 811; x_wconf 88' lang='lat' dir='ltr'>haec</span> <span class='ocrx_word' id='word_1_121' title='bbox 1038 780 1129 811; x_wconf 84' lang='lat' dir='ltr'>facile</span> <span class='ocrx_word' id='word_1_122' title='bbox 1157 779 1377 814; x_wconf 86' lang='lat' dir='ltr'>excluduntur,</span> 
     </span>
     <span class='ocr_line' id='line_1_19' title="bbox 304 827 1378 872; baseline -0.01 -8"><span class='ocrx_word' id='word_1_123' title='bbox 304 833 439 864; x_wconf 90' lang='lat' dir='ltr'>dicendo</span> <span class='ocrx_word' id='word_1_124' title='bbox 457 831 547 872; x_wconf 92' lang='lat' dir='ltr'>quod</span> <span class='ocrx_word' id='word_1_125' title='bbox 566 839 647 860; x_wconf 91' lang='lat' dir='ltr'>uxor</span> <span class='ocrx_word' id='word_1_126' title='bbox 670 835 717 858; x_wconf 92' lang='lat' dir='ltr'>est</span> <span class='ocrx_word' id='word_1_127' title='bbox 732 837 812 858; x_wconf 86' lang='lat' dir='ltr'>uxor</span> <span class='ocrx_word' id='word_1_128' title='bbox 826 827 865 856; x_wconf 90' lang='lat' dir='ltr'>ad</span> <span class='ocrx_word' id='word_1_129' title='bbox 889 835 1021 856; x_wconf 89' lang='lat' dir='ltr'>omnem</span> <span class='ocrx_word' id='word_1_130' title='bbox 1038 832 1145 855; x_wconf 90' lang='lat' dir='ltr'>actum</span> <span class='ocrx_word' id='word_1_131' title='bbox 1165 834 1202 854; x_wconf 89' lang='lat' dir='ltr'>ex</span> <span class='ocrx_word' id='word_1_132' title='bbox 1217 833 1284 864; x_wconf 91' lang='lat' dir='ltr'>quo</span> <span class='ocrx_word' id='word_1_133' title='bbox 1307 830 1378 863; x_wconf 92' lang='lat' dir='ltr'>pot-</span> 
     </span>
     <span class='ocr_line' id='line_1_20' title="bbox 304 868 1379 918; baseline -0.011 -9"><span class='ocrx_word' id='word_1_134' title='bbox 304 885 351 910; x_wconf 88' lang='lat' dir='ltr'>est</span> <span class='ocrx_word' id='word_1_135' title='bbox 374 876 464 918; x_wconf 87' lang='lat' dir='ltr'>sequi</span> <span class='ocrx_word' id='word_1_136' title='bbox 487 874 648 915; x_wconf 86' lang='lat' dir='ltr'>generatio</span> <span class='ocrx_word' id='word_1_137' title='bbox 680 872 740 914; x_wconf 88' lang='lat' dir='ltr'>(ex</span> <span class='ocrx_word' id='word_1_138' title='bbox 763 882 830 913; x_wconf 92' lang='lat' dir='ltr'>quo</span> <span class='ocrx_word' id='word_1_139' title='bbox 855 881 921 901; x_wconf 91' lang='lat' dir='ltr'>non</span> <span class='ocrx_word' id='word_1_140' title='bbox 950 871 1003 900; x_wconf 89' lang='lat' dir='ltr'>dat</span> <span class='ocrx_word' id='word_1_141' title='bbox 1033 876 1154 900; x_wconf 87' lang='lat' dir='ltr'>tantam</span> <span class='ocrx_word' id='word_1_142' title='bbox 1178 868 1379 899; x_wconf 89' lang='lat' dir='ltr'>latitudinem</span> 
     </span>
     <span class='ocr_line' id='line_1_21' title="bbox 303 912 1380 960; baseline -0.01 -7"><span class='ocrx_word' id='word_1_143' title='bbox 303 923 335 954; x_wconf 88' lang='lat' dir='ltr'>in</span> <span class='ocrx_word' id='word_1_144' title='bbox 360 919 547 952; x_wconf 89' lang='lat' dir='ltr'>huiusmodi</span> <span class='ocrx_word' id='word_1_145' title='bbox 571 916 725 960; x_wconf 86' lang='lat' dir='ltr'>actibus),</span> <span class='ocrx_word' id='word_1_146' title='bbox 749 916 896 957; x_wconf 90' lang='lat' dir='ltr'>quamvis</span> <span class='ocrx_word' id='word_1_147' title='bbox 925 925 1009 945; x_wconf 90' lang='lat' dir='ltr'>unus</span> <span class='ocrx_word' id='word_1_148' title='bbox 1033 914 1072 944; x_wconf 89' lang='lat' dir='ltr'>sit</span> <span class='ocrx_word' id='word_1_149' title='bbox 1102 913 1294 954; x_wconf 90' lang='lat' dir='ltr'>principalis.</span> <span class='ocrx_word' id='word_1_150' title='bbox 1319 912 1380 943; x_wconf 89' lang='lat' dir='ltr'>Vel</span> 
     </span>
     <span class='ocr_line' id='line_1_22' title="bbox 304 957 1378 1006; baseline -0.01 -8"><span class='ocrx_word' id='word_1_151' title='bbox 304 966 440 998; x_wconf 88' lang='lat' dir='ltr'>dicendo</span> <span class='ocrx_word' id='word_1_152' title='bbox 465 964 554 1006; x_wconf 91' lang='lat' dir='ltr'>quod</span> <span class='ocrx_word' id='word_1_153' title='bbox 569 963 620 994; x_wconf 91' lang='lat' dir='ltr'>isti</span> <span class='ocrx_word' id='word_1_154' title='bbox 635 962 724 993; x_wconf 88' lang='lat' dir='ltr'>modi</span> <span class='ocrx_word' id='word_1_155' title='bbox 749 968 823 992; x_wconf 92' lang='lat' dir='ltr'>sunt</span> <span class='ocrx_word' id='word_1_156' title='bbox 839 959 1072 991; x_wconf 84' lang='lat' dir='ltr'>accidentaliter</span> <span class='ocrx_word' id='word_1_157' title='bbox 1087 957 1378 999; x_wconf 89' lang='lat' dir='ltr'>praeternaturales‚</span> 
     </span>
     <span class='ocr_line' id='line_1_23' title="bbox 304 1001 1380 1054; baseline -0.01 -12"><span class='ocrx_word' id='word_1_158' title='bbox 304 1011 379 1054; x_wconf 89' lang='lat' dir='ltr'>quia</span> <span class='ocrx_word' id='word_1_159' title='bbox 412 1020 478 1041; x_wconf 90' lang='lat' dir='ltr'>non</span> <span class='ocrx_word' id='word_1_160' title='bbox 512 1007 743 1040; x_wconf 88' lang='lat' dir='ltr'>contrariantur</span> <span class='ocrx_word' id='word_1_161' title='bbox 773 1005 843 1036; x_wconf 88' lang='lat' dir='ltr'>fini:</span> <span class='ocrx_word' id='word_1_162' title='bbox 878 1011 909 1035; x_wconf 91' lang='lat' dir='ltr'>et</span> <span class='ocrx_word' id='word_1_163' title='bbox 941 1010 1109 1044; x_wconf 87' lang='lat' dir='ltr'>propterea</span> <span class='ocrx_word' id='word_1_164' title='bbox 1141 1009 1215 1033; x_wconf 92' lang='lat' dir='ltr'>sunt</span> <span class='ocrx_word' id='word_1_165' title='bbox 1245 1001 1380 1032; x_wconf 89' lang='lat' dir='ltr'>venialia</span> 
     </span>
     <span class='ocr_line' id='line_1_24' title="bbox 304 1047 1381 1095; baseline -0.011 -8"><span class='ocrx_word' id='word_1_166' title='bbox 304 1062 430 1088; x_wconf 89' lang='lat' dir='ltr'>tantum</span> <span class='ocrx_word' id='word_1_167' title='bbox 461 1060 608 1095; x_wconf 89' lang='lat' dir='ltr'>peccata,</span> <span class='ocrx_word' id='word_1_168' title='bbox 634 1052 660 1082; x_wconf 90' lang='lat' dir='ltr'>si</span> <span class='ocrx_word' id='word_1_169' title='bbox 683 1052 750 1082; x_wconf 92' lang='lat' dir='ltr'>sine</span> <span class='ocrx_word' id='word_1_170' title='bbox 781 1048 965 1080; x_wconf 81' lang='lat' dir='ltr'>necessitate</span> <span class='ocrx_word' id='word_1_171' title='bbox 988 1047 1075 1078; x_wconf 90' lang='lat' dir='ltr'>fiant.</span> <span class='ocrx_word' id='word_1_172' title='bbox 1099 1065 1120 1070; x_wconf 96' lang='lat'><em>-</em></span> <span class='ocrx_word' id='word_1_173' title='bbox 1143 1047 1210 1077; x_wconf 92' lang='lat' dir='ltr'>Nec</span> <span class='ocrx_word' id='word_1_174' title='bbox 1238 1051 1381 1076; x_wconf 89' lang='lat' dir='ltr'>mutatur</span> 
     </span>
     <span class='ocr_line' id='line_1_25' title="bbox 304 1090 1381 1137; baseline -0.012 -5"><span class='ocrx_word' id='word_1_175' title='bbox 304 1101 383 1132; x_wconf 88' lang='lat' dir='ltr'>ritus</span> <span class='ocrx_word' id='word_1_176' title='bbox 407 1097 612 1133; x_wconf 80' lang='lat' dir='ltr'>sacramenti,</span> <span class='ocrx_word' id='word_1_177' title='bbox 636 1096 691 1137; x_wconf 92' lang='lat' dir='ltr'>qui</span> <span class='ocrx_word' id='word_1_178' title='bbox 717 1094 824 1126; x_wconf 90' lang='lat' dir='ltr'>nullus</span> <span class='ocrx_word' id='word_1_179' title='bbox 849 1100 911 1124; x_wconf 87' lang='lat' dir='ltr'>est:</span> <span class='ocrx_word' id='word_1_180' title='bbox 940 1093 994 1123; x_wconf 91' lang='lat' dir='ltr'>sed</span> <span class='ocrx_word' id='word_1_181' title='bbox 1023 1091 1112 1122; x_wconf 85' lang='lat' dir='ltr'>modi</span> <span class='ocrx_word' id='word_1_182' title='bbox 1142 1097 1230 1122; x_wconf 91' lang='lat' dir='ltr'>actus</span> <span class='ocrx_word' id='word_1_183' title='bbox 1253 1090 1310 1131; x_wconf 90' lang='lat' dir='ltr'>qui</span> <span class='ocrx_word' id='word_1_184' title='bbox 1333 1096 1381 1120; x_wconf 91' lang='lat' dir='ltr'>est</span> 
     </span>
     <span class='ocr_line' id='line_1_26' title="bbox 306 1134 1380 1177; baseline -0.011 -1"><span class='ocrx_word' id='word_1_185' title='bbox 306 1145 449 1176; x_wconf 88' lang='lat' dir='ltr'>officium</span> <span class='ocrx_word' id='word_1_186' title='bbox 473 1150 614 1177; x_wconf 84' lang='lat' dir='ltr'>naturae,</span> <span class='ocrx_word' id='word_1_187' title='bbox 637 1140 808 1172; x_wconf 87' lang='lat' dir='ltr'>variantur.</span> <span class='ocrx_word' id='word_1_188' title='bbox 833 1138 926 1169; x_wconf 88' lang='lat' dir='ltr'>Ritus</span> <span class='ocrx_word' id='word_1_189' title='bbox 950 1136 1110 1177; x_wconf 88' lang='lat' dir='ltr'>siquidem</span> <span class='ocrx_word' id='word_1_190' title='bbox 1129 1134 1316 1166; x_wconf 84' lang='lat' dir='ltr'>sacramenti</span> <span class='ocrx_word' id='word_1_191' title='bbox 1341 1134 1380 1164; x_wconf 91' lang='lat' dir='ltr'>ab</span> 
     </span>
     <span class='ocr_line' id='line_1_27' title="bbox 305 1185 1379 1222; baseline -0.012 -1"><span class='ocrx_word' id='word_1_192' title='bbox 305 1189 446 1221; x_wconf 85' lang='lat' dir='ltr'>Ecclesia</span> <span class='ocrx_word' id='word_1_193' title='bbox 470 1186 684 1222; x_wconf 86' lang='lat' dir='ltr'>constituitur,</span> <span class='ocrx_word' id='word_1_194' title='bbox 702 1185 783 1215; x_wconf 90' lang='lat' dir='ltr'>sicut</span> <span class='ocrx_word' id='word_1_195' title='bbox 807 1190 837 1214; x_wconf 92' lang='lat' dir='ltr'>et</span> <span class='ocrx_word' id='word_1_196' title='bbox 853 1188 1103 1213; x_wconf 91' lang='lat' dir='ltr'>sacramentum:</span> <span class='ocrx_word' id='word_1_197' title='bbox 1130 1190 1195 1210; x_wconf 92' lang='lat' dir='ltr'>non</span> <span class='ocrx_word' id='word_1_198' title='bbox 1215 1190 1233 1210; x_wconf 89' lang='lat' dir='ltr'>a</span> <span class='ocrx_word' id='word_1_199' title='bbox 1257 1186 1379 1209; x_wconf 88' lang='lat' dir='ltr'>natura.</span> 
     </span>
    </p>

    <p class='ocr_par' dir='ltr' id='par_1_10' title="bbox 304 1223 1385 1718">
     <span class='ocr_line' id='line_1_28' title="bbox 362 1223 1379 1269; baseline -0.013 -4"><span class='ocrx_word' id='word_1_200' title='bbox 362 1234 467 1265; x_wconf 90' lang='lat' dir='ltr'>Immo</span> <span class='ocrx_word' id='word_1_201' title='bbox 501 1240 532 1263; x_wconf 91' lang='lat' dir='ltr'>et</span> <span class='ocrx_word' id='word_1_202' title='bbox 562 1231 659 1266; x_wconf 83' lang='lat' dir='ltr'>ratio,</span> <span class='ocrx_word' id='word_1_203' title='bbox 684 1236 714 1260; x_wconf 93' lang='lat' dir='ltr'>et</span> <span class='ocrx_word' id='word_1_204' title='bbox 742 1227 932 1269; x_wconf 81' lang='lat' dir='ltr'>experientia</span> <span class='ocrx_word' id='word_1_205' title='bbox 959 1226 993 1256; x_wconf 90' lang='lat' dir='ltr'>in</span> <span class='ocrx_word' id='word_1_206' title='bbox 1026 1224 1214 1265; x_wconf 89' lang='lat' dir='ltr'>oppositum</span> <span class='ocrx_word' id='word_1_207' title='bbox 1244 1223 1379 1254; x_wconf 88' lang='lat' dir='ltr'>videtur.</span> 
     </span>
     <span class='ocr_line' id='line_1_29' title="bbox 305 1268 1380 1319; baseline -0.012 -9"><span class='ocrx_word' id='word_1_208' title='bbox 305 1279 400 1310; x_wconf 86' lang='lat' dir='ltr'>Ratio</span> <span class='ocrx_word' id='word_1_209' title='bbox 417 1275 651 1319; x_wconf 52' lang='lat' dir='ltr'>quidemquia</span> <span class='ocrx_word' id='word_1_210' title='bbox 666 1283 775 1304; x_wconf 90' lang='lat' dir='ltr'>semen</span> <span class='ocrx_word' id='word_1_211' title='bbox 791 1282 858 1303; x_wconf 93' lang='lat' dir='ltr'>non</span> <span class='ocrx_word' id='word_1_212' title='bbox 872 1271 968 1302; x_wconf 85' lang='lat' dir='ltr'>intrat</span> <span class='ocrx_word' id='word_1_213' title='bbox 991 1269 1154 1300; x_wconf 85' lang='lat' dir='ltr'>matricem</span> <span class='ocrx_word' id='word_1_214' title='bbox 1172 1278 1228 1308; x_wconf 88' lang='lat' dir='ltr'>per</span> <span class='ocrx_word' id='word_1_215' title='bbox 1244 1268 1380 1299; x_wconf 86' lang='lat' dir='ltr'>modurn</span> 
     </span>
     <span class='ocr_line' id='line_1_30' title="bbox 304 1313 1383 1360; baseline -0.012 -5"><span class='ocrx_word' id='word_1_216' title='bbox 304 1318 476 1355; x_wconf 69' lang='lat' dir='ltr'>desee‘n‘sfis</span> <span class='ocrx_word' id='word_1_217' title='bbox 500 1328 555 1352; x_wconf 90' lang='lat' dir='ltr'>aut</span> <span class='ocrx_word' id='word_1_218' title='bbox 578 1317 794 1360; x_wconf 87' lang='lat' dir='ltr'>proiectionis,</span> <span class='ocrx_word' id='word_1_219' title='bbox 813 1316 868 1347; x_wconf 87' lang='lat' dir='ltr'>sed</span> <span class='ocrx_word' id='word_1_220' title='bbox 891 1313 1096 1346; x_wconf 82' lang='lat' dir='ltr'>attractionis.</span> <span class='ocrx_word' id='word_1_221' title='bbox 1120 1314 1162 1344; x_wconf 86' lang='lat' dir='ltr'>Et</span> <span class='ocrx_word' id='word_1_222' title='bbox 1187 1313 1259 1343; x_wconf 90' lang='lat' dir='ltr'>ideo</span> <span class='ocrx_word' id='word_1_223' title='bbox 1277 1317 1383 1354; x_wconf 88' lang='lat' dir='ltr'>potest</span> 
     </span>
     <span class='ocr_line' id='line_1_31' title="bbox 306 1357 1381 1402; baseline -0.013 -2"><span class='ocrx_word' id='word_1_224' title='bbox 306 1367 419 1400; x_wconf 82' lang='lat' dir='ltr'>attrahi</span> <span class='ocrx_word' id='word_1_225' title='bbox 443 1366 539 1397; x_wconf 90' lang='lat' dir='ltr'>etiam</span> <span class='ocrx_word' id='word_1_226' title='bbox 562 1363 696 1394; x_wconf 88' lang='lat' dir='ltr'>muliere</span> <span class='ocrx_word' id='word_1_227' title='bbox 728 1360 994 1402; x_wconf 85' lang='lat' dir='ltr'>supergrediente.</span> <span class='ocrx_word' id='word_1_228' title='bbox 1018 1377 1040 1382; x_wconf 97' lang='lat'><em>-</em></span> <span class='ocrx_word' id='word_1_229' title='bbox 1063 1357 1265 1399; x_wconf 86' lang='lat' dir='ltr'>Experientia</span> <span class='ocrx_word' id='word_1_230' title='bbox 1293 1367 1381 1392; x_wconf 84' lang='lat' dir='ltr'>vero,</span> 
     </span>
     <span class='ocr_line' id='line_1_32' title="bbox 306 1401 1382 1455; baseline -0.012 -11"><span class='ocrx_word' id='word_1_231' title='bbox 306 1411 463 1455; x_wconf 85' lang='lat' dir='ltr'>quoniam</span> <span class='ocrx_word' id='word_1_232' title='bbox 486 1421 503 1440; x_wconf 91' lang='lat' dir='ltr'>a</span> <span class='ocrx_word' id='word_1_233' title='bbox 527 1409 590 1440; x_wconf 90' lang='lat' dir='ltr'>fide</span> <span class='ocrx_word' id='word_1_234' title='bbox 613 1407 718 1447; x_wconf 79' lang='lat' dir='ltr'>digna,</span> <span class='ocrx_word' id='word_1_235' title='bbox 739 1407 848 1437; x_wconf 91' lang='lat' dir='ltr'>crebro</span> <span class='ocrx_word' id='word_1_236' title='bbox 868 1411 1038 1445; x_wconf 85' lang='lat' dir='ltr'>generante</span> <span class='ocrx_word' id='word_1_237' title='bbox 1061 1410 1092 1434; x_wconf 90' lang='lat' dir='ltr'>et</span> <span class='ocrx_word' id='word_1_238' title='bbox 1111 1402 1266 1434; x_wconf 84' lang='lat' dir='ltr'>continuo</span> <span class='ocrx_word' id='word_1_239' title='bbox 1290 1401 1382 1432; x_wconf 83' lang='lat' dir='ltr'>variis</span> 
     </span>
     <span class='ocr_line' id='line_1_33' title="bbox 307 1445 1383 1492; baseline -0.012 -4"><span class='ocrx_word' id='word_1_240' title='bbox 307 1456 413 1488; x_wconf 88' lang='lat' dir='ltr'>modis</span> <span class='ocrx_word' id='word_1_241' title='bbox 437 1466 455 1486; x_wconf 90' lang='lat' dir='ltr'>a</span> <span class='ocrx_word' id='word_1_242' title='bbox 477 1454 546 1484; x_wconf 91' lang='lat' dir='ltr'>viro</span> <span class='ocrx_word' id='word_1_243' title='bbox 579 1463 611 1483; x_wconf 89' lang='lat' dir='ltr'>se</span> <span class='ocrx_word' id='word_1_244' title='bbox 635 1450 787 1492; x_wconf 90' lang='lat' dir='ltr'>cognosci</span> <span class='ocrx_word' id='word_1_245' title='bbox 815 1450 968 1490; x_wconf 89' lang='lat' dir='ltr'>patiente,</span> <span class='ocrx_word' id='word_1_246' title='bbox 994 1448 1121 1489; x_wconf 88' lang='lat' dir='ltr'>percepi</span> <span class='ocrx_word' id='word_1_247' title='bbox 1150 1447 1239 1488; x_wconf 90' lang='lat' dir='ltr'>quod</span> <span class='ocrx_word' id='word_1_248' title='bbox 1270 1456 1307 1477; x_wconf 90' lang='lat' dir='ltr'>ex</span> <span class='ocrx_word' id='word_1_249' title='bbox 1334 1445 1383 1476; x_wconf 89' lang='lat' dir='ltr'>his</span> 
     </span>
     <span class='ocr_line' id='line_1_34' title="bbox 307 1490 1382 1538; baseline -0.011 -6"><span class='ocrx_word' id='word_1_250' title='bbox 307 1500 413 1533; x_wconf 90' lang='lat' dir='ltr'>modis</span> <span class='ocrx_word' id='word_1_251' title='bbox 436 1509 503 1530; x_wconf 90' lang='lat' dir='ltr'>non</span> <span class='ocrx_word' id='word_1_252' title='bbox 526 1496 760 1538; x_wconf 87' lang='lat' dir='ltr'>impediebatur</span> <span class='ocrx_word' id='word_1_253' title='bbox 783 1494 963 1534; x_wconf 87' lang='lat' dir='ltr'>concipere:</span> <span class='ocrx_word' id='word_1_254' title='bbox 988 1493 1244 1533; x_wconf 68' lang='lat' dir='ltr'>Eat-parientiam,</span> <span class='ocrx_word' id='word_1_255' title='bbox 1268 1490 1382 1532; x_wconf 91' lang='lat' dir='ltr'>inquit,</span> 
     </span>
     <span class='ocr_line' id='line_1_35' title="bbox 307 1535 1384 1582; baseline -0.013 -3"><span class='ocrx_word' id='word_1_256' title='bbox 307 1551 415 1579; x_wconf 78' lang='lat' dir='ltr'>testor.</span> <span class='ocrx_word' id='word_1_257' title='bbox 448 1543 534 1575; x_wconf 84' lang='lat' dir='ltr'>Dixit</span> <span class='ocrx_word' id='word_1_258' title='bbox 556 1549 664 1574; x_wconf 90' lang='lat' dir='ltr'>tamen</span> <span class='ocrx_word' id='word_1_259' title='bbox 693 1539 782 1582; x_wconf 92' lang='lat' dir='ltr'>quod</span> <span class='ocrx_word' id='word_1_260' title='bbox 814 1539 980 1570; x_wconf 88' lang='lat' dir='ltr'>videbatur</span> <span class='ocrx_word' id='word_1_261' title='bbox 1008 1537 1066 1568; x_wconf 90' lang='lat' dir='ltr'>sibi</span> <span class='ocrx_word' id='word_1_262' title='bbox 1096 1544 1172 1568; x_wconf 91' lang='lat' dir='ltr'>tunc</span> <span class='ocrx_word' id='word_1_263' title='bbox 1206 1535 1343 1567; x_wconf 85' lang='lat' dir='ltr'>maxime</span> <span class='ocrx_word' id='word_1_264' title='bbox 1367 1545 1384 1565; x_wconf 86' lang='lat' dir='ltr'>a</span> 
     </span>
     <span class='ocr_line' id='line_1_36' title="bbox 308 1581 1383 1630; baseline -0.011 -8"><span class='ocrx_word' id='word_1_265' title='bbox 308 1589 518 1630; x_wconf 86' lang='lat' dir='ltr'>conceptione</span> <span class='ocrx_word' id='word_1_266' title='bbox 549 1585 690 1627; x_wconf 86' lang='lat' dir='ltr'>elongari</span> <span class='ocrx_word' id='word_1_267' title='bbox 720 1585 851 1626; x_wconf 85' lang='lat' dir='ltr'>quando</span> <span class='ocrx_word' id='word_1_268' title='bbox 881 1582 1064 1624; x_wconf 83' lang='lat' dir='ltr'>supergredi</span> <span class='ocrx_word' id='word_1_269' title='bbox 1095 1592 1166 1612; x_wconf 89' lang='lat' dir='ltr'>eam</span> <span class='ocrx_word' id='word_1_270' title='bbox 1196 1581 1383 1621; x_wconf 86' lang='lat' dir='ltr'>oportebat:</span> 
     </span>
     <span class='ocr_line' id='line_1_37' title="bbox 307 1625 1385 1670; baseline -0.011 -3"><span class='ocrx_word' id='word_1_271' title='bbox 307 1641 516 1667; x_wconf 85' lang='lat' dir='ltr'>veruntamen</span> <span class='ocrx_word' id='word_1_272' title='bbox 533 1641 591 1663; x_wconf 89' lang='lat' dir='ltr'>nec</span> <span class='ocrx_word' id='word_1_273' title='bbox 615 1638 691 1662; x_wconf 91' lang='lat' dir='ltr'>tunc</span> <span class='ocrx_word' id='word_1_274' title='bbox 706 1629 865 1670; x_wconf 87' lang='lat' dir='ltr'>impediri,</span> <span class='ocrx_word' id='word_1_275' title='bbox 882 1629 938 1659; x_wconf 88' lang='lat' dir='ltr'>sed</span> <span class='ocrx_word' id='word_1_276' title='bbox 962 1627 1122 1668; x_wconf 85' lang='lat' dir='ltr'>suscipere</span> <span class='ocrx_word' id='word_1_277' title='bbox 1141 1636 1174 1657; x_wconf 93' lang='lat' dir='ltr'>se</span> <span class='ocrx_word' id='word_1_278' title='bbox 1190 1635 1298 1656; x_wconf 91' lang='lat' dir='ltr'>semen</span> <span class='ocrx_word' id='word_1_279' title='bbox 1323 1625 1385 1656; x_wconf 88' lang='lat' dir='ltr'>aie-</span> 
     </span>
     <span class='ocr_line' id='line_1_38' title="bbox 308 1676 640 1718; baseline -0.021 -5"><span class='ocrx_word' id='word_1_280' title='bbox 308 1681 363 1712; x_wconf 73' lang='lat' dir='ltr'>bat</span> <span class='ocrx_word' id='word_1_281' title='bbox 385 1689 451 1710; x_wconf 91' lang='lat' dir='ltr'>non</span> <span class='ocrx_word' id='word_1_282' title='bbox 474 1676 640 1718; x_wconf 88' lang='lat' dir='ltr'>impedita.</span> 
     </span>
    </p>

    <p class='ocr_par' dir='ltr' id='par_1_11' title="bbox 308 1715 1385 1936">
     <span class='ocr_line' id='line_1_39' title="bbox 364 1715 1385 1760; baseline -0.009 -5"><span class='ocrx_word' id='word_1_283' title='bbox 364 1725 476 1755; x_wconf 89' lang='lat' dir='ltr'>Posset</span> <span class='ocrx_word' id='word_1_284' title='bbox 497 1730 605 1754; x_wconf 89' lang='lat' dir='ltr'>tamen</span> <span class='ocrx_word' id='word_1_285' title='bbox 629 1719 690 1751; x_wconf 92' lang='lat' dir='ltr'>dici</span> <span class='ocrx_word' id='word_1_286' title='bbox 714 1719 803 1760; x_wconf 90' lang='lat' dir='ltr'>quod</span> <span class='ocrx_word' id='word_1_287' title='bbox 827 1717 962 1749; x_wconf 87' lang='lat' dir='ltr'>intentio</span> <span class='ocrx_word' id='word_1_288' title='bbox 985 1716 1135 1748; x_wconf 88' lang='lat' dir='ltr'>Auctoris</span> <span class='ocrx_word' id='word_1_289' title='bbox 1158 1716 1210 1747; x_wconf 88' lang='lat' dir='ltr'>hic</span> <span class='ocrx_word' id='word_1_290' title='bbox 1226 1723 1272 1747; x_wconf 90' lang='lat' dir='ltr'>est</span> <span class='ocrx_word' id='word_1_291' title='bbox 1295 1715 1385 1756; x_wconf 91' lang='lat' dir='ltr'>quod</span> 
     </span>
     <span class='ocr_line' id='line_1_40' title="bbox 309 1760 1385 1811; baseline -0.01 -10"><span class='ocrx_word' id='word_1_292' title='bbox 309 1775 476 1811; x_wconf 88' lang='lat' dir='ltr'>peccatum</span> <span class='ocrx_word' id='word_1_293' title='bbox 493 1764 655 1806; x_wconf 87' lang='lat' dir='ltr'>coniugati</span> <span class='ocrx_word' id='word_1_294' title='bbox 678 1774 744 1795; x_wconf 92' lang='lat' dir='ltr'>non</span> <span class='ocrx_word' id='word_1_295' title='bbox 761 1762 926 1794; x_wconf 83' lang='lat' dir='ltr'>constituit</span> <span class='ocrx_word' id='word_1_296' title='bbox 941 1762 1080 1803; x_wconf 89' lang='lat' dir='ltr'>speciem</span> <span class='ocrx_word' id='word_1_297' title='bbox 1103 1760 1246 1792; x_wconf 88' lang='lat' dir='ltr'>luxuriae</span> <span class='ocrx_word' id='word_1_298' title='bbox 1265 1771 1303 1791; x_wconf 88' lang='lat' dir='ltr'>ex</span> <span class='ocrx_word' id='word_1_299' title='bbox 1319 1770 1385 1791; x_wconf 90' lang='lat' dir='ltr'>ma-</span> 
     </span>
     <span class='ocr_line' id='line_1_41' title="bbox 308 1806 1385 1850; baseline -0.01 -4"><span class='ocrx_word' id='word_1_300' title='bbox 308 1813 395 1850; x_wconf 82' lang='lat' dir='ltr'>teria,</span> <span class='ocrx_word' id='word_1_301' title='bbox 412 1811 520 1843; x_wconf 88' lang='lat' dir='ltr'>reduci</span> <span class='ocrx_word' id='word_1_302' title='bbox 542 1818 649 1842; x_wconf 92' lang='lat' dir='ltr'>tamen</span> <span class='ocrx_word' id='word_1_303' title='bbox 670 1815 776 1850; x_wconf 90' lang='lat' dir='ltr'>potest</span> <span class='ocrx_word' id='word_1_304' title='bbox 798 1808 838 1838; x_wconf 93' lang='lat' dir='ltr'>ad</span> <span class='ocrx_word' id='word_1_305' title='bbox 855 1817 907 1838; x_wconf 85' lang='lat' dir='ltr'>sex</span> <span class='ocrx_word' id='word_1_306' title='bbox 923 1807 1031 1837; x_wconf 89' lang='lat' dir='ltr'>dictas.</span> <span class='ocrx_word' id='word_1_307' title='bbox 1057 1807 1098 1837; x_wconf 94' lang='lat' dir='ltr'>Et</span> <span class='ocrx_word' id='word_1_308' title='bbox 1114 1806 1203 1847; x_wconf 93' lang='lat' dir='ltr'>quod</span> <span class='ocrx_word' id='word_1_309' title='bbox 1220 1812 1385 1845; x_wconf 87' lang='lat' dir='ltr'>peccatum</span> 
     </span>
     <span class='ocr_line' id='line_1_42' title="bbox 309 1851 1383 1891; baseline -0.01 -1"><span class='ocrx_word' id='word_1_310' title='bbox 309 1858 488 1891; x_wconf 86' lang='lat' dir='ltr'>secundum</span> <span class='ocrx_word' id='word_1_311' title='bbox 507 1856 645 1887; x_wconf 89' lang='lat' dir='ltr'>modum</span> <span class='ocrx_word' id='word_1_312' title='bbox 661 1853 875 1884; x_wconf 85' lang='lat' dir='ltr'>innaturalem</span> <span class='ocrx_word' id='word_1_313' title='bbox 891 1851 1051 1882; x_wconf 92' lang='lat' dir='ltr'>reducitur</span> <span class='ocrx_word' id='word_1_314' title='bbox 1067 1851 1106 1881; x_wconf 88' lang='lat' dir='ltr'>ad</span> <span class='ocrx_word' id='word_1_315' title='bbox 1123 1858 1289 1891; x_wconf 90' lang='lat' dir='ltr'>peccatum</span> <span class='ocrx_word' id='word_1_316' title='bbox 1307 1860 1383 1880; x_wconf 94' lang='lat' dir='ltr'>con-</span> 
     </span>
     <span class='ocr_line' id='line_1_43' title="bbox 308 1894 1383 1936; baseline -0.01 -1"><span class='ocrx_word' id='word_1_317' title='bbox 308 1910 356 1935; x_wconf 76' lang='lat' dir='ltr'>tra</span> <span class='ocrx_word' id='word_1_318' title='bbox 380 1909 540 1933; x_wconf 85' lang='lat' dir='ltr'>naturam:</span> <span class='ocrx_word' id='word_1_319' title='bbox 565 1900 653 1930; x_wconf 87' lang='lat' dir='ltr'>iuxta</span> <span class='ocrx_word' id='word_1_320' title='bbox 669 1898 782 1929; x_wconf 91' lang='lat' dir='ltr'>ultima</span> <span class='ocrx_word' id='word_1_321' title='bbox 805 1897 900 1927; x_wconf 90' lang='lat' dir='ltr'>verba</span> <span class='ocrx_word' id='word_1_322' title='bbox 923 1903 980 1927; x_wconf 90' lang='lat' dir='ltr'>art.</span> <span class='ocrx_word' id='word_1_323' title='bbox 1012 1905 1047 1926; x_wconf 83' lang='lat'>12</span> <span class='ocrx_word' id='word_1_324' title='bbox 1072 1895 1163 1926; x_wconf 90' lang='lat' dir='ltr'>istius</span> <span class='ocrx_word' id='word_1_325' title='bbox 1178 1894 1383 1936; x_wconf 90' lang='lat' dir='ltr'>quaestionis.</span> 
     </span>
    </p>

    <p class='ocr_par' dir='ltr' id='par_1_12' title="bbox 311 1939 1384 2023">
     <span class='ocr_line' id='line_1_44' title="bbox 365 1939 1384 1982; baseline -0.009 -4"><span class='ocrx_word' id='word_1_326' title='bbox 365 1947 450 1978; x_wconf 87' lang='lat' dir='ltr'>XIV.</span> <span class='ocrx_word' id='word_1_327' title='bbox 475 1946 527 1976; x_wconf 80' lang='lat' dir='ltr'>Ad</span> <span class='ocrx_word' id='word_1_328' title='bbox 548 1945 678 1976; x_wconf 85' lang='lat' dir='ltr'>tertium</span> <span class='ocrx_word' id='word_1_329' title='bbox 712 1942 826 1973; x_wconf 92' lang='lat' dir='ltr'>dicitur</span> <span class='ocrx_word' id='word_1_330' title='bbox 848 1941 939 1982; x_wconf 92' lang='lat' dir='ltr'>quod</span> <span class='ocrx_word' id='word_1_331' title='bbox 962 1947 1050 1971; x_wconf 90' lang='lat' dir='ltr'>actus</span> <span class='ocrx_word' id='word_1_332' title='bbox 1084 1939 1280 1970; x_wconf 88' lang='lat' dir='ltr'>matrimonii</span> <span class='ocrx_word' id='word_1_333' title='bbox 1311 1949 1384 1970; x_wconf 91' lang='lat' dir='ltr'>cau-</span> 
     </span>
     <span class='ocr_line' id='line_1_45' title="bbox 311 1985 992 2023; baseline -0.012 0"><span class='ocrx_word' id='word_1_334' title='bbox 311 2002 384 2023; x_wconf 90' lang='lat' dir='ltr'>sans</span> <span class='ocrx_word' id='word_1_335' title='bbox 407 1991 557 2022; x_wconf 81' lang='lat' dir='ltr'>abortum</span> <span class='ocrx_word' id='word_1_336' title='bbox 579 1987 690 2020; x_wconf 90' lang='lat' dir='ltr'>transit</span> <span class='ocrx_word' id='word_1_337' title='bbox 712 1987 746 2017; x_wconf 90' lang='lat' dir='ltr'>in</span> <span class='ocrx_word' id='word_1_338' title='bbox 769 1985 992 2017; x_wconf 89' lang='lat' dir='ltr'>homicidium.</span> 
     </span>
    </p>

    <p class='ocr_par' dir='ltr' id='par_1_13' title="bbox 312 2028 1389 2653">
     <span class='ocr_line' id='line_1_46' title="bbox 369 2028 1384 2073; baseline -0.008 -7"><span class='ocrx_word' id='word_1_339' title='bbox 369 2035 512 2067; x_wconf 88' lang='lat' dir='ltr'>Causans</span> <span class='ocrx_word' id='word_1_340' title='bbox 527 2043 603 2064; x_wconf 89' lang='lat' dir='ltr'>vero</span> <span class='ocrx_word' id='word_1_341' title='bbox 620 2032 745 2073; x_wconf 88' lang='lat' dir='ltr'>prolem</span> <span class='ocrx_word' id='word_1_342' title='bbox 761 2031 911 2062; x_wconf 88' lang='lat' dir='ltr'>infectam</span> <span class='ocrx_word' id='word_1_343' title='bbox 927 2036 982 2061; x_wconf 84' lang='lat' dir='ltr'>aut</span> <span class='ocrx_word' id='word_1_344' title='bbox 998 2036 1249 2065; x_wconf 88' lang='lat' dir='ltr'>monstruosam,</span> <span class='ocrx_word' id='word_1_345' title='bbox 1267 2028 1292 2059; x_wconf 91' lang='lat' dir='ltr'>si</span> <span class='ocrx_word' id='word_1_346' title='bbox 1312 2038 1384 2069; x_wconf 90' lang='lat' dir='ltr'>pec-</span> 
     </span>
     <span class='ocr_line' id='line_1_47' title="bbox 312 2074 1385 2115; baseline -0.008 -3"><span class='ocrx_word' id='word_1_347' title='bbox 312 2088 420 2112; x_wconf 85' lang='lat' dir='ltr'>catum</span> <span class='ocrx_word' id='word_1_348' title='bbox 444 2086 500 2115; x_wconf 92' lang='lat' dir='ltr'>est,</span> <span class='ocrx_word' id='word_1_349' title='bbox 516 2078 550 2109; x_wconf 91' lang='lat' dir='ltr'>in</span> <span class='ocrx_word' id='word_1_350' title='bbox 566 2076 754 2108; x_wconf 87' lang='lat' dir='ltr'>iniustitiam</span> <span class='ocrx_word' id='word_1_351' title='bbox 777 2076 898 2113; x_wconf 91' lang='lat' dir='ltr'>transit,</span> <span class='ocrx_word' id='word_1_352' title='bbox 916 2085 972 2105; x_wconf 92' lang='lat' dir='ltr'>seu</span> <span class='ocrx_word' id='word_1_353' title='bbox 995 2074 1205 2114; x_wconf 86' lang='lat' dir='ltr'>impietatem,</span> <span class='ocrx_word' id='word_1_354' title='bbox 1226 2083 1289 2114; x_wconf 90' lang='lat' dir='ltr'>qua</span> <span class='ocrx_word' id='word_1_355' title='bbox 1314 2083 1385 2103; x_wconf 90' lang='lat' dir='ltr'>san-</span> 
     </span>
     <span class='ocr_line' id='line_1_48' title="bbox 312 2119 1385 2166; baseline -0.007 -10"><span class='ocrx_word' id='word_1_356' title='bbox 312 2125 408 2166; x_wconf 86' lang='lat' dir='ltr'>guine</span> <span class='ocrx_word' id='word_1_357' title='bbox 424 2123 541 2155; x_wconf 91' lang='lat' dir='ltr'>iunctis</span> <span class='ocrx_word' id='word_1_358' title='bbox 564 2122 709 2153; x_wconf 91' lang='lat' dir='ltr'>debitum</span> <span class='ocrx_word' id='word_1_359' title='bbox 726 2120 923 2151; x_wconf 87' lang='lat' dir='ltr'>exhibemus.</span> <span class='ocrx_word' id='word_1_360' title='bbox 948 2119 1019 2150; x_wconf 84' lang='lat' dir='ltr'>Dixi</span> <span class='ocrx_word' id='word_1_361' title='bbox 1044 2125 1162 2155; x_wconf 88' lang='lat' dir='ltr'>autem,</span> <span class='ocrx_word' id='word_1_362' title='bbox 1178 2119 1207 2149; x_wconf 82' lang='lat' dir='ltr'>si</span> <span class='ocrx_word' id='word_1_363' title='bbox 1216 2123 1385 2159; x_wconf 84' lang='lat' dir='ltr'>peccatum</span> 
     </span>
     <span class='ocr_line' id='line_1_49' title="bbox 312 2163 1386 2210; baseline -0.01 -8"><span class='ocrx_word' id='word_1_364' title='bbox 312 2175 381 2202; x_wconf 84' lang='lat' dir='ltr'>est:</span> <span class='ocrx_word' id='word_1_365' title='bbox 403 2169 480 2210; x_wconf 87' lang='lat' dir='ltr'>quia</span> <span class='ocrx_word' id='word_1_366' title='bbox 495 2168 528 2198; x_wconf 87' lang='lat' dir='ltr'>in</span> <span class='ocrx_word' id='word_1_367' title='bbox 543 2166 677 2207; x_wconf 85' lang='lat' dir='ltr'>leprosis</span> <span class='ocrx_word' id='word_1_368' title='bbox 694 2175 760 2196; x_wconf 91' lang='lat' dir='ltr'>non</span> <span class='ocrx_word' id='word_1_369' title='bbox 777 2172 823 2196; x_wconf 88' lang='lat' dir='ltr'>est</span> <span class='ocrx_word' id='word_1_370' title='bbox 846 2171 1023 2205; x_wconf 89' lang='lat' dir='ltr'>peccatum,</span> <span class='ocrx_word' id='word_1_371' title='bbox 1040 2170 1071 2194; x_wconf 90' lang='lat' dir='ltr'>et</span> <span class='ocrx_word' id='word_1_372' title='bbox 1086 2163 1230 2194; x_wconf 89' lang='lat' dir='ltr'>similiter</span> <span class='ocrx_word' id='word_1_373' title='bbox 1248 2163 1280 2192; x_wconf 91' lang='lat' dir='ltr'>in</span> <span class='ocrx_word' id='word_1_374' title='bbox 1298 2172 1386 2192; x_wconf 90' lang='lat' dir='ltr'>men-</span> 
     </span>
     <span class='ocr_line' id='line_1_50' title="bbox 313 2207 1388 2246; baseline -0.008 0"><span class='ocrx_word' id='word_1_375' title='bbox 313 2214 408 2246; x_wconf 89' lang='lat' dir='ltr'>struis</span> <span class='ocrx_word' id='word_1_376' title='bbox 423 2212 666 2244; x_wconf 87' lang='lat' dir='ltr'>innaturalibus.</span> <span class='ocrx_word' id='word_1_377' title='bbox 685 2228 706 2234; x_wconf 84' lang='lat'>-</span> <span class='ocrx_word' id='word_1_378' title='bbox 722 2211 756 2240; x_wconf 93' lang='lat' dir='ltr'>In</span> <span class='ocrx_word' id='word_1_379' title='bbox 774 2209 944 2240; x_wconf 88' lang='lat' dir='ltr'>menstruis</span> <span class='ocrx_word' id='word_1_380' title='bbox 960 2215 1068 2239; x_wconf 91' lang='lat' dir='ltr'>autem</span> <span class='ocrx_word' id='word_1_381' title='bbox 1087 2207 1295 2243; x_wconf 84' lang='lat' dir='ltr'>naturalibus,</span> <span class='ocrx_word' id='word_1_382' title='bbox 1315 2207 1388 2237; x_wconf 91' lang='lat' dir='ltr'>licet</span> 
     </span>
     <span class='ocr_line' id='line_1_51' title="bbox 313 2252 1387 2298; baseline -0.008 -8"><span class='ocrx_word' id='word_1_383' title='bbox 313 2259 446 2290; x_wconf 90' lang='lat' dir='ltr'>scienter</span> <span class='ocrx_word' id='word_1_384' title='bbox 476 2264 581 2298; x_wconf 89' lang='lat' dir='ltr'>petere</span> <span class='ocrx_word' id='word_1_385' title='bbox 611 2262 778 2297; x_wconf 88' lang='lat' dir='ltr'>peccatum</span> <span class='ocrx_word' id='word_1_386' title='bbox 802 2254 842 2284; x_wconf 94' lang='lat' dir='ltr'>sit</span> <span class='ocrx_word' id='word_1_387' title='bbox 865 2260 996 2294; x_wconf 88' lang='lat' dir='ltr'>propter</span> <span class='ocrx_word' id='word_1_388' title='bbox 1027 2252 1307 2292; x_wconf 90' lang='lat' dir='ltr'>indispositionem</span> <span class='ocrx_word' id='word_1_389' title='bbox 1333 2262 1387 2282; x_wconf 91' lang='lat' dir='ltr'>na-</span> 
     </span>
     <span class='ocr_line' id='line_1_52' title="bbox 313 2297 1388 2344; baseline -0.008 -9"><span class='ocrx_word' id='word_1_390' title='bbox 313 2310 402 2335; x_wconf 88' lang='lat' dir='ltr'>turae</span> <span class='ocrx_word' id='word_1_391' title='bbox 425 2312 484 2344; x_wconf 87' lang='lat' dir='ltr'>pro</span> <span class='ocrx_word' id='word_1_392' title='bbox 507 2307 584 2332; x_wconf 93' lang='lat' dir='ltr'>tunc</span> <span class='ocrx_word' id='word_1_393' title='bbox 608 2301 647 2331; x_wconf 91' lang='lat' dir='ltr'>ad</span> <span class='ocrx_word' id='word_1_394' title='bbox 669 2298 858 2330; x_wconf 90' lang='lat' dir='ltr'>huiusmodi</span> <span class='ocrx_word' id='word_1_395' title='bbox 882 2306 1003 2334; x_wconf 89' lang='lat' dir='ltr'>actum,</span> <span class='ocrx_word' id='word_1_396' title='bbox 1028 2297 1163 2328; x_wconf 87' lang='lat' dir='ltr'>mortale</span> <span class='ocrx_word' id='word_1_397' title='bbox 1186 2304 1293 2328; x_wconf 88' lang='lat' dir='ltr'>tamen</span> <span class='ocrx_word' id='word_1_398' title='bbox 1316 2306 1388 2336; x_wconf 92' lang='lat' dir='ltr'>pec-</span> 
     </span>
     <span class='ocr_line' id='line_1_53' title="bbox 314 2341 1387 2380; baseline -0.007 -1"><span class='ocrx_word' id='word_1_399' title='bbox 314 2355 421 2380; x_wconf 88' lang='lat' dir='ltr'>catum</span> <span class='ocrx_word' id='word_1_400' title='bbox 444 2356 511 2377; x_wconf 91' lang='lat' dir='ltr'>non</span> <span class='ocrx_word' id='word_1_401' title='bbox 534 2355 602 2376; x_wconf 89' lang='lat' dir='ltr'>esse</span> <span class='ocrx_word' id='word_1_402' title='bbox 625 2344 698 2375; x_wconf 90' lang='lat' dir='ltr'>satis</span> <span class='ocrx_word' id='word_1_403' title='bbox 729 2350 852 2374; x_wconf 90' lang='lat' dir='ltr'>constat</span> <span class='ocrx_word' id='word_1_404' title='bbox 875 2353 912 2374; x_wconf 88' lang='lat' dir='ltr'>ex</span> <span class='ocrx_word' id='word_1_405' title='bbox 934 2342 1057 2374; x_wconf 87' lang='lat' dir='ltr'>ratione</span> <span class='ocrx_word' id='word_1_406' title='bbox 1085 2341 1168 2372; x_wconf 90' lang='lat' dir='ltr'>Petri</span> <span class='ocrx_word' id='word_1_407' title='bbox 1196 2342 1234 2372; x_wconf 90' lang='lat' dir='ltr'>de</span> <span class='ocrx_word' id='word_1_408' title='bbox 1257 2341 1387 2378; x_wconf 85' lang='lat' dir='ltr'>Palude,</span> 
     </span>
     <span class='ocr_line' id='line_1_54' title="bbox 313 2387 1387 2426; baseline -0.007 -2"><span class='ocrx_word' id='word_1_409' title='bbox 313 2393 346 2424; x_wconf 88' lang='lat' dir='ltr'>in</span> <span class='ocrx_word' id='word_1_410' title='bbox 361 2401 445 2422; x_wconf 84' lang='lat' dir='ltr'>xxxn</span> <span class='ocrx_word' id='word_1_411' title='bbox 461 2391 533 2421; x_wconf 89' lang='lat' dir='ltr'>dist.</span> <span class='ocrx_word' id='word_1_412' title='bbox 548 2390 566 2409; x_wconf 87' lang='grc'>*</span> <span class='ocrx_word' id='word_1_413' title='bbox 590 2389 632 2421; x_wconf 91' lang='lat' dir='ltr'>IV</span> <span class='ocrx_word' id='word_1_414' title='bbox 649 2389 736 2420; x_wconf 84' lang='lat' dir='ltr'>Sent.</span> <span class='ocrx_word' id='word_1_415' title='bbox 769 2388 854 2426; x_wconf 84' lang='lat' dir='ltr'>Quia</span> <span class='ocrx_word' id='word_1_416' title='bbox 878 2387 997 2419; x_wconf 88' lang='lat' dir='ltr'>scilicet</span> <span class='ocrx_word' id='word_1_417' title='bbox 1019 2387 1167 2418; x_wconf 87' lang='lat' dir='ltr'>accedere</span> <span class='ocrx_word' id='word_1_418' title='bbox 1190 2387 1229 2417; x_wconf 86' lang='lat' dir='ltr'>ad</span> <span class='ocrx_word' id='word_1_419' title='bbox 1255 2396 1387 2417; x_wconf 89' lang='lat' dir='ltr'>uxorem</span> 
     </span>
     <span class='ocr_line' id='line_1_55' title="bbox 313 2431 1389 2478; baseline -0.007 -11"><span class='ocrx_word' id='word_1_420' title='bbox 313 2436 493 2478; x_wconf 78' lang='lat' dir='ltr'>genituram</span> <span class='ocrx_word' id='word_1_421' title='bbox 516 2434 641 2475; x_wconf 87' lang='lat' dir='ltr'>prolem</span> <span class='ocrx_word' id='word_1_422' title='bbox 664 2433 825 2470; x_wconf 86' lang='lat' dir='ltr'>infectam,</span> <span class='ocrx_word' id='word_1_423' title='bbox 842 2442 908 2463; x_wconf 90' lang='lat' dir='ltr'>non</span> <span class='ocrx_word' id='word_1_424' title='bbox 925 2439 971 2463; x_wconf 89' lang='lat' dir='ltr'>est</span> <span class='ocrx_word' id='word_1_425' title='bbox 994 2442 1031 2463; x_wconf 88' lang='lat' dir='ltr'>ex</span> <span class='ocrx_word' id='word_1_426' title='bbox 1051 2442 1111 2462; x_wconf 91' lang='lat' dir='ltr'>suo</span> <span class='ocrx_word' id='word_1_427' title='bbox 1127 2441 1241 2472; x_wconf 88' lang='lat' dir='ltr'>genere</span> <span class='ocrx_word' id='word_1_428' title='bbox 1265 2431 1389 2461; x_wconf 89' lang='lat' dir='ltr'>malum</span> 
     </span>
     <span class='ocr_line' id='line_1_56' title="bbox 313 2477 1389 2520; baseline -0.006 -8"><span class='ocrx_word' id='word_1_429' title='bbox 313 2481 428 2512; x_wconf 90' lang='lat' dir='ltr'>moris:</span> <span class='ocrx_word' id='word_1_430' title='bbox 453 2479 615 2520; x_wconf 89' lang='lat' dir='ltr'>alioquin,</span> <span class='ocrx_word' id='word_1_431' title='bbox 639 2488 806 2519; x_wconf 87' lang='lat' dir='ltr'>nunquam</span> <span class='ocrx_word' id='word_1_432' title='bbox 831 2484 912 2508; x_wconf 88' lang='lat' dir='ltr'>esset</span> <span class='ocrx_word' id='word_1_433' title='bbox 933 2477 1073 2513; x_wconf 89' lang='lat' dir='ltr'>licitum;</span> <span class='ocrx_word' id='word_1_434' title='bbox 1097 2477 1187 2517; x_wconf 91' lang='lat' dir='ltr'>quod</span> <span class='ocrx_word' id='word_1_435' title='bbox 1211 2483 1298 2516; x_wconf 88' lang='lat' dir='ltr'>patet</span> <span class='ocrx_word' id='word_1_436' title='bbox 1321 2486 1389 2507; x_wconf 89' lang='lat' dir='ltr'>esse</span> 
     </span>
     <span class='ocr_line' id='line_1_57' title="bbox 314 2521 1389 2564; baseline -0.005 -8"><span class='ocrx_word' id='word_1_437' title='bbox 314 2526 432 2557; x_wconf 84' lang='lat' dir='ltr'>falsum</span> <span class='ocrx_word' id='word_1_438' title='bbox 447 2525 481 2555; x_wconf 92' lang='lat' dir='ltr'>in</span> <span class='ocrx_word' id='word_1_439' title='bbox 496 2523 630 2564; x_wconf 90' lang='lat' dir='ltr'>leprosis</span> <span class='ocrx_word' id='word_1_440' title='bbox 645 2523 672 2554; x_wconf 90' lang='lat'>*.</span> <span class='ocrx_word' id='word_1_441' title='bbox 698 2523 794 2553; x_wconf 87' lang='lat' dir='ltr'>Nulla</span> <span class='ocrx_word' id='word_1_442' title='bbox 817 2529 926 2553; x_wconf 90' lang='lat' dir='ltr'>autem</span> <span class='ocrx_word' id='word_1_443' title='bbox 941 2532 978 2553; x_wconf 90' lang='lat' dir='ltr'>ex</span> <span class='ocrx_word' id='word_1_444' title='bbox 997 2521 1168 2552; x_wconf 89' lang='lat' dir='ltr'>menstruis</span> <span class='ocrx_word' id='word_1_445' title='bbox 1192 2521 1389 2552; x_wconf 86' lang='lat' dir='ltr'>naturalibus</span> 
     </span>
     <span class='ocr_line' id='line_1_58' title="bbox 315 2565 1388 2607; baseline -0.006 -6"><span class='ocrx_word' id='word_1_446' title='bbox 315 2568 551 2602; x_wconf 88' lang='lat' dir='ltr'>circumstantia</span> <span class='ocrx_word' id='word_1_447' title='bbox 582 2575 638 2598; x_wconf 87' lang='lat' dir='ltr'>aut</span> <span class='ocrx_word' id='word_1_448' title='bbox 669 2566 811 2598; x_wconf 91' lang='lat' dir='ltr'>conditio</span> <span class='ocrx_word' id='word_1_449' title='bbox 845 2566 1029 2607; x_wconf 88' lang='lat' dir='ltr'>adiungitur</span> <span class='ocrx_word' id='word_1_450' title='bbox 1061 2576 1234 2607; x_wconf 87' lang='lat' dir='ltr'>aggravans</span> <span class='ocrx_word' id='word_1_451' title='bbox 1262 2566 1295 2596; x_wconf 94' lang='lat' dir='ltr'>in</span> <span class='ocrx_word' id='word_1_452' title='bbox 1317 2565 1388 2596; x_wconf 90' lang='lat' dir='ltr'>infi-</span> 
     </span>
     <span class='ocr_line' id='line_1_59' title="bbox 315 2613 633 2653; baseline -0.009 -7"><span class='ocrx_word' id='word_1_453' title='bbox 315 2615 428 2646; x_wconf 90' lang='lat' dir='ltr'>nitum.</span> <span class='ocrx_word' id='word_1_454' title='bbox 455 2613 550 2653; x_wconf 84' lang='lat' dir='ltr'>Ergo,</span> <span class='ocrx_word' id='word_1_455' title='bbox 575 2619 633 2643; x_wconf 93' lang='lat' dir='ltr'>etc.</span> 
     </span>
    </p>

    <p class='ocr_par' dir='ltr' id='par_1_14' title="bbox 314 2655 1393 3190">
     <span class='ocr_line' id='line_1_60' title="bbox 371 2655 1389 2690; baseline -0.003 -1"><span class='ocrx_word' id='word_1_456' title='bbox 371 2658 521 2690; x_wconf 91' lang='lat' dir='ltr'>Similiter</span> <span class='ocrx_word' id='word_1_457' title='bbox 537 2663 625 2688; x_wconf 89' lang='lat' dir='ltr'>actus</span> <span class='ocrx_word' id='word_1_458' title='bbox 649 2655 845 2686; x_wconf 89' lang='lat' dir='ltr'>matrimonii</span> <span class='ocrx_word' id='word_1_459' title='bbox 865 2666 997 2686; x_wconf 88' lang='lat' dir='ltr'>causans</span> <span class='ocrx_word' id='word_1_460' title='bbox 1017 2656 1158 2687; x_wconf 89' lang='lat' dir='ltr'>notabile</span> <span class='ocrx_word' id='word_1_461' title='bbox 1181 2657 1337 2686; x_wconf 89' lang='lat' dir='ltr'>damnum</span> <span class='ocrx_word' id='word_1_462' title='bbox 1356 2655 1389 2686; x_wconf 91' lang='lat' dir='ltr'>in</span> 
     </span>
     <span class='ocr_line' id='line_1_61' title="bbox 314 2700 1390 2746; baseline -0.003 -12"><span class='ocrx_word' id='word_1_463' title='bbox 314 2703 444 2746; x_wconf 87' lang='lat' dir='ltr'>propria</span> <span class='ocrx_word' id='word_1_464' title='bbox 467 2712 620 2743; x_wconf 91' lang='lat' dir='ltr'>persona,</span> <span class='ocrx_word' id='word_1_465' title='bbox 643 2701 676 2731; x_wconf 91' lang='lat' dir='ltr'>in</span> <span class='ocrx_word' id='word_1_466' title='bbox 701 2700 766 2731; x_wconf 87' lang='lat' dir='ltr'>odii</span> <span class='ocrx_word' id='word_1_467' title='bbox 794 2700 914 2741; x_wconf 90' lang='lat' dir='ltr'>proprii</span> <span class='ocrx_word' id='word_1_468' title='bbox 940 2701 1079 2740; x_wconf 88' lang='lat' dir='ltr'>speciem</span> <span class='ocrx_word' id='word_1_469' title='bbox 1111 2701 1234 2737; x_wconf 87' lang='lat' dir='ltr'>transit,</span> <span class='ocrx_word' id='word_1_470' title='bbox 1259 2701 1390 2741; x_wconf 90' lang='lat' dir='ltr'>quando</span> 
     </span>
     <span class='ocr_line' id='line_1_62' title="bbox 315 2745 1390 2790; baseline -0.003 -11"><span class='ocrx_word' id='word_1_471' title='bbox 315 2755 483 2790; x_wconf 86' lang='lat' dir='ltr'>peccatum</span> <span class='ocrx_word' id='word_1_472' title='bbox 508 2754 563 2778; x_wconf 87' lang='lat' dir='ltr'>est.</span> <span class='ocrx_word' id='word_1_473' title='bbox 589 2746 686 2784; x_wconf 93' lang='lat' dir='ltr'>Quod</span> <span class='ocrx_word' id='word_1_474' title='bbox 710 2745 784 2775; x_wconf 92' lang='lat' dir='ltr'>ideo</span> <span class='ocrx_word' id='word_1_475' title='bbox 801 2745 883 2781; x_wconf 93' lang='lat' dir='ltr'>dico,</span> <span class='ocrx_word' id='word_1_476' title='bbox 901 2745 977 2785; x_wconf 90' lang='lat' dir='ltr'>quia</span> <span class='ocrx_word' id='word_1_477' title='bbox 993 2745 1018 2775; x_wconf 91' lang='lat' dir='ltr'>si</span> <span class='ocrx_word' id='word_1_478' title='bbox 1035 2756 1130 2776; x_wconf 86' lang='lat' dir='ltr'>sanus</span> <span class='ocrx_word' id='word_1_479' title='bbox 1149 2752 1205 2776; x_wconf 92' lang='lat' dir='ltr'>aut</span> <span class='ocrx_word' id='word_1_480' title='bbox 1223 2756 1299 2776; x_wconf 89' lang='lat' dir='ltr'>sana</span> <span class='ocrx_word' id='word_1_481' title='bbox 1316 2756 1390 2776; x_wconf 91' lang='lat' dir='ltr'>con-</span> 
     </span>
     <span class='ocr_line' id='line_1_63' title="bbox 315 2789 1389 2831; baseline -0.004 -7"><span class='ocrx_word' id='word_1_482' title='bbox 315 2793 370 2824; x_wconf 90' lang='lat' dir='ltr'>iux</span> <span class='ocrx_word' id='word_1_483' title='bbox 401 2803 467 2823; x_wconf 92' lang='lat' dir='ltr'>non</span> <span class='ocrx_word' id='word_1_484' title='bbox 499 2798 587 2822; x_wconf 88' lang='lat' dir='ltr'>curat</span> <span class='ocrx_word' id='word_1_485' title='bbox 618 2790 797 2831; x_wconf 91' lang='lat' dir='ltr'>periculum</span> <span class='ocrx_word' id='word_1_486' title='bbox 828 2789 1008 2820; x_wconf 85' lang='lat' dir='ltr'>infectionis</span> <span class='ocrx_word' id='word_1_487' title='bbox 1037 2790 1183 2831; x_wconf 89' lang='lat' dir='ltr'>propriae</span> <span class='ocrx_word' id='word_1_488' title='bbox 1215 2800 1251 2820; x_wconf 92' lang='lat' dir='ltr'>ex</span> <span class='ocrx_word' id='word_1_489' title='bbox 1282 2797 1389 2821; x_wconf 90' lang='lat' dir='ltr'>conta-</span> 
     </span>
     <span class='ocr_line' id='line_1_64' title="bbox 315 2834 1389 2879; baseline -0.003 -11"><span class='ocrx_word' id='word_1_490' title='bbox 315 2838 411 2879; x_wconf 86' lang='lat' dir='ltr'>gione</span> <span class='ocrx_word' id='word_1_491' title='bbox 437 2843 567 2878; x_wconf 90' lang='lat' dir='ltr'>propter</span> <span class='ocrx_word' id='word_1_492' title='bbox 590 2845 734 2866; x_wconf 89' lang='lat' dir='ltr'>amorem</span> <span class='ocrx_word' id='word_1_493' title='bbox 758 2834 913 2874; x_wconf 86' lang='lat' dir='ltr'>coniugis,</span> <span class='ocrx_word' id='word_1_494' title='bbox 937 2845 1004 2865; x_wconf 92' lang='lat' dir='ltr'>non</span> <span class='ocrx_word' id='word_1_495' title='bbox 1028 2836 1134 2865; x_wconf 90' lang='lat' dir='ltr'>solum</span> <span class='ocrx_word' id='word_1_496' title='bbox 1152 2845 1169 2865; x_wconf 88' lang='lat' dir='ltr'>a</span> <span class='ocrx_word' id='word_1_497' title='bbox 1184 2843 1315 2875; x_wconf 90' lang='lat' dir='ltr'>peccato</span> <span class='ocrx_word' id='word_1_498' title='bbox 1340 2845 1389 2865; x_wconf 87' lang='lat' dir='ltr'>ex-</span> 
     </span>
     <span class='ocr_line' id='line_1_65' title="bbox 317 2879 1390 2920; baseline -0.004 -6"><span class='ocrx_word' id='word_1_499' title='bbox 317 2890 456 2918; x_wconf 87' lang='lat' dir='ltr'>cusatur,</span> <span class='ocrx_word' id='word_1_500' title='bbox 481 2881 546 2917; x_wconf 90' lang='lat' dir='ltr'>sed,</span> <span class='ocrx_word' id='word_1_501' title='bbox 571 2880 596 2910; x_wconf 85' lang='lat' dir='ltr'>si</span> <span class='ocrx_word' id='word_1_502' title='bbox 620 2890 658 2911; x_wconf 88' lang='lat' dir='ltr'>ex</span> <span class='ocrx_word' id='word_1_503' title='bbox 686 2879 812 2910; x_wconf 88' lang='lat' dir='ltr'>caritate</span> <span class='ocrx_word' id='word_1_504' title='bbox 841 2879 923 2915; x_wconf 82' lang='lat' dir='ltr'>facit,</span> <span class='ocrx_word' id='word_1_505' title='bbox 949 2886 1097 2910; x_wconf 90' lang='lat' dir='ltr'>meretur.</span> <span class='ocrx_word' id='word_1_506' title='bbox 1129 2879 1285 2910; x_wconf 91' lang='lat' dir='ltr'>Videmus</span> <span class='ocrx_word' id='word_1_507' title='bbox 1308 2890 1390 2920; x_wconf 92' lang='lat' dir='ltr'>quo-</span> 
     </span>
     <span class='ocr_line' id='line_1_66' title="bbox 317 2924 1391 2965; baseline -0.003 -7"><span class='ocrx_word' id='word_1_508' title='bbox 317 2927 393 2958; x_wconf 90' lang='lat' dir='ltr'>tidie</span> <span class='ocrx_word' id='word_1_509' title='bbox 421 2926 537 2957; x_wconf 89' lang='lat' dir='ltr'>nostris</span> <span class='ocrx_word' id='word_1_510' title='bbox 568 2925 766 2965; x_wconf 86' lang='lat' dir='ltr'>temporibus</span> <span class='ocrx_word' id='word_1_511' title='bbox 791 2924 942 2964; x_wconf 91' lang='lat' dir='ltr'>coniuges</span> <span class='ocrx_word' id='word_1_512' title='bbox 967 2934 1032 2954; x_wconf 93' lang='lat' dir='ltr'>non</span> <span class='ocrx_word' id='word_1_513' title='bbox 1060 2934 1093 2954; x_wconf 90' lang='lat' dir='ltr'>se</span> <span class='ocrx_word' id='word_1_514' title='bbox 1117 2925 1258 2955; x_wconf 90' lang='lat' dir='ltr'>deserere</span> <span class='ocrx_word' id='word_1_515' title='bbox 1282 2924 1391 2965; x_wconf 85' lang='lat' dir='ltr'>quoad</span> 
     </span>
     <span class='ocr_line' id='line_1_67' title="bbox 317 2969 1391 3009; baseline -0.004 -6"><span class='ocrx_word' id='word_1_516' title='bbox 317 2979 426 3003; x_wconf 87' lang='lat' dir='ltr'>torum</span> <span class='ocrx_word' id='word_1_517' title='bbox 450 2978 481 3002; x_wconf 91' lang='lat' dir='ltr'>et</span> <span class='ocrx_word' id='word_1_518' title='bbox 496 2970 737 3005; x_wconf 83' lang='lat' dir='ltr'>habitationem,</span> <span class='ocrx_word' id='word_1_519' title='bbox 754 2976 885 3009; x_wconf 85' lang='lat' dir='ltr'>propter</span> <span class='ocrx_word' id='word_1_520' title='bbox 900 2975 966 2999; x_wconf 87' lang='lat' dir='ltr'>tam</span> <span class='ocrx_word' id='word_1_521' title='bbox 989 2969 1107 3009; x_wconf 86' lang='lat' dir='ltr'>grande</span> <span class='ocrx_word' id='word_1_522' title='bbox 1130 2969 1253 2999; x_wconf 89' lang='lat' dir='ltr'>malum</span> <span class='ocrx_word' id='word_1_523' title='bbox 1269 2976 1300 3000; x_wconf 93' lang='lat' dir='ltr'>et</span> <span class='ocrx_word' id='word_1_524' title='bbox 1316 2979 1391 2999; x_wconf 86' lang='lat' dir='ltr'>con-</span> 
     </span>
     <span class='ocr_line' id='line_1_68' title="bbox 317 3013 1390 3057; baseline -0.005 -9"><span class='ocrx_word' id='word_1_525' title='bbox 317 3016 477 3057; x_wconf 83' lang='lat' dir='ltr'>tagiosum</span> <span class='ocrx_word' id='word_1_526' title='bbox 501 3015 595 3056; x_wconf 90' lang='lat' dir='ltr'>quale</span> <span class='ocrx_word' id='word_1_527' title='bbox 616 3021 662 3045; x_wconf 88' lang='lat' dir='ltr'>est</span> <span class='ocrx_word' id='word_1_528' title='bbox 678 3014 802 3053; x_wconf 87' lang='lat' dir='ltr'>malum</span> <span class='ocrx_word' id='word_1_529' title='bbox 822 3013 992 3054; x_wconf 86' lang='lat' dir='ltr'>vulgariter</span> <span class='ocrx_word' id='word_1_530' title='bbox 1011 3013 1207 3054; x_wconf 86' lang='lat' dir='ltr'>appellatum</span> <span class='ocrx_word' id='word_1_531' title='bbox 1223 3014 1390 3055; x_wconf 82' lang='lat' dir='ltr'>gallicum.</span> 
     </span>
     <span class='ocr_line' id='line_1_69' title="bbox 318 3058 1393 3101; baseline -0.004 -9"><span class='ocrx_word' id='word_1_532' title='bbox 318 3061 413 3092; x_wconf 86' lang='lat' dir='ltr'>Extra</span> <span class='ocrx_word' id='word_1_533' title='bbox 443 3069 592 3101; x_wconf 91' lang='lat' dir='ltr'>quoque,</span> <span class='ocrx_word' id='word_1_534' title='bbox 615 3059 655 3090; x_wconf 86' lang='lat' dir='ltr'>de</span> <span class='ocrx_word' id='word_1_535' title='bbox 681 3058 820 3100; x_wconf 82' lang='lat' dir='ltr'>Coniug.</span> <span class='ocrx_word' id='word_1_536' title='bbox 845 3059 977 3098; x_wconf 80' lang='lat' dir='ltr'>Lepros.</span> <span class='ocrx_word' id='word_1_537' title='bbox 994 3058 1025 3094; x_wconf 89' lang='lat'>*,</span> <span class='ocrx_word' id='word_1_538' title='bbox 1050 3058 1229 3089; x_wconf 84' lang='lat' dir='ltr'>Alexander</span> <span class='ocrx_word' id='word_1_539' title='bbox 1252 3058 1293 3089; x_wconf 89' lang='lat'>111</span> <span class='ocrx_word' id='word_1_540' title='bbox 1318 3058 1393 3089; x_wconf 90' lang='lat' dir='ltr'>dicit</span> 
     </span>
     <span class='ocr_line' id='line_1_70' title="bbox 319 3103 1393 3147; baseline -0.001 -12"><span class='ocrx_word' id='word_1_541' title='bbox 319 3106 408 3147; x_wconf 92' lang='lat' dir='ltr'>quod</span> <span class='ocrx_word' id='word_1_542' title='bbox 433 3105 525 3135; x_wconf 89' lang='lat' dir='ltr'>nulla</span> <span class='ocrx_word' id='word_1_543' title='bbox 542 3106 574 3134; x_wconf 90' lang='lat' dir='ltr'>in</span> <span class='ocrx_word' id='word_1_544' title='bbox 591 3105 651 3134; x_wconf 85' lang='lat' dir='ltr'>hoc</span> <span class='ocrx_word' id='word_1_545' title='bbox 673 3113 750 3134; x_wconf 88' lang='lat' dir='ltr'>casu</span> <span class='ocrx_word' id='word_1_546' title='bbox 775 3104 918 3143; x_wconf 84' lang='lat' dir='ltr'>exceptio</span> <span class='ocrx_word' id='word_1_547' title='bbox 942 3104 1104 3134; x_wconf 85' lang='lat' dir='ltr'>invenitur</span> <span class='ocrx_word' id='word_1_548' title='bbox 1119 3113 1136 3133; x_wconf 89' lang='lat' dir='ltr'>a</span> <span class='ocrx_word' id='word_1_549' title='bbox 1151 3103 1288 3143; x_wconf 88' lang='lat' dir='ltr'>generali</span> <span class='ocrx_word' id='word_1_550' title='bbox 1304 3113 1393 3143; x_wconf 87' lang='lat' dir='ltr'>prae-</span> 
     </span>
     <span class='ocr_line' id='line_1_71' title="bbox 321 3147 923 3190; baseline -0.005 -10"><span class='ocrx_word' id='word_1_551' title='bbox 321 3156 414 3190; x_wconf 91' lang='lat' dir='ltr'>cepto</span> <span class='ocrx_word' id='word_1_552' title='bbox 437 3148 535 3180; x_wconf 89' lang='lat' dir='ltr'>debiti</span> <span class='ocrx_word' id='word_1_553' title='bbox 558 3148 733 3188; x_wconf 87' lang='lat' dir='ltr'>coniugalis</span> <span class='ocrx_word' id='word_1_554' title='bbox 761 3147 923 3178; x_wconf 88' lang='lat' dir='ltr'>reddendi.</span> 
     </span>
    </p>

    <p class='ocr_par' dir='ltr' id='par_1_15' title="bbox 321 3191 1395 3631">
     <span class='ocr_line' id='line_1_72' title="bbox 376 3191 1393 3234; baseline -0.001 -10"><span class='ocrx_word' id='word_1_555' title='bbox 376 3193 445 3224; x_wconf 90' lang='lat' dir='ltr'>XV.</span> <span class='ocrx_word' id='word_1_556' title='bbox 469 3193 521 3224; x_wconf 90' lang='lat' dir='ltr'>Ad</span> <span class='ocrx_word' id='word_1_557' title='bbox 543 3198 694 3234; x_wconf 84' lang='lat' dir='ltr'>quartum</span> <span class='ocrx_word' id='word_1_558' title='bbox 720 3193 834 3223; x_wconf 88' lang='lat' dir='ltr'>dicitur</span> <span class='ocrx_word' id='word_1_559' title='bbox 858 3193 964 3233; x_wconf 89' lang='lat' dir='ltr'>quod,</span> <span class='ocrx_word' id='word_1_560' title='bbox 986 3192 1061 3233; x_wconf 83' lang='lat' dir='ltr'>quia</span> <span class='ocrx_word' id='word_1_561' title='bbox 1080 3199 1247 3232; x_wconf 89' lang='lat' dir='ltr'>peccatum</span> <span class='ocrx_word' id='word_1_562' title='bbox 1272 3202 1308 3223; x_wconf 86' lang='lat' dir='ltr'>ex</span> <span class='ocrx_word' id='word_1_563' title='bbox 1330 3191 1393 3223; x_wconf 91' lang='lat' dir='ltr'>fine</span> 
     </span>
     <span class='ocr_line' id='line_1_73' title="bbox 321 3236 1392 3278; baseline -0.001 -10"><span class='ocrx_word' id='word_1_564' title='bbox 321 3236 467 3269; x_wconf 87' lang='lat' dir='ltr'>transfert</span> <span class='ocrx_word' id='word_1_565' title='bbox 489 3244 597 3268; x_wconf 86' lang='lat' dir='ltr'>actum</span> <span class='ocrx_word' id='word_1_566' title='bbox 619 3237 653 3268; x_wconf 88' lang='lat' dir='ltr'>in</span> <span class='ocrx_word' id='word_1_567' title='bbox 676 3238 815 3278; x_wconf 89' lang='lat' dir='ltr'>speciem</span> <span class='ocrx_word' id='word_1_568' title='bbox 838 3237 923 3268; x_wconf 87' lang='lat' dir='ltr'>illius</span> <span class='ocrx_word' id='word_1_569' title='bbox 945 3236 1028 3273; x_wconf 91' lang='lat' dir='ltr'>finis,</span> <span class='ocrx_word' id='word_1_570' title='bbox 1053 3243 1083 3267; x_wconf 93' lang='lat' dir='ltr'>et</span> <span class='ocrx_word' id='word_1_571' title='bbox 1108 3247 1175 3267; x_wconf 91' lang='lat' dir='ltr'>non</span> <span class='ocrx_word' id='word_1_572' title='bbox 1198 3237 1231 3267; x_wconf 88' lang='lat' dir='ltr'>in</span> <span class='ocrx_word' id='word_1_573' title='bbox 1255 3237 1392 3277; x_wconf 88' lang='lat' dir='ltr'>speciem</span> 
     </span>
     <span class='ocr_line' id='line_1_74' title="bbox 321 3281 1393 3323; baseline -0.002 -10"><span class='ocrx_word' id='word_1_574' title='bbox 321 3282 408 3313; x_wconf 88' lang='lat' dir='ltr'>illius</span> <span class='ocrx_word' id='word_1_575' title='bbox 430 3281 552 3321; x_wconf 85' lang='lat' dir='ltr'>generis</span> <span class='ocrx_word' id='word_1_576' title='bbox 574 3282 608 3313; x_wconf 88' lang='lat' dir='ltr'>in</span> <span class='ocrx_word' id='word_1_577' title='bbox 630 3292 697 3323; x_wconf 93' lang='lat' dir='ltr'>quo</span> <span class='ocrx_word' id='word_1_578' title='bbox 721 3291 767 3313; x_wconf 89' lang='lat' dir='ltr'>est</span> <span class='ocrx_word' id='word_1_579' title='bbox 791 3289 893 3319; x_wconf 91' lang='lat' dir='ltr'>actus;</span> <span class='ocrx_word' id='word_1_580' title='bbox 918 3282 991 3312; x_wconf 92' lang='lat' dir='ltr'>ideo</span> <span class='ocrx_word' id='word_1_581' title='bbox 1015 3288 1103 3312; x_wconf 87' lang='lat' dir='ltr'>actus</span> <span class='ocrx_word' id='word_1_582' title='bbox 1119 3281 1314 3312; x_wconf 88' lang='lat' dir='ltr'>matrimonii</span> <span class='ocrx_word' id='word_1_583' title='bbox 1338 3282 1393 3312; x_wconf 89' lang='lat' dir='ltr'>de-</span> 
     </span>
     <span class='ocr_line' id='line_1_75' title="bbox 323 3326 1395 3367; baseline 0 -11"><span class='ocrx_word' id='word_1_584' title='bbox 323 3326 486 3357; x_wconf 91' lang='lat' dir='ltr'>ordinatus</span> <span class='ocrx_word' id='word_1_585' title='bbox 511 3336 548 3356; x_wconf 91' lang='lat' dir='ltr'>ex</span> <span class='ocrx_word' id='word_1_586' title='bbox 563 3326 687 3357; x_wconf 89' lang='lat' dir='ltr'>ratione</span> <span class='ocrx_word' id='word_1_587' title='bbox 701 3326 772 3358; x_wconf 88' lang='lat' dir='ltr'>finis</span> <span class='ocrx_word' id='word_1_588' title='bbox 796 3326 945 3367; x_wconf 88' lang='lat' dir='ltr'>appositi,</span> <span class='ocrx_word' id='word_1_589' title='bbox 964 3336 1030 3356; x_wconf 92' lang='lat' dir='ltr'>non</span> <span class='ocrx_word' id='word_1_590' title='bbox 1054 3326 1257 3357; x_wconf 91' lang='lat' dir='ltr'>constituitur</span> <span class='ocrx_word' id='word_1_591' title='bbox 1272 3326 1305 3356; x_wconf 90' lang='lat' dir='ltr'>in</span> <span class='ocrx_word' id='word_1_592' title='bbox 1327 3337 1395 3367; x_wconf 89' lang='lat' dir='ltr'>spe-</span> 
     </span>
     <span class='ocr_line' id='line_1_76' title="bbox 323 3369 1393 3411; baseline 0.001 -11"><span class='ocrx_word' id='word_1_593' title='bbox 323 3371 369 3401; x_wconf 92' lang='lat' dir='ltr'>cie</span> <span class='ocrx_word' id='word_1_594' title='bbox 398 3370 556 3406; x_wconf 87' lang='lat' dir='ltr'>luxuriae,</span> <span class='ocrx_word' id='word_1_595' title='bbox 581 3369 640 3400; x_wconf 88' lang='lat' dir='ltr'>nisi</span> <span class='ocrx_word' id='word_1_596' title='bbox 671 3370 743 3402; x_wconf 91' lang='lat' dir='ltr'>finis</span> <span class='ocrx_word' id='word_1_597' title='bbox 772 3371 825 3402; x_wconf 90' lang='lat' dir='ltr'>ille</span> <span class='ocrx_word' id='word_1_598' title='bbox 849 3371 889 3401; x_wconf 90' lang='lat' dir='ltr'>ad</span> <span class='ocrx_word' id='word_1_599' title='bbox 912 3371 1071 3402; x_wconf 86' lang='lat' dir='ltr'>luxuriam</span> <span class='ocrx_word' id='word_1_600' title='bbox 1100 3378 1229 3411; x_wconf 89' lang='lat' dir='ltr'>spectet.</span> <span class='ocrx_word' id='word_1_601' title='bbox 1262 3371 1303 3401; x_wconf 91' lang='lat' dir='ltr'>Et</span> <span class='ocrx_word' id='word_1_602' title='bbox 1334 3371 1393 3401; x_wconf 91' lang='lat' dir='ltr'>nisi</span> 
     </span>
     <span class='ocr_line' id='line_1_77' title="bbox 323 3413 1395 3456; baseline 0 -10"><span class='ocrx_word' id='word_1_603' title='bbox 323 3422 442 3456; x_wconf 85' lang='lat' dir='ltr'>spectet</span> <span class='ocrx_word' id='word_1_604' title='bbox 468 3415 508 3445; x_wconf 88' lang='lat' dir='ltr'>ad</span> <span class='ocrx_word' id='word_1_605' title='bbox 538 3413 679 3455; x_wconf 87' lang='lat' dir='ltr'>aliquam</span> <span class='ocrx_word' id='word_1_606' title='bbox 707 3415 863 3446; x_wconf 85' lang='lat' dir='ltr'>dictarum</span> <span class='ocrx_word' id='word_1_607' title='bbox 894 3426 947 3446; x_wconf 87' lang='lat' dir='ltr'>sex</span> <span class='ocrx_word' id='word_1_608' title='bbox 975 3415 1170 3456; x_wconf 89' lang='lat' dir='ltr'>specierum,</span> <span class='ocrx_word' id='word_1_609' title='bbox 1194 3425 1319 3456; x_wconf 88' lang='lat' dir='ltr'>semper</span> <span class='ocrx_word' id='word_1_610' title='bbox 1349 3423 1395 3446; x_wconf 93' lang='lat' dir='ltr'>est</span> 
     </span>
     <span class='ocr_line' id='line_1_78' title="bbox 322 3459 1394 3501; baseline 0 -11"><span class='ocrx_word' id='word_1_611' title='bbox 322 3459 453 3496; x_wconf 91' lang='lat' dir='ltr'>veniale,</span> <span class='ocrx_word' id='word_1_612' title='bbox 478 3465 636 3499; x_wconf 89' lang='lat' dir='ltr'>quantum</span> <span class='ocrx_word' id='word_1_613' title='bbox 659 3466 706 3490; x_wconf 90' lang='lat' dir='ltr'>est</span> <span class='ocrx_word' id='word_1_614' title='bbox 729 3469 766 3490; x_wconf 85' lang='lat' dir='ltr'>ex</span> <span class='ocrx_word' id='word_1_615' title='bbox 789 3467 876 3500; x_wconf 90' lang='lat' dir='ltr'>parte</span> <span class='ocrx_word' id='word_1_616' title='bbox 899 3467 998 3491; x_wconf 90' lang='lat' dir='ltr'>actus.</span> <span class='ocrx_word' id='word_1_617' title='bbox 1023 3460 1110 3491; x_wconf 91' lang='lat' dir='ltr'>Cum</span> <span class='ocrx_word' id='word_1_618' title='bbox 1135 3460 1221 3491; x_wconf 89' lang='lat' dir='ltr'>enim</span> <span class='ocrx_word' id='word_1_619' title='bbox 1244 3461 1316 3501; x_wconf 91' lang='lat' dir='ltr'>quis</span> <span class='ocrx_word' id='word_1_620' title='bbox 1342 3471 1394 3491; x_wconf 90' lang='lat' dir='ltr'>co-</span> 
     </span>
     <span class='ocr_line' id='line_1_79' title="bbox 323 3503 1395 3544; baseline 0.003 -11"><span class='ocrx_word' id='word_1_621' title='bbox 323 3504 446 3544; x_wconf 89' lang='lat' dir='ltr'>gnoscit</span> <span class='ocrx_word' id='word_1_622' title='bbox 463 3503 632 3543; x_wconf 90' lang='lat' dir='ltr'>coniugem</span> <span class='ocrx_word' id='word_1_623' title='bbox 650 3503 691 3533; x_wconf 93' lang='lat' dir='ltr'>ob</span> <span class='ocrx_word' id='word_1_624' title='bbox 711 3503 814 3534; x_wconf 89' lang='lat' dir='ltr'>solam</span> <span class='ocrx_word' id='word_1_625' title='bbox 829 3515 996 3535; x_wconf 83' lang='lat' dir='ltr'>veneream</span> <span class='ocrx_word' id='word_1_626' title='bbox 1019 3505 1272 3542; x_wconf 85' lang='lat' dir='ltr'>delectationem,</span> <span class='ocrx_word' id='word_1_627' title='bbox 1290 3505 1329 3535; x_wconf 91' lang='lat' dir='ltr'>ad</span> <span class='ocrx_word' id='word_1_628' title='bbox 1345 3505 1395 3536; x_wconf 93' lang='lat' dir='ltr'>lu-</span> 
     </span>
     <span class='ocr_line' id='line_1_80' title="bbox 322 3547 1395 3590; baseline 0 -10"><span class='ocrx_word' id='word_1_629' title='bbox 322 3548 430 3580; x_wconf 85' lang='lat' dir='ltr'>xuriae</span> <span class='ocrx_word' id='word_1_630' title='bbox 454 3547 592 3588; x_wconf 90' lang='lat' dir='ltr'>speciem</span> <span class='ocrx_word' id='word_1_631' title='bbox 615 3547 771 3578; x_wconf 80' lang='lat' dir='ltr'>venialem</span> <span class='ocrx_word' id='word_1_632' title='bbox 787 3558 824 3578; x_wconf 86' lang='lat' dir='ltr'>ex</span> <span class='ocrx_word' id='word_1_633' title='bbox 846 3547 910 3580; x_wconf 89' lang='lat' dir='ltr'>fine</span> <span class='ocrx_word' id='word_1_634' title='bbox 930 3556 1060 3589; x_wconf 87' lang='lat' dir='ltr'>spectat.</span> <span class='ocrx_word' id='word_1_635' title='bbox 1077 3567 1098 3573; x_wconf 93' lang='lat'>-</span> <span class='ocrx_word' id='word_1_636' title='bbox 1115 3550 1200 3580; x_wconf 92' lang='lat' dir='ltr'>Cum</span> <span class='ocrx_word' id='word_1_637' title='bbox 1230 3550 1395 3590; x_wconf 86' lang='lat' dir='ltr'>cognoscit</span> 
     </span>
     <span class='ocr_line' id='line_1_81' title="bbox 325 3591 1395 3631; baseline 0.001 -7"><span class='ocrx_word' id='word_1_638' title='bbox 325 3603 396 3624; x_wconf 85' lang='lat' dir='ltr'>eam</span> <span class='ocrx_word' id='word_1_639' title='bbox 411 3600 447 3623; x_wconf 92' lang='lat' dir='ltr'>ut</span> <span class='ocrx_word' id='word_1_640' title='bbox 470 3592 678 3623; x_wconf 88' lang='lat' dir='ltr'>fratricidium</span> <span class='ocrx_word' id='word_1_641' title='bbox 693 3597 748 3622; x_wconf 85' lang='lat' dir='ltr'>aut</span> <span class='ocrx_word' id='word_1_642' title='bbox 771 3591 963 3623; x_wconf 83' lang='lat' dir='ltr'>adulterium</span> <span class='ocrx_word' id='word_1_643' title='bbox 986 3594 1174 3631; x_wconf 87' lang='lat' dir='ltr'>committat,</span> <span class='ocrx_word' id='word_1_644' title='bbox 1198 3595 1238 3624; x_wconf 88' lang='lat' dir='ltr'>ad</span> <span class='ocrx_word' id='word_1_645' title='bbox 1262 3594 1395 3626; x_wconf 89' lang='lat' dir='ltr'>homici-</span> 
     </span>
    </p>
   </div>
   <div class='ocr_carea' id='block_1_10' title="bbox 469 3661 1006 3688">
    <p class='ocr_par' dir='ltr' id='par_1_16' title="bbox 469 3661 1006 3688">
     <span class='ocr_line' id='line_1_82' title="bbox 469 3661 1006 3688; baseline 0 -1"><span class='ocrx_word' id='word_1_646' title='bbox 469 3663 578 3688; x_wconf 70' lang='lat' dir='ltr'>Sunnaa</span> <span class='ocrx_word' id='word_1_647' title='bbox 597 3662 700 3687; x_wconf 76' lang='lat' dir='ltr'>Tru-201..</span> <span class='ocrx_word' id='word_1_648' title='bbox 719 3662 751 3686; x_wconf 93' lang='lat' dir='ltr'>D.</span> <span class='ocrx_word' id='word_1_649' title='bbox 765 3661 881 3686; x_wconf 67' lang='lat' dir='ltr'>&#39;snorum</span> <span class='ocrx_word' id='word_1_650' title='bbox 900 3662 933 3687; x_wconf 88' lang='lat' dir='ltr'>T.</span> <span class='ocrx_word' id='word_1_651' title='bbox 950 3663 1006 3687; x_wconf 87' lang='lat' dir='ltr'>Vll.</span> 
     </span>
    </p>
   </div>
   <div class='ocr_carea' id='block_1_11' title="bbox 1401 467 1406 971">
    <p class='ocr_par' dir='ltr' id='par_1_17' title="bbox 1401 467 1406 971">
     <span class='ocr_line' id='line_1_83' title="bbox 1401 467 1406 971; baseline 0 0"><span class='ocrx_word' id='word_1_652' title='bbox 1401 467 1406 971; x_wconf 95' lang='lat' dir='ltr'> </span> 
     </span>
    </p>
   </div>
   <div class='ocr_carea' id='block_1_12' title="bbox 1408 1298 1426 3635">
    <p class='ocr_par' dir='ltr' id='par_1_18' title="bbox 1408 1298 1426 3635">
     <span class='ocr_line' id='line_1_84' title="bbox 1408 1298 1426 3635; baseline 0 0"><span class='ocrx_word' id='word_1_653' title='bbox 1408 1298 1426 3635; x_wconf 95' lang='lat' dir='ltr'> </span> 
     </span>
    </p>
   </div>
   <div class='ocr_carea' id='block_1_13' title="bbox 2425 265 2500 303">
    <p class='ocr_par' dir='ltr' id='par_1_19' title="bbox 2425 265 2500 303">
     <span class='ocr_line' id='line_1_85' title="bbox 2425 265 2500 303; baseline -0.013 -13"><span class='ocrx_word' id='word_1_654' title='bbox 2425 265 2500 303; x_wconf 87' lang='lat'>217</span> 
     </span>
    </p>
   </div>
   <div class='ocr_carea' id='block_1_14' title="bbox 1428 330 2502 374">
    <p class='ocr_par' dir='ltr' id='par_1_20' title="bbox 1428 330 2502 374">
     <span class='ocr_line' id='line_1_86' title="bbox 1428 330 2502 374; baseline 0.002 -12"><span class='ocrx_word' id='word_1_655' title='bbox 1428 332 1516 363; x_wconf 90' lang='lat' dir='ltr'>dium</span> <span class='ocrx_word' id='word_1_656' title='bbox 1534 332 1583 361; x_wconf 94' lang='lat' dir='ltr'>vel</span> <span class='ocrx_word' id='word_1_657' title='bbox 1603 331 1795 362; x_wconf 88' lang='lat' dir='ltr'>adulterium</span> <span class='ocrx_word' id='word_1_658' title='bbox 1820 341 1857 361; x_wconf 88' lang='lat' dir='ltr'>ex</span> <span class='ocrx_word' id='word_1_659' title='bbox 1879 330 1942 361; x_wconf 91' lang='lat' dir='ltr'>fine</span> <span class='ocrx_word' id='word_1_660' title='bbox 1958 331 2099 362; x_wconf 86' lang='lat' dir='ltr'>trahitur.</span> <span class='ocrx_word' id='word_1_661' title='bbox 2117 349 2134 353; x_wconf 86' lang='lat'><strong>—</strong></span> <span class='ocrx_word' id='word_1_662' title='bbox 2160 331 2309 363; x_wconf 89' lang='lat' dir='ltr'>Similiter</span> <span class='ocrx_word' id='word_1_663' title='bbox 2333 343 2407 363; x_wconf 90' lang='lat' dir='ltr'>curn</span> <span class='ocrx_word' id='word_1_664' title='bbox 2431 334 2502 374; x_wconf 89' lang='lat' dir='ltr'>quis</span> 
     </span>
    </p>
   </div>
   <div class='ocr_carea' id='block_1_15' title="bbox 1399 376 2503 465">
    <p class='ocr_par' dir='ltr' id='par_1_21' title="bbox 1399 376 2503 465">
     <span class='ocr_line' id='line_1_87' title="bbox 1400 376 2503 421; baseline 0.001 -14"><span class='ocrx_word' id='word_1_665' title='bbox 1400 391 1401 421; x_wconf 34' lang='grc' dir='ltr'>ξ</span> <span class='ocrx_word' id='word_1_666' title='bbox 1429 376 1592 417; x_wconf 87' lang='lat' dir='ltr'>cognoscit</span> <span class='ocrx_word' id='word_1_667' title='bbox 1616 386 1748 406; x_wconf 92' lang='lat' dir='ltr'>uxorem</span> <span class='ocrx_word' id='word_1_668' title='bbox 1765 376 1807 406; x_wconf 89' lang='lat' dir='ltr'>ita</span> <span class='ocrx_word' id='word_1_669' title='bbox 1825 383 1869 412; x_wconf 92' lang='lat' dir='ltr'>ut,</span> <span class='ocrx_word' id='word_1_670' title='bbox 1887 376 1912 406; x_wconf 91' lang='lat' dir='ltr'>si</span> <span class='ocrx_word' id='word_1_671' title='bbox 1930 386 1997 406; x_wconf 91' lang='lat' dir='ltr'>non</span> <span class='ocrx_word' id='word_1_672' title='bbox 2021 383 2101 407; x_wconf 91' lang='lat' dir='ltr'>esset</span> <span class='ocrx_word' id='word_1_673' title='bbox 2125 386 2182 406; x_wconf 90' lang='lat' dir='ltr'>sua</span> <span class='ocrx_word' id='word_1_674' title='bbox 2206 384 2262 407; x_wconf 89' lang='lat' dir='ltr'>aut</span> <span class='ocrx_word' id='word_1_675' title='bbox 2282 377 2307 407; x_wconf 89' lang='lat' dir='ltr'>si</span> <span class='ocrx_word' id='word_1_676' title='bbox 2332 385 2412 408; x_wconf 90' lang='lat' dir='ltr'>esset</span> <span class='ocrx_word' id='word_1_677' title='bbox 2428 379 2503 408; x_wconf 90' lang='lat' dir='ltr'>alte-</span> 
     </span>
     <span class='ocr_line' id='line_1_88' title="bbox 1399 420 2502 465; baseline 0.001 -14"><span class='ocrx_word' id='word_1_678' title='bbox 1399 425 1402 465; x_wconf 56' lang='lat' dir='ltr'>j</span> <span class='ocrx_word' id='word_1_679' title='bbox 1429 421 1503 457; x_wconf 86' lang='lat' dir='ltr'>rius,</span> <span class='ocrx_word' id='word_1_680' title='bbox 1522 427 1662 451; x_wconf 90' lang='lat' dir='ltr'>uteretur</span> <span class='ocrx_word' id='word_1_681' title='bbox 1678 429 1729 456; x_wconf 89' lang='lat' dir='ltr'>ea;</span> <span class='ocrx_word' id='word_1_682' title='bbox 1755 421 1793 450; x_wconf 84' lang='lat' dir='ltr'>ad</span> <span class='ocrx_word' id='word_1_683' title='bbox 1817 420 2062 452; x_wconf 87' lang='lat' dir='ltr'>fornicationem</span> <span class='ocrx_word' id='word_1_684' title='bbox 2086 421 2117 451; x_wconf 89' lang='lat' dir='ltr'>in</span> <span class='ocrx_word' id='word_1_685' title='bbox 2135 421 2250 461; x_wconf 90' lang='lat' dir='ltr'>primo,</span> <span class='ocrx_word' id='word_1_686' title='bbox 2269 428 2298 452; x_wconf 92' lang='lat' dir='ltr'>et</span> <span class='ocrx_word' id='word_1_687' title='bbox 2320 422 2358 452; x_wconf 89' lang='lat' dir='ltr'>ad</span> <span class='ocrx_word' id='word_1_688' title='bbox 2383 423 2502 452; x_wconf 86' lang='lat' dir='ltr'>adulte-</span> 
     </span>
    </p>
   </div>
   <div class='ocr_carea' id='block_1_16' title="bbox 1429 465 2514 1624">
    <p class='ocr_par' dir='ltr' id='par_1_22' title="bbox 1429 465 2508 947">
     <span class='ocr_line' id='line_1_89' title="bbox 1429 465 2503 507; baseline 0.002 -12"><span class='ocrx_word' id='word_1_689' title='bbox 1429 466 1513 496; x_wconf 90' lang='lat' dir='ltr'>rium</span> <span class='ocrx_word' id='word_1_690' title='bbox 1536 465 1569 495; x_wconf 93' lang='lat' dir='ltr'>in</span> <span class='ocrx_word' id='word_1_691' title='bbox 1593 466 1735 496; x_wconf 89' lang='lat' dir='ltr'>secundo</span> <span class='ocrx_word' id='word_1_692' title='bbox 1763 465 1881 496; x_wconf 86' lang='lat' dir='ltr'>transit.</span> <span class='ocrx_word' id='word_1_693' title='bbox 1906 483 1926 488; x_wconf 90' lang='lat'>—</span> <span class='ocrx_word' id='word_1_694' title='bbox 1950 466 2090 503; x_wconf 91' lang='lat' dir='ltr'>Quando</span> <span class='ocrx_word' id='word_1_695' title='bbox 2120 473 2195 506; x_wconf 74' lang='lat' dir='ltr'>ergo</span> <span class='ocrx_word' id='word_1_696' title='bbox 2219 466 2252 496; x_wconf 94' lang='lat' dir='ltr'>in</span> <span class='ocrx_word' id='word_1_697' title='bbox 2281 474 2503 507; x_wconf 89' lang='lat' dir='ltr'>contemptum</span> 
     </span>
     <span class='ocr_line' id='line_1_90' title="bbox 1430 510 2503 546; baseline 0.001 -5"><span class='ocrx_word' id='word_1_698' title='bbox 1430 510 1487 541; x_wconf 92' lang='lat' dir='ltr'>Dei</span> <span class='ocrx_word' id='word_1_699' title='bbox 1513 510 1613 540; x_wconf 91' lang='lat' dir='ltr'>utitur</span> <span class='ocrx_word' id='word_1_700' title='bbox 1636 510 1856 546; x_wconf 88' lang='lat' dir='ltr'>matrimonio,</span> <span class='ocrx_word' id='word_1_701' title='bbox 1881 510 1914 540; x_wconf 90' lang='lat' dir='ltr'>in</span> <span class='ocrx_word' id='word_1_702' title='bbox 1938 510 2051 540; x_wconf 90' lang='lat' dir='ltr'>odium</span> <span class='ocrx_word' id='word_1_703' title='bbox 2081 511 2141 541; x_wconf 92' lang='lat' dir='ltr'>Dei</span> <span class='ocrx_word' id='word_1_704' title='bbox 2165 510 2308 541; x_wconf 89' lang='lat' dir='ltr'>similiter</span> <span class='ocrx_word' id='word_1_705' title='bbox 2338 512 2458 542; x_wconf 77' lang='lat' dir='ltr'>transit.</span> <span class='ocrx_word' id='word_1_706' title='bbox 2483 530 2503 535; x_wconf 93' lang='lat'><em>-</em></span> 
     </span>
     <span class='ocr_line' id='line_1_91' title="bbox 1430 554 2504 596; baseline 0.002 -12"><span class='ocrx_word' id='word_1_707' title='bbox 1430 554 1571 592; x_wconf 89' lang='lat' dir='ltr'>Quando</span> <span class='ocrx_word' id='word_1_708' title='bbox 1591 561 1698 585; x_wconf 90' lang='lat' dir='ltr'>autem</span> <span class='ocrx_word' id='word_1_709' title='bbox 1719 554 1836 585; x_wconf 91' lang='lat' dir='ltr'>coniux</span> <span class='ocrx_word' id='word_1_710' title='bbox 1851 554 1884 584; x_wconf 92' lang='lat' dir='ltr'>in</span> <span class='ocrx_word' id='word_1_711' title='bbox 1902 554 2110 586; x_wconf 86' lang='lat' dir='ltr'>delectatione</span> <span class='ocrx_word' id='word_1_712' title='bbox 2127 555 2303 596; x_wconf 87' lang='lat' dir='ltr'>coniugalis</span> <span class='ocrx_word' id='word_1_713' title='bbox 2327 564 2415 587; x_wconf 89' lang='lat' dir='ltr'>actus</span> <span class='ocrx_word' id='word_1_714' title='bbox 2433 556 2504 587; x_wconf 88' lang='lat' dir='ltr'>ulti-</span> 
     </span>
     <span class='ocr_line' id='line_1_92' title="bbox 1430 598 2504 641; baseline 0.002 -12"><span class='ocrx_word' id='word_1_715' title='bbox 1430 609 1523 630; x_wconf 91' lang='lat' dir='ltr'>mum</span> <span class='ocrx_word' id='word_1_716' title='bbox 1539 599 1597 629; x_wconf 90' lang='lat' dir='ltr'>sibi</span> <span class='ocrx_word' id='word_1_717' title='bbox 1614 598 1711 629; x_wconf 89' lang='lat' dir='ltr'>finem</span> <span class='ocrx_word' id='word_1_718' title='bbox 1737 599 1910 635; x_wconf 89' lang='lat' dir='ltr'>constituit,</span> <span class='ocrx_word' id='word_1_719' title='bbox 1928 600 2040 640; x_wconf 92' lang='lat' dir='ltr'>procul</span> <span class='ocrx_word' id='word_1_720' title='bbox 2065 600 2163 631; x_wconf 92' lang='lat' dir='ltr'>dubio</span> <span class='ocrx_word' id='word_1_721' title='bbox 2188 600 2362 631; x_wconf 89' lang='lat' dir='ltr'>mortaliter</span> <span class='ocrx_word' id='word_1_722' title='bbox 2385 608 2504 641; x_wconf 89' lang='lat' dir='ltr'>peccat,</span> 
     </span>
     <span class='ocr_line' id='line_1_93' title="bbox 1431 643 2505 685; baseline 0.002 -11"><span class='ocrx_word' id='word_1_723' title='bbox 1431 651 1461 675; x_wconf 91' lang='lat' dir='ltr'>et</span> <span class='ocrx_word' id='word_1_724' title='bbox 1485 644 1518 674; x_wconf 91' lang='lat' dir='ltr'>in</span> <span class='ocrx_word' id='word_1_725' title='bbox 1542 653 1655 683; x_wconf 88' lang='lat' dir='ltr'>genere</span> <span class='ocrx_word' id='word_1_726' title='bbox 1679 643 1837 674; x_wconf 86' lang='lat' dir='ltr'>luxuriae:</span> <span class='ocrx_word' id='word_1_727' title='bbox 1866 644 1947 675; x_wconf 90' lang='lat' dir='ltr'>sicut</span> <span class='ocrx_word' id='word_1_728' title='bbox 1970 655 2094 685; x_wconf 91' lang='lat' dir='ltr'>ponens</span> <span class='ocrx_word' id='word_1_729' title='bbox 2115 645 2267 676; x_wconf 90' lang='lat' dir='ltr'>ultimum</span> <span class='ocrx_word' id='word_1_730' title='bbox 2292 655 2388 676; x_wconf 91' lang='lat' dir='ltr'>suum</span> <span class='ocrx_word' id='word_1_731' title='bbox 2407 644 2505 676; x_wconf 88' lang='lat' dir='ltr'>finem</span> 
     </span>
     <span class='ocr_line' id='line_1_94' title="bbox 1430 688 2505 730; baseline 0.001 -11"><span class='ocrx_word' id='word_1_732' title='bbox 1430 689 1463 719; x_wconf 93' lang='lat' dir='ltr'>in</span> <span class='ocrx_word' id='word_1_733' title='bbox 1487 688 1588 728; x_wconf 88' lang='lat' dir='ltr'>gloria</span> <span class='ocrx_word' id='word_1_734' title='bbox 1615 688 1757 718; x_wconf 91' lang='lat' dir='ltr'>humana</span> <span class='ocrx_word' id='word_1_735' title='bbox 1773 696 1881 728; x_wconf 89' lang='lat' dir='ltr'>peccat</span> <span class='ocrx_word' id='word_1_736' title='bbox 1906 690 2080 720; x_wconf 89' lang='lat' dir='ltr'>mortaliter</span> <span class='ocrx_word' id='word_1_737' title='bbox 2096 697 2226 730; x_wconf 90' lang='lat' dir='ltr'>peccato</span> <span class='ocrx_word' id='word_1_738' title='bbox 2250 690 2353 720; x_wconf 89' lang='lat' dir='ltr'>inanis</span> <span class='ocrx_word' id='word_1_739' title='bbox 2375 690 2505 730; x_wconf 89' lang='lat' dir='ltr'>gloriae.</span> 
     </span>
     <span class='ocr_line' id='line_1_95' title="bbox 1432 732 2505 775; baseline 0.001 -11"><span class='ocrx_word' id='word_1_740' title='bbox 1432 733 1494 764; x_wconf 92' lang='lat' dir='ltr'>Sed</span> <span class='ocrx_word' id='word_1_741' title='bbox 1517 732 1673 773; x_wconf 90' lang='lat' dir='ltr'>quoniam</span> <span class='ocrx_word' id='word_1_742' title='bbox 1697 740 1864 773; x_wconf 88' lang='lat' dir='ltr'>peccatum</span> <span class='ocrx_word' id='word_1_743' title='bbox 1893 733 1955 764; x_wconf 90' lang='lat' dir='ltr'>hoc</span> <span class='ocrx_word' id='word_1_744' title='bbox 1980 734 2123 765; x_wconf 87' lang='lat' dir='ltr'>luxuriae</span> <span class='ocrx_word' id='word_1_745' title='bbox 2143 745 2209 765; x_wconf 93' lang='lat' dir='ltr'>non</span> <span class='ocrx_word' id='word_1_746' title='bbox 2234 745 2270 765; x_wconf 89' lang='lat' dir='ltr'>ex</span> <span class='ocrx_word' id='word_1_747' title='bbox 2294 742 2382 775; x_wconf 90' lang='lat' dir='ltr'>parte</span> <span class='ocrx_word' id='word_1_748' title='bbox 2405 742 2505 771; x_wconf 91' lang='lat' dir='ltr'>actus,</span> 
     </span>
     <span class='ocr_line' id='line_1_96' title="bbox 1432 777 2507 817; baseline 0.003 -10"><span class='ocrx_word' id='word_1_749' title='bbox 1432 778 1487 808; x_wconf 91' lang='lat' dir='ltr'>sed</span> <span class='ocrx_word' id='word_1_750' title='bbox 1511 787 1547 808; x_wconf 89' lang='lat' dir='ltr'>ex</span> <span class='ocrx_word' id='word_1_751' title='bbox 1571 784 1658 817; x_wconf 85' lang='lat' dir='ltr'>parte</span> <span class='ocrx_word' id='word_1_752' title='bbox 1682 777 1811 808; x_wconf 85' lang='lat' dir='ltr'>affectus</span> <span class='ocrx_word' id='word_1_753' title='bbox 1830 778 1987 808; x_wconf 92' lang='lat' dir='ltr'>interioris</span> <span class='ocrx_word' id='word_1_754' title='bbox 2012 789 2044 809; x_wconf 90' lang='lat' dir='ltr'>se</span> <span class='ocrx_word' id='word_1_755' title='bbox 2068 786 2170 816; x_wconf 87' lang='lat' dir='ltr'>tenet;</span> <span class='ocrx_word' id='word_1_756' title='bbox 2196 779 2268 810; x_wconf 89' lang='lat' dir='ltr'>ideo</span> <span class='ocrx_word' id='word_1_757' title='bbox 2292 780 2370 810; x_wconf 88' lang='lat' dir='ltr'>haec</span> <span class='ocrx_word' id='word_1_758' title='bbox 2393 780 2507 810; x_wconf 89' lang='lat' dir='ltr'>veritas</span> 
     </span>
     <span class='ocr_line' id='line_1_97' title="bbox 1433 822 2507 864; baseline 0.003 -12"><span class='ocrx_word' id='word_1_759' title='bbox 1433 822 1512 852; x_wconf 91' lang='lat' dir='ltr'>nihil</span> <span class='ocrx_word' id='word_1_760' title='bbox 1531 822 1636 852; x_wconf 87' lang='lat' dir='ltr'>obstat</span> <span class='ocrx_word' id='word_1_761' title='bbox 1652 822 1815 852; x_wconf 88' lang='lat' dir='ltr'>doctrinae</span> <span class='ocrx_word' id='word_1_762' title='bbox 1831 826 1998 862; x_wconf 87' lang='lat' dir='ltr'>praesenti,</span> <span class='ocrx_word' id='word_1_763' title='bbox 2015 834 2098 864; x_wconf 89' lang='lat' dir='ltr'>quae</span> <span class='ocrx_word' id='word_1_764' title='bbox 2123 824 2161 854; x_wconf 93' lang='lat' dir='ltr'>de</span> <span class='ocrx_word' id='word_1_765' title='bbox 2181 824 2346 864; x_wconf 91' lang='lat' dir='ltr'>speciebus</span> <span class='ocrx_word' id='word_1_766' title='bbox 2359 834 2396 855; x_wconf 93' lang='lat' dir='ltr'>ex</span> <span class='ocrx_word' id='word_1_767' title='bbox 2420 832 2507 864; x_wconf 89' lang='lat' dir='ltr'>parte</span> 
     </span>
     <span class='ocr_line' id='line_1_98' title="bbox 1433 866 2508 908; baseline 0.003 -12"><span class='ocrx_word' id='word_1_768' title='bbox 1433 874 1521 897; x_wconf 89' lang='lat' dir='ltr'>actus</span> <span class='ocrx_word' id='word_1_769' title='bbox 1541 866 1701 897; x_wconf 89' lang='lat' dir='ltr'>exterioris</span> <span class='ocrx_word' id='word_1_770' title='bbox 1726 873 1756 897; x_wconf 90' lang='lat' dir='ltr'>et</span> <span class='ocrx_word' id='word_1_771' title='bbox 1779 867 2086 898; x_wconf 86' lang='lat' dir='ltr'>circumstantiarum</span> <span class='ocrx_word' id='word_1_772' title='bbox 2110 868 2210 908; x_wconf 92' lang='lat' dir='ltr'>ipsius</span> <span class='ocrx_word' id='word_1_773' title='bbox 2235 876 2323 900; x_wconf 89' lang='lat' dir='ltr'>actus</span> <span class='ocrx_word' id='word_1_774' title='bbox 2347 868 2508 900; x_wconf 89' lang='lat' dir='ltr'>exterioris</span> 
     </span>
     <span class='ocr_line' id='line_1_99' title="bbox 1433 911 1824 947; baseline 0 -6"><span class='ocrx_word' id='word_1_775' title='bbox 1433 911 1612 942; x_wconf 88' lang='lat' dir='ltr'>secundum</span> <span class='ocrx_word' id='word_1_776' title='bbox 1635 921 1678 947; x_wconf 91' lang='lat' dir='ltr'>se,</span> <span class='ocrx_word' id='word_1_777' title='bbox 1703 918 1824 941; x_wconf 85' lang='lat' dir='ltr'>tractat.</span> 
     </span>
    </p>

    <p class='ocr_par' dir='ltr' id='par_1_23' title="bbox 1432 955 2512 1520">
     <span class='ocr_line' id='line_1_100' title="bbox 1488 955 2508 998; baseline 0.004 -13"><span class='ocrx_word' id='word_1_778' title='bbox 1488 956 1529 986; x_wconf 89' lang='lat' dir='ltr'>Et</span> <span class='ocrx_word' id='word_1_779' title='bbox 1551 965 1608 996; x_wconf 95' lang='lat' dir='ltr'>per</span> <span class='ocrx_word' id='word_1_780' title='bbox 1630 955 1692 985; x_wconf 92' lang='lat' dir='ltr'>hoc</span> <span class='ocrx_word' id='word_1_781' title='bbox 1716 962 1802 995; x_wconf 88' lang='lat' dir='ltr'>patet</span> <span class='ocrx_word' id='word_1_782' title='bbox 1825 955 1944 986; x_wconf 90' lang='lat' dir='ltr'>solutio</span> <span class='ocrx_word' id='word_1_783' title='bbox 1969 956 2117 987; x_wconf 91' lang='lat' dir='ltr'>omnium</span> <span class='ocrx_word' id='word_1_784' title='bbox 2141 957 2340 989; x_wconf 89' lang='lat' dir='ltr'>obiectorum</span> <span class='ocrx_word' id='word_1_785' title='bbox 2361 968 2397 988; x_wconf 87' lang='lat' dir='ltr'>ex</span> <span class='ocrx_word' id='word_1_786' title='bbox 2421 965 2508 998; x_wconf 87' lang='lat' dir='ltr'>parte</span> 
     </span>
     <span class='ocr_line' id='line_1_101' title="bbox 1433 999 2509 1040; baseline 0.004 -11"><span class='ocrx_word' id='word_1_787' title='bbox 1433 999 1504 1030; x_wconf 92' lang='lat' dir='ltr'>finis</span> <span class='ocrx_word' id='word_1_788' title='bbox 1528 999 1619 1030; x_wconf 89' lang='lat' dir='ltr'>istius</span> <span class='ocrx_word' id='word_1_789' title='bbox 1642 999 1692 1029; x_wconf 91' lang='lat' dir='ltr'>vel</span> <span class='ocrx_word' id='word_1_790' title='bbox 1716 999 1800 1030; x_wconf 91' lang='lat' dir='ltr'>illius</span> <span class='ocrx_word' id='word_1_791' title='bbox 1825 1000 1970 1040; x_wconf 85' lang='lat' dir='ltr'>coniugis</span> <span class='ocrx_word' id='word_1_792' title='bbox 1994 1001 2037 1031; x_wconf 90' lang='lat' dir='ltr'>sic</span> <span class='ocrx_word' id='word_1_793' title='bbox 2053 1001 2103 1032; x_wconf 90' lang='lat' dir='ltr'>vel</span> <span class='ocrx_word' id='word_1_794' title='bbox 2127 1002 2171 1032; x_wconf 89' lang='lat' dir='ltr'>sic</span> <span class='ocrx_word' id='word_1_795' title='bbox 2195 1002 2296 1033; x_wconf 85' lang='lat' dir='ltr'>affecti</span> <span class='ocrx_word' id='word_1_796' title='bbox 2319 1003 2352 1033; x_wconf 89' lang='lat' dir='ltr'>in</span> <span class='ocrx_word' id='word_1_797' title='bbox 2373 1003 2435 1033; x_wconf 92' lang='lat' dir='ltr'>hoc</span> <span class='ocrx_word' id='word_1_798' title='bbox 2458 1002 2509 1032; x_wconf 90' lang='lat' dir='ltr'>vel</span> 
     </span>
     <span class='ocr_line' id='line_1_102' title="bbox 1432 1043 2509 1086; baseline 0.002 -12"><span class='ocrx_word' id='word_1_799' title='bbox 1432 1044 1489 1075; x_wconf 90' lang='lat' dir='ltr'>illo</span> <span class='ocrx_word' id='word_1_800' title='bbox 1514 1054 1600 1074; x_wconf 89' lang='lat' dir='ltr'>casu.</span> <span class='ocrx_word' id='word_1_801' title='bbox 1623 1044 1708 1074; x_wconf 89' lang='lat' dir='ltr'>Nam</span> <span class='ocrx_word' id='word_1_802' title='bbox 1731 1043 1796 1074; x_wconf 90' lang='lat' dir='ltr'>sive</span> <span class='ocrx_word' id='word_1_803' title='bbox 1820 1051 1986 1084; x_wconf 90' lang='lat' dir='ltr'>peccatum</span> <span class='ocrx_word' id='word_1_804' title='bbox 2010 1046 2155 1086; x_wconf 91' lang='lat' dir='ltr'>coniugis</span> <span class='ocrx_word' id='word_1_805' title='bbox 2178 1047 2210 1076; x_wconf 93' lang='lat' dir='ltr'>in</span> <span class='ocrx_word' id='word_1_806' title='bbox 2234 1047 2290 1077; x_wconf 90' lang='lat' dir='ltr'>illo</span> <span class='ocrx_word' id='word_1_807' title='bbox 2315 1057 2388 1078; x_wconf 92' lang='lat' dir='ltr'>casu</span> <span class='ocrx_word' id='word_1_808' title='bbox 2414 1047 2453 1077; x_wconf 90' lang='lat' dir='ltr'>sit</span> <span class='ocrx_word' id='word_1_809' title='bbox 2475 1047 2509 1076; x_wconf 89' lang='lat' dir='ltr'>in</span> 
     </span>
     <span class='ocr_line' id='line_1_103' title="bbox 1433 1088 2508 1129; baseline 0.004 -11"><span class='ocrx_word' id='word_1_810' title='bbox 1433 1098 1547 1128; x_wconf 87' lang='lat' dir='ltr'>genere</span> <span class='ocrx_word' id='word_1_811' title='bbox 1575 1088 1718 1118; x_wconf 87' lang='lat' dir='ltr'>luxuriae</span> <span class='ocrx_word' id='word_1_812' title='bbox 1752 1088 1886 1125; x_wconf 88' lang='lat' dir='ltr'>directe,</span> <span class='ocrx_word' id='word_1_813' title='bbox 1911 1097 1988 1129; x_wconf 89' lang='lat' dir='ltr'>puta</span> <span class='ocrx_word' id='word_1_814' title='bbox 2012 1090 2037 1120; x_wconf 91' lang='lat' dir='ltr'>si</span> <span class='ocrx_word' id='word_1_815' title='bbox 2061 1091 2221 1122; x_wconf 89' lang='lat' dir='ltr'>motivum</span> <span class='ocrx_word' id='word_1_816' title='bbox 2251 1092 2312 1122; x_wconf 91' lang='lat' dir='ltr'>fuit</span> <span class='ocrx_word' id='word_1_817' title='bbox 2342 1091 2508 1122; x_wconf 85' lang='lat' dir='ltr'>delectatio</span> 
     </span>
     <span class='ocr_line' id='line_1_104' title="bbox 1433 1133 2510 1176; baseline 0.005 -14"><span class='ocrx_word' id='word_1_818' title='bbox 1433 1143 1566 1163; x_wconf 89' lang='lat' dir='ltr'>venerea</span> <span class='ocrx_word' id='word_1_819' title='bbox 1589 1133 1622 1162; x_wconf 94' lang='lat' dir='ltr'>in</span> <span class='ocrx_word' id='word_1_820' title='bbox 1646 1139 1717 1163; x_wconf 90' lang='lat' dir='ltr'>actu</span> <span class='ocrx_word' id='word_1_821' title='bbox 1742 1133 1900 1173; x_wconf 89' lang='lat' dir='ltr'>coniugii,</span> <span class='ocrx_word' id='word_1_822' title='bbox 1925 1134 1990 1164; x_wconf 86' lang='lat' dir='ltr'>sive</span> <span class='ocrx_word' id='word_1_823' title='bbox 2014 1136 2244 1176; x_wconf 89' lang='lat' dir='ltr'>quodcumque</span> <span class='ocrx_word' id='word_1_824' title='bbox 2268 1137 2368 1173; x_wconf 90' lang='lat' dir='ltr'>aliud,</span> <span class='ocrx_word' id='word_1_825' title='bbox 2394 1144 2440 1167; x_wconf 88' lang='lat' dir='ltr'>sat</span> <span class='ocrx_word' id='word_1_826' title='bbox 2463 1143 2510 1166; x_wconf 90' lang='lat' dir='ltr'>est</span> 
     </span>
     <span class='ocr_line' id='line_1_105' title="bbox 1434 1177 2510 1218; baseline 0.006 -12"><span class='ocrx_word' id='word_1_827' title='bbox 1434 1177 1523 1218; x_wconf 89' lang='lat' dir='ltr'>quod</span> <span class='ocrx_word' id='word_1_828' title='bbox 1539 1185 1706 1217; x_wconf 87' lang='lat' dir='ltr'>peccatum</span> <span class='ocrx_word' id='word_1_829' title='bbox 1722 1187 1787 1207; x_wconf 89' lang='lat' dir='ltr'>non</span> <span class='ocrx_word' id='word_1_830' title='bbox 1804 1188 1840 1208; x_wconf 90' lang='lat' dir='ltr'>ex</span> <span class='ocrx_word' id='word_1_831' title='bbox 1855 1185 1942 1218; x_wconf 91' lang='lat' dir='ltr'>parte</span> <span class='ocrx_word' id='word_1_832' title='bbox 1958 1186 2057 1216; x_wconf 78' lang='lat' dir='ltr'>actUS,</span> <span class='ocrx_word' id='word_1_833' title='bbox 2074 1191 2132 1210; x_wconf 90' lang='lat' dir='ltr'>nec</span> <span class='ocrx_word' id='word_1_834' title='bbox 2149 1180 2401 1212; x_wconf 84' lang='lat' dir='ltr'>circumstantiae</span> <span class='ocrx_word' id='word_1_835' title='bbox 2422 1188 2510 1211; x_wconf 85' lang='lat' dir='ltr'>actus</span> 
     </span>
     <span class='ocr_line' id='line_1_106' title="bbox 1435 1222 2510 1262; baseline 0.004 -11"><span class='ocrx_word' id='word_1_836' title='bbox 1435 1222 1613 1252; x_wconf 91' lang='lat' dir='ltr'>secundum</span> <span class='ocrx_word' id='word_1_837' title='bbox 1638 1232 1680 1258; x_wconf 90' lang='lat' dir='ltr'>se,</span> <span class='ocrx_word' id='word_1_838' title='bbox 1699 1229 1745 1252; x_wconf 90' lang='lat' dir='ltr'>est</span> <span class='ocrx_word' id='word_1_839' title='bbox 1765 1229 1931 1262; x_wconf 88' lang='lat' dir='ltr'>peccatum</span> <span class='ocrx_word' id='word_1_840' title='bbox 1956 1224 2106 1255; x_wconf 86' lang='lat' dir='ltr'>mortale:</span> <span class='ocrx_word' id='word_1_841' title='bbox 2133 1226 2187 1255; x_wconf 90' lang='lat' dir='ltr'>sed</span> <span class='ocrx_word' id='word_1_842' title='bbox 2203 1236 2239 1256; x_wconf 89' lang='lat' dir='ltr'>ex</span> <span class='ocrx_word' id='word_1_843' title='bbox 2255 1226 2367 1257; x_wconf 87' lang='lat' dir='ltr'>affectu</span> <span class='ocrx_word' id='word_1_844' title='bbox 2392 1225 2510 1256; x_wconf 89' lang='lat' dir='ltr'>inordi-</span> 
     </span>
     <span class='ocr_line' id='line_1_107' title="bbox 1435 1266 2509 1311; baseline 0.005 -15"><span class='ocrx_word' id='word_1_845' title='bbox 1435 1273 1510 1297; x_wconf 88' lang='lat' dir='ltr'>nato</span> <span class='ocrx_word' id='word_1_846' title='bbox 1536 1266 1681 1306; x_wconf 91' lang='lat' dir='ltr'>coniugis</span> <span class='ocrx_word' id='word_1_847' title='bbox 1696 1266 1729 1296; x_wconf 90' lang='lat' dir='ltr'>in</span> <span class='ocrx_word' id='word_1_848' title='bbox 1749 1266 1803 1296; x_wconf 89' lang='lat' dir='ltr'>tali</span> <span class='ocrx_word' id='word_1_849' title='bbox 1828 1277 1912 1303; x_wconf 89' lang='lat' dir='ltr'>casu,</span> <span class='ocrx_word' id='word_1_850' title='bbox 1930 1275 2007 1308; x_wconf 86' lang='lat' dir='ltr'>puta</span> <span class='ocrx_word' id='word_1_851' title='bbox 2024 1269 2228 1309; x_wconf 90' lang='lat' dir='ltr'>periclitantis</span> <span class='ocrx_word' id='word_1_852' title='bbox 2252 1271 2379 1311; x_wconf 89' lang='lat' dir='ltr'>patriae,</span> <span class='ocrx_word' id='word_1_853' title='bbox 2397 1278 2427 1300; x_wconf 87' lang='lat' dir='ltr'>et</span> <span class='ocrx_word' id='word_1_854' title='bbox 2450 1270 2509 1300; x_wconf 87' lang='lat' dir='ltr'>hu-</span> 
     </span>
     <span class='ocr_line' id='line_1_108' title="bbox 1435 1311 2511 1355; baseline 0.005 -15"><span class='ocrx_word' id='word_1_855' title='bbox 1435 1311 1590 1346; x_wconf 90' lang='lat' dir='ltr'>iusmodi,</span> <span class='ocrx_word' id='word_1_856' title='bbox 1616 1317 1674 1341; x_wconf 87' lang='lat' dir='ltr'>etc.</span> <span class='ocrx_word' id='word_1_857' title='bbox 1703 1311 1744 1341; x_wconf 93' lang='lat' dir='ltr'>Et</span> <span class='ocrx_word' id='word_1_858' title='bbox 1774 1321 1900 1352; x_wconf 89' lang='lat' dir='ltr'>semper</span> <span class='ocrx_word' id='word_1_859' title='bbox 1932 1314 2109 1344; x_wconf 89' lang='lat' dir='ltr'>annectitur</span> <span class='ocrx_word' id='word_1_860' title='bbox 2137 1314 2190 1344; x_wconf 87' lang='lat' dir='ltr'>tali</span> <span class='ocrx_word' id='word_1_861' title='bbox 2222 1322 2352 1355; x_wconf 87' lang='lat' dir='ltr'>peccato</span> <span class='ocrx_word' id='word_1_862' title='bbox 2383 1315 2511 1345; x_wconf 84' lang='lat' dir='ltr'>alterius</span> 
     </span>
     <span class='ocr_line' id='line_1_109' title="bbox 1435 1355 2511 1399; baseline 0.006 -14"><span class='ocrx_word' id='word_1_863' title='bbox 1435 1355 1502 1386; x_wconf 87' lang='lat' dir='ltr'>vitii</span> <span class='ocrx_word' id='word_1_864' title='bbox 1526 1355 1724 1386; x_wconf 84' lang='lat' dir='ltr'>deformitas:</span> <span class='ocrx_word' id='word_1_865' title='bbox 1755 1363 1831 1395; x_wconf 88' lang='lat' dir='ltr'>puta</span> <span class='ocrx_word' id='word_1_866' title='bbox 1856 1357 1920 1387; x_wconf 89' lang='lat' dir='ltr'>odii</span> <span class='ocrx_word' id='word_1_867' title='bbox 1946 1357 2057 1394; x_wconf 82' lang='lat' dir='ltr'>divini,</span> <span class='ocrx_word' id='word_1_868' title='bbox 2082 1359 2235 1399; x_wconf 88' lang='lat' dir='ltr'>quoniam</span> <span class='ocrx_word' id='word_1_869' title='bbox 2268 1360 2434 1390; x_wconf 85' lang='lat' dir='ltr'>delectatio</span> <span class='ocrx_word' id='word_1_870' title='bbox 2458 1370 2511 1390; x_wconf 91' lang='lat' dir='ltr'>ve-</span> 
     </span>
     <span class='ocr_line' id='line_1_110' title="bbox 1437 1400 2512 1444; baseline 0.006 -14"><span class='ocrx_word' id='word_1_871' title='bbox 1437 1400 1522 1430; x_wconf 92' lang='lat' dir='ltr'>nerei</span> <span class='ocrx_word' id='word_1_872' title='bbox 1546 1407 1635 1431; x_wconf 90' lang='lat' dir='ltr'>actus</span> <span class='ocrx_word' id='word_1_873' title='bbox 1659 1400 1819 1440; x_wconf 85' lang='lat' dir='ltr'>appetitur</span> <span class='ocrx_word' id='word_1_874' title='bbox 1839 1408 1874 1431; x_wconf 92' lang='lat' dir='ltr'>ut</span> <span class='ocrx_word' id='word_1_875' title='bbox 1895 1401 1967 1432; x_wconf 89' lang='lat' dir='ltr'>finis</span> <span class='ocrx_word' id='word_1_876' title='bbox 1991 1403 2141 1439; x_wconf 91' lang='lat' dir='ltr'>ultimus;</span> <span class='ocrx_word' id='word_1_877' title='bbox 2166 1404 2216 1434; x_wconf 93' lang='lat' dir='ltr'>vel</span> <span class='ocrx_word' id='word_1_878' title='bbox 2232 1404 2413 1444; x_wconf 88' lang='lat' dir='ltr'>impietatis,</span> <span class='ocrx_word' id='word_1_879' title='bbox 2438 1415 2512 1435; x_wconf 88' lang='lat' dir='ltr'>cum</span> 
     </span>
     <span class='ocr_line' id='line_1_111' title="bbox 1437 1444 2512 1487; baseline 0.006 -13"><span class='ocrx_word' id='word_1_880' title='bbox 1437 1445 1540 1475; x_wconf 90' lang='lat' dir='ltr'>debita</span> <span class='ocrx_word' id='word_1_881' title='bbox 1575 1444 1692 1485; x_wconf 89' lang='lat' dir='ltr'>patriae</span> <span class='ocrx_word' id='word_1_882' title='bbox 1726 1445 1895 1476; x_wconf 90' lang='lat' dir='ltr'>subventio</span> <span class='ocrx_word' id='word_1_883' title='bbox 1928 1454 2095 1487; x_wconf 88' lang='lat' dir='ltr'>propterea</span> <span class='ocrx_word' id='word_1_884' title='bbox 2126 1449 2302 1486; x_wconf 89' lang='lat' dir='ltr'>omittitur;</span> <span class='ocrx_word' id='word_1_885' title='bbox 2335 1457 2366 1480; x_wconf 90' lang='lat' dir='ltr'>et</span> <span class='ocrx_word' id='word_1_886' title='bbox 2398 1449 2442 1480; x_wconf 90' lang='lat' dir='ltr'>sic</span> <span class='ocrx_word' id='word_1_887' title='bbox 2474 1450 2512 1479; x_wconf 90' lang='lat' dir='ltr'>de</span> 
     </span>
     <span class='ocr_line' id='line_1_112' title="bbox 1437 1489 1516 1520; baseline 0 -1"><span class='ocrx_word' id='word_1_888' title='bbox 1437 1489 1516 1520; x_wconf 90' lang='lat' dir='ltr'>aliis.</span> 
     </span>
    </p>

    <p class='ocr_par' dir='ltr' id='par_1_24' title="bbox 1437 1533 2514 1624">
     <span class='ocr_line' id='line_1_113' title="bbox 1493 1533 2514 1575; baseline 0.006 -12"><span class='ocrx_word' id='word_1_889' title='bbox 1493 1534 1534 1564; x_wconf 93' lang='lat' dir='ltr'>Et</span> <span class='ocrx_word' id='word_1_890' title='bbox 1558 1533 1767 1564; x_wconf 89' lang='lat' dir='ltr'>nihilominus</span> <span class='ocrx_word' id='word_1_891' title='bbox 1798 1545 1917 1575; x_wconf 89' lang='lat' dir='ltr'>ponere</span> <span class='ocrx_word' id='word_1_892' title='bbox 1940 1535 2038 1567; x_wconf 89' lang='lat' dir='ltr'>finem</span> <span class='ocrx_word' id='word_1_893' title='bbox 2063 1538 2213 1568; x_wconf 89' lang='lat' dir='ltr'>ultimum</span> <span class='ocrx_word' id='word_1_894' title='bbox 2249 1539 2280 1568; x_wconf 93' lang='lat' dir='ltr'>in</span> <span class='ocrx_word' id='word_1_895' title='bbox 2306 1539 2514 1569; x_wconf 88' lang='lat' dir='ltr'>delectatione</span> 
     </span>
     <span class='ocr_line' id='line_1_114' title="bbox 1437 1579 2514 1624; baseline 0.006 -16"><span class='ocrx_word' id='word_1_896' title='bbox 1437 1585 1526 1609; x_wconf 90' lang='lat' dir='ltr'>actus</span> <span class='ocrx_word' id='word_1_897' title='bbox 1551 1579 1691 1619; x_wconf 88' lang='lat' dir='ltr'>coniugii</span> <span class='ocrx_word' id='word_1_898' title='bbox 1715 1586 1882 1618; x_wconf 88' lang='lat' dir='ltr'>peccatum</span> <span class='ocrx_word' id='word_1_899' title='bbox 1906 1588 1952 1611; x_wconf 90' lang='lat' dir='ltr'>est</span> <span class='ocrx_word' id='word_1_900' title='bbox 1976 1592 2012 1612; x_wconf 87' lang='lat' dir='ltr'>ex</span> <span class='ocrx_word' id='word_1_901' title='bbox 2032 1582 2266 1614; x_wconf 87' lang='lat' dir='ltr'>circumstantia</span> <span class='ocrx_word' id='word_1_902' title='bbox 2292 1583 2426 1624; x_wconf 86' lang='lat' dir='ltr'>appositi</span> <span class='ocrx_word' id='word_1_903' title='bbox 2442 1583 2514 1613; x_wconf 91' lang='lat' dir='ltr'>finis</span> 
     </span>
    </p>
   </div>
   <div class='ocr_carea' id='block_1_17' title="bbox 1410 1623 2514 1664">
    <p class='ocr_par' dir='ltr' id='par_1_25' title="bbox 1410 1623 2514 1664">
     <span class='ocr_line' id='line_1_115' title="bbox 1410 1623 2514 1664; baseline 0.004 -11"><span class='ocrx_word' id='word_1_904' title='bbox 1410 1653 1412 1658; x_wconf 64' lang='grc'>,</span> <span class='ocrx_word' id='word_1_905' title='bbox 1438 1623 1495 1664; x_wconf 92' lang='lat' dir='ltr'>qui</span> <span class='ocrx_word' id='word_1_906' title='bbox 1519 1633 1585 1654; x_wconf 94' lang='lat' dir='ltr'>non</span> <span class='ocrx_word' id='word_1_907' title='bbox 1610 1631 1657 1654; x_wconf 91' lang='lat' dir='ltr'>est</span> <span class='ocrx_word' id='word_1_908' title='bbox 1684 1623 1755 1654; x_wconf 90' lang='lat' dir='ltr'>finis</span> <span class='ocrx_word' id='word_1_909' title='bbox 1783 1625 1962 1656; x_wconf 88' lang='lat' dir='ltr'>secundum</span> <span class='ocrx_word' id='word_1_910' title='bbox 1985 1627 2147 1658; x_wconf 87' lang='lat' dir='ltr'>veritatem</span> <span class='ocrx_word' id='word_1_911' title='bbox 2179 1628 2248 1659; x_wconf 89' lang='lat' dir='ltr'>talis</span> <span class='ocrx_word' id='word_1_912' title='bbox 2273 1635 2371 1659; x_wconf 92' lang='lat' dir='ltr'>actus.</span> <span class='ocrx_word' id='word_1_913' title='bbox 2405 1628 2445 1658; x_wconf 83' lang='lat' dir='ltr'>Et</span> <span class='ocrx_word' id='word_1_914' title='bbox 2466 1637 2514 1658; x_wconf 92' lang='lat' dir='ltr'>re-</span> 
     </span>
    </p>
   </div>
   <div class='ocr_carea' id='block_1_18' title="bbox 1438 1668 2523 3634">
    <p class='ocr_par' dir='ltr' id='par_1_26' title="bbox 1438 1668 2514 1888">
     <span class='ocr_line' id='line_1_116' title="bbox 1439 1668 2514 1714; baseline 0.004 -16"><span class='ocrx_word' id='word_1_915' title='bbox 1439 1668 1566 1700; x_wconf 89' lang='lat' dir='ltr'>ducitur</span> <span class='ocrx_word' id='word_1_916' title='bbox 1589 1668 1776 1699; x_wconf 87' lang='lat' dir='ltr'>huiusmodi</span> <span class='ocrx_word' id='word_1_917' title='bbox 1800 1677 1966 1709; x_wconf 89' lang='lat' dir='ltr'>peccatum</span> <span class='ocrx_word' id='word_1_918' title='bbox 1984 1671 2023 1701; x_wconf 90' lang='lat' dir='ltr'>ad</span> <span class='ocrx_word' id='word_1_919' title='bbox 2039 1672 2178 1712; x_wconf 88' lang='lat' dir='ltr'>speciem</span> <span class='ocrx_word' id='word_1_920' title='bbox 2202 1673 2366 1704; x_wconf 85' lang='lat' dir='ltr'>adulterii:</span> <span class='ocrx_word' id='word_1_921' title='bbox 2391 1673 2466 1714; x_wconf 89' lang='lat' dir='ltr'>quia</span> <span class='ocrx_word' id='word_1_922' title='bbox 2482 1673 2514 1703; x_wconf 94' lang='lat' dir='ltr'>in</span> 
     </span>
     <span class='ocr_line' id='line_1_117' title="bbox 1438 1713 2514 1758; baseline 0.004 -15"><span class='ocrx_word' id='word_1_923' title='bbox 1438 1713 1587 1744; x_wconf 87' lang='lat' dir='ltr'>iniuriam</span> <span class='ocrx_word' id='word_1_924' title='bbox 1612 1713 1788 1753; x_wconf 89' lang='lat' dir='ltr'>coniugalis</span> <span class='ocrx_word' id='word_1_925' title='bbox 1813 1722 1901 1746; x_wconf 91' lang='lat' dir='ltr'>actus</span> <span class='ocrx_word' id='word_1_926' title='bbox 1918 1716 2075 1747; x_wconf 89' lang='lat' dir='ltr'>ordinatio</span> <span class='ocrx_word' id='word_1_927' title='bbox 2100 1717 2199 1758; x_wconf 89' lang='lat' dir='ltr'>ipsius</span> <span class='ocrx_word' id='word_1_928' title='bbox 2216 1718 2249 1748; x_wconf 91' lang='lat' dir='ltr'>in</span> <span class='ocrx_word' id='word_1_929' title='bbox 2273 1718 2514 1749; x_wconf 88' lang='lat' dir='ltr'>delectationem</span> 
     </span>
     <span class='ocr_line' id='line_1_118' title="bbox 1441 1757 2513 1803; baseline 0.004 -15"><span class='ocrx_word' id='word_1_930' title='bbox 1441 1765 1475 1788; x_wconf 88' lang='lat' dir='ltr'>ut</span> <span class='ocrx_word' id='word_1_931' title='bbox 1497 1757 1595 1788; x_wconf 90' lang='lat' dir='ltr'>finem</span> <span class='ocrx_word' id='word_1_932' title='bbox 1620 1758 1772 1789; x_wconf 86' lang='lat' dir='ltr'>ultimum</span> <span class='ocrx_word' id='word_1_933' title='bbox 1796 1757 1840 1790; x_wconf 92' lang='lat' dir='ltr'>fit.</span> <span class='ocrx_word' id='word_1_934' title='bbox 1867 1759 1960 1790; x_wconf 93' lang='lat' dir='ltr'>Unde</span> <span class='ocrx_word' id='word_1_935' title='bbox 1985 1761 2111 1792; x_wconf 89' lang='lat' dir='ltr'>nullum</span> <span class='ocrx_word' id='word_1_936' title='bbox 2135 1762 2325 1803; x_wconf 87' lang='lat' dir='ltr'>relinquitur</span> <span class='ocrx_word' id='word_1_937' title='bbox 2348 1769 2513 1803; x_wconf 87' lang='lat' dir='ltr'>peccatum</span> 
     </span>
     <span class='ocr_line' id='line_1_119' title="bbox 1439 1802 2514 1848; baseline 0.006 -16"><span class='ocrx_word' id='word_1_938' title='bbox 1439 1803 1573 1833; x_wconf 85' lang='lat' dir='ltr'>mortale</span> <span class='ocrx_word' id='word_1_939' title='bbox 1596 1802 1749 1839; x_wconf 85' lang='lat' dir='ltr'>luxuriae,</span> <span class='ocrx_word' id='word_1_940' title='bbox 1773 1802 1855 1833; x_wconf 88' lang='lat' dir='ltr'>infra</span> <span class='ocrx_word' id='word_1_941' title='bbox 1878 1804 1994 1835; x_wconf 89' lang='lat' dir='ltr'>limites</span> <span class='ocrx_word' id='word_1_942' title='bbox 2017 1806 2170 1843; x_wconf 90' lang='lat' dir='ltr'>luxuriae,</span> <span class='ocrx_word' id='word_1_943' title='bbox 2192 1809 2281 1848; x_wconf 90' lang='lat' dir='ltr'>quod</span> <span class='ocrx_word' id='word_1_944' title='bbox 2305 1818 2371 1838; x_wconf 94' lang='lat' dir='ltr'>non</span> <span class='ocrx_word' id='word_1_945' title='bbox 2396 1807 2435 1837; x_wconf 87' lang='lat' dir='ltr'>ad</span> <span class='ocrx_word' id='word_1_946' title='bbox 2459 1807 2514 1837; x_wconf 82' lang='lat' dir='ltr'>ali-</span> 
     </span>
     <span class='ocr_line' id='line_1_120' title="bbox 1439 1847 2190 1888; baseline 0.008 -12"><span class='ocrx_word' id='word_1_947' title='bbox 1439 1857 1538 1888; x_wconf 88' lang='lat' dir='ltr'>quam</span> <span class='ocrx_word' id='word_1_948' title='bbox 1562 1847 1792 1887; x_wconf 81' lang='lat' dir='ltr'>assignatarum</span> <span class='ocrx_word' id='word_1_949' title='bbox 1817 1848 1992 1888; x_wconf 88' lang='lat' dir='ltr'>specierum</span> <span class='ocrx_word' id='word_1_950' title='bbox 2013 1851 2190 1882; x_wconf 89' lang='lat' dir='ltr'>reducatur.</span> 
     </span>
    </p>

    <p class='ocr_par' dir='ltr' id='par_1_27' title="bbox 1440 1892 2516 2104">
     <span class='ocr_line' id='line_1_121' title="bbox 1495 1892 2516 1935; baseline 0.005 -13"><span class='ocrx_word' id='word_1_951' title='bbox 1495 1892 1579 1923; x_wconf 89' lang='lat' dir='ltr'>XVI.</span> <span class='ocrx_word' id='word_1_952' title='bbox 1603 1893 1655 1922; x_wconf 90' lang='lat' dir='ltr'>Ad</span> <span class='ocrx_word' id='word_1_953' title='bbox 1678 1893 1836 1932; x_wconf 87' lang='lat' dir='ltr'>quintum·</span> <span class='ocrx_word' id='word_1_954' title='bbox 1858 1893 1972 1925; x_wconf 89' lang='lat' dir='ltr'>dicitur</span> <span class='ocrx_word' id='word_1_955' title='bbox 2001 1896 2089 1935; x_wconf 94' lang='lat' dir='ltr'>quod</span> <span class='ocrx_word' id='word_1_956' title='bbox 2115 1896 2223 1927; x_wconf 90' lang='lat' dir='ltr'>oscula</span> <span class='ocrx_word' id='word_1_957' title='bbox 2248 1903 2278 1927; x_wconf 89' lang='lat' dir='ltr'>et</span> <span class='ocrx_word' id='word_1_958' title='bbox 2314 1903 2416 1927; x_wconf 89' lang='lat' dir='ltr'>tactus</span> <span class='ocrx_word' id='word_1_959' title='bbox 2440 1906 2516 1926; x_wconf 88' lang='lat' dir='ltr'>con-</span> 
     </span>
     <span class='ocr_line' id='line_1_122' title="bbox 1440 1937 2516 1979; baseline 0.003 -12"><span class='ocrx_word' id='word_1_960' title='bbox 1440 1937 1625 1976; x_wconf 85' lang='lat' dir='ltr'>iugatorum</span> <span class='ocrx_word' id='word_1_961' title='bbox 1649 1944 1704 1968; x_wconf 91' lang='lat' dir='ltr'>aut</span> <span class='ocrx_word' id='word_1_962' title='bbox 1728 1947 1793 1967; x_wconf 91' lang='lat' dir='ltr'>non</span> <span class='ocrx_word' id='word_1_963' title='bbox 1810 1945 1885 1970; x_wconf 90' lang='lat' dir='ltr'>sunt</span> <span class='ocrx_word' id='word_1_964' title='bbox 1907 1946 2051 1979; x_wconf 88' lang='lat' dir='ltr'>peccata;</span> <span class='ocrx_word' id='word_1_965' title='bbox 2070 1947 2124 1971; x_wconf 88' lang='lat' dir='ltr'>aut</span> <span class='ocrx_word' id='word_1_966' title='bbox 2147 1948 2221 1972; x_wconf 91' lang='lat' dir='ltr'>sunt</span> <span class='ocrx_word' id='word_1_967' title='bbox 2235 1941 2384 1977; x_wconf 86' lang='lat' dir='ltr'>venialia;</span> <span class='ocrx_word' id='word_1_968' title='bbox 2409 1948 2473 1977; x_wconf 87' lang='lat' dir='ltr'>aut,</span> <span class='ocrx_word' id='word_1_969' title='bbox 2490 1941 2516 1971; x_wconf 94' lang='lat' dir='ltr'>si</span> 
     </span>
     <span class='ocr_line' id='line_1_123' title="bbox 1441 1981 2516 2027; baseline 0.004 -16"><span class='ocrx_word' id='word_1_970' title='bbox 1441 1981 1503 2012; x_wconf 92' lang='lat' dir='ltr'>sint</span> <span class='ocrx_word' id='word_1_971' title='bbox 1526 1981 1684 2018; x_wconf 85' lang='lat' dir='ltr'>mortalia,</span> <span class='ocrx_word' id='word_1_972' title='bbox 1702 1989 1776 2013; x_wconf 91' lang='lat' dir='ltr'>sunt</span> <span class='ocrx_word' id='word_1_973' title='bbox 1801 1982 2053 2015; x_wconf 89' lang='lat' dir='ltr'>circumstantiae</span> <span class='ocrx_word' id='word_1_974' title='bbox 2069 1985 2216 2016; x_wconf 90' lang='lat' dir='ltr'>reductae</span> <span class='ocrx_word' id='word_1_975' title='bbox 2241 1987 2280 2016; x_wconf 91' lang='lat' dir='ltr'>ad</span> <span class='ocrx_word' id='word_1_976' title='bbox 2304 1986 2445 2027; x_wconf 86' lang='lat' dir='ltr'>aliquam</span> <span class='ocrx_word' id='word_1_977' title='bbox 2470 1985 2516 2015; x_wconf 95' lang='lat' dir='ltr'>di-</span> 
     </span>
     <span class='ocr_line' id='line_1_124' title="bbox 1441 2027 2516 2071; baseline 0.005 -16"><span class='ocrx_word' id='word_1_978' title='bbox 1441 2033 1563 2056; x_wconf 88' lang='lat' dir='ltr'>ctarum</span> <span class='ocrx_word' id='word_1_979' title='bbox 1588 2036 1640 2056; x_wconf 88' lang='lat' dir='ltr'>sex</span> <span class='ocrx_word' id='word_1_980' title='bbox 1660 2027 1848 2066; x_wconf 89' lang='lat' dir='ltr'>specierum,</span> <span class='ocrx_word' id='word_1_981' title='bbox 1865 2035 1895 2059; x_wconf 94' lang='lat' dir='ltr'>et</span> <span class='ocrx_word' id='word_1_982' title='bbox 1911 2029 2082 2069; x_wconf 90' lang='lat' dir='ltr'>praecipue</span> <span class='ocrx_word' id='word_1_983' title='bbox 2106 2030 2251 2062; x_wconf 88' lang='lat' dir='ltr'>mollitiei</span> <span class='ocrx_word' id='word_1_984' title='bbox 2258 2040 2266 2068; x_wconf 88' lang='lat'>;</span> <span class='ocrx_word' id='word_1_985' title='bbox 2283 2038 2318 2062; x_wconf 90' lang='lat' dir='ltr'>ut</span> <span class='ocrx_word' id='word_1_986' title='bbox 2333 2031 2365 2061; x_wconf 90' lang='lat' dir='ltr'>in</span> <span class='ocrx_word' id='word_1_987' title='bbox 2385 2030 2516 2071; x_wconf 92' lang='lat' dir='ltr'>proprio</span> 
     </span>
     <span class='ocr_line' id='line_1_125' title="bbox 1443 2070 1900 2104; baseline 0.007 -4"><span class='ocrx_word' id='word_1_988' title='bbox 1443 2071 1481 2101; x_wconf 92' lang='lat' dir='ltr'>de</span> <span class='ocrx_word' id='word_1_989' title='bbox 1504 2070 1553 2101; x_wconf 89' lang='lat' dir='ltr'>his</span> <span class='ocrx_word' id='word_1_990' title='bbox 1578 2071 1712 2102; x_wconf 91' lang='lat' dir='ltr'>articulo</span> <span class='ocrx_word' id='word_1_991' title='bbox 1728 2071 1745 2090; x_wconf 92' lang='lat'>*</span> <span class='ocrx_word' id='word_1_992' title='bbox 1769 2071 1900 2104; x_wconf 90' lang='lat' dir='ltr'>dicetur.</span> 
     </span>
    </p>

    <p class='ocr_par' dir='ltr' id='par_1_28' title="bbox 1442 2115 2518 2246">
     <span class='ocr_line' id='line_1_126' title="bbox 1499 2115 2517 2160; baseline 0.005 -15"><span class='ocrx_word' id='word_1_993' title='bbox 1499 2116 1540 2145; x_wconf 91' lang='lat' dir='ltr'>Et</span> <span class='ocrx_word' id='word_1_994' title='bbox 1557 2115 1632 2146; x_wconf 89' lang='lat' dir='ltr'>haec</span> <span class='ocrx_word' id='word_1_995' title='bbox 1649 2117 1815 2156; x_wconf 89' lang='lat' dir='ltr'>responsio</span> <span class='ocrx_word' id='word_1_996' title='bbox 1836 2118 2019 2148; x_wconf 90' lang='lat' dir='ltr'>communis</span> <span class='ocrx_word' id='word_1_997' title='bbox 2035 2119 2075 2149; x_wconf 88' lang='lat' dir='ltr'>sit</span> <span class='ocrx_word' id='word_1_998' title='bbox 2091 2119 2242 2150; x_wconf 90' lang='lat' dir='ltr'>omnibus</span> <span class='ocrx_word' id='word_1_999' title='bbox 2266 2120 2402 2160; x_wconf 89' lang='lat' dir='ltr'>peccatis</span> <span class='ocrx_word' id='word_1_1000' title='bbox 2426 2120 2517 2150; x_wconf 89' lang='lat' dir='ltr'>luxu-</span> 
     </span>
     <span class='ocr_line' id='line_1_127' title="bbox 1442 2159 2518 2204; baseline 0.004 -14"><span class='ocrx_word' id='word_1_1001' title='bbox 1442 2159 1506 2190; x_wconf 88' lang='lat' dir='ltr'>riae</span> <span class='ocrx_word' id='word_1_1002' title='bbox 1531 2170 1567 2191; x_wconf 89' lang='lat' dir='ltr'>ex</span> <span class='ocrx_word' id='word_1_1003' title='bbox 1584 2160 1827 2191; x_wconf 87' lang='lat' dir='ltr'>circumstantiis</span> <span class='ocrx_word' id='word_1_1004' title='bbox 1844 2162 1876 2191; x_wconf 92' lang='lat' dir='ltr'>in</span> <span class='ocrx_word' id='word_1_1005' title='bbox 1894 2163 2080 2202; x_wconf 87' lang='lat' dir='ltr'>coniugatis.</span> <span class='ocrx_word' id='word_1_1006' title='bbox 2105 2164 2146 2194; x_wconf 90' lang='lat' dir='ltr'>Et</span> <span class='ocrx_word' id='word_1_1007' title='bbox 2163 2163 2206 2194; x_wconf 91' lang='lat' dir='ltr'>sic</span> <span class='ocrx_word' id='word_1_1008' title='bbox 2231 2164 2352 2204; x_wconf 89' lang='lat' dir='ltr'>optime</span> <span class='ocrx_word' id='word_1_1009' title='bbox 2377 2171 2438 2194; x_wconf 90' lang='lat' dir='ltr'>stat</span> <span class='ocrx_word' id='word_1_1010' title='bbox 2462 2165 2518 2194; x_wconf 88' lang='lat' dir='ltr'>do-</span> 
     </span>
     <span class='ocr_line' id='line_1_128' title="bbox 1443 2204 2177 2246; baseline 0.005 -12"><span class='ocrx_word' id='word_1_1011' title='bbox 1443 2204 1543 2235; x_wconf 88' lang='lat' dir='ltr'>ctrina</span> <span class='ocrx_word' id='word_1_1012' title='bbox 1566 2204 1687 2235; x_wconf 88' lang='lat' dir='ltr'>litterae</span> <span class='ocrx_word' id='word_1_1013' title='bbox 1711 2205 1822 2242; x_wconf 87' lang='lat' dir='ltr'>solida,</span> <span class='ocrx_word' id='word_1_1014' title='bbox 1848 2213 1883 2237; x_wconf 94' lang='lat' dir='ltr'>ut</span> <span class='ocrx_word' id='word_1_1015' title='bbox 1906 2213 1993 2246; x_wconf 85' lang='lat' dir='ltr'>patet</span> <span class='ocrx_word' id='word_1_1016' title='bbox 2016 2217 2053 2237; x_wconf 88' lang='lat' dir='ltr'>ex</span> <span class='ocrx_word' id='word_1_1017' title='bbox 2077 2208 2177 2239; x_wconf 89' lang='lat' dir='ltr'>dictis.</span> 
     </span>
    </p>

    <p class='ocr_par' dir='ltr' id='par_1_29' title="bbox 1443 2249 2520 2460">
     <span class='ocr_line' id='line_1_129' title="bbox 1499 2249 2519 2293; baseline 0.005 -14"><span class='ocrx_word' id='word_1_1018' title='bbox 1499 2249 1561 2279; x_wconf 92' lang='lat' dir='ltr'>Sed</span> <span class='ocrx_word' id='word_1_1019' title='bbox 1576 2250 1708 2290; x_wconf 90' lang='lat' dir='ltr'>quando</span> <span class='ocrx_word' id='word_1_1020' title='bbox 1730 2250 1930 2290; x_wconf 88' lang='lat' dir='ltr'>impudicitia</span> <span class='ocrx_word' id='word_1_1021' title='bbox 1946 2259 1993 2283; x_wconf 88' lang='lat' dir='ltr'>est</span> <span class='ocrx_word' id='word_1_1022' title='bbox 2008 2260 2175 2291; x_wconf 89' lang='lat' dir='ltr'>peccatum</span> <span class='ocrx_word' id='word_1_1023' title='bbox 2191 2253 2326 2284; x_wconf 88' lang='lat' dir='ltr'>mortale</span> <span class='ocrx_word' id='word_1_1024' title='bbox 2343 2260 2374 2283; x_wconf 92' lang='lat' dir='ltr'>et</span> <span class='ocrx_word' id='word_1_1025' title='bbox 2388 2253 2519 2293; x_wconf 89' lang='lat' dir='ltr'>quando</span> 
     </span>
     <span class='ocr_line' id='line_1_130' title="bbox 1445 2293 2520 2338; baseline 0.006 -15"><span class='ocrx_word' id='word_1_1026' title='bbox 1445 2303 1527 2330; x_wconf 94' lang='lat' dir='ltr'>non,</span> <span class='ocrx_word' id='word_1_1027' title='bbox 1552 2293 1716 2325; x_wconf 90' lang='lat' dir='ltr'>inferius*</span> <span class='ocrx_word' id='word_1_1028' title='bbox 1740 2295 1869 2334; x_wconf 91' lang='lat' dir='ltr'>patebit.</span> <span class='ocrx_word' id='word_1_1029' title='bbox 1900 2296 1995 2327; x_wconf 90' lang='lat' dir='ltr'>Nunc</span> <span class='ocrx_word' id='word_1_1030' title='bbox 2025 2304 2131 2327; x_wconf 90' lang='lat' dir='ltr'>autem</span> <span class='ocrx_word' id='word_1_1031' title='bbox 2160 2305 2207 2328; x_wconf 89' lang='lat' dir='ltr'>sat</span> <span class='ocrx_word' id='word_1_1032' title='bbox 2236 2305 2282 2329; x_wconf 89' lang='lat' dir='ltr'>est</span> <span class='ocrx_word' id='word_1_1033' title='bbox 2308 2308 2403 2328; x_wconf 90' lang='lat' dir='ltr'>nosse</span> <span class='ocrx_word' id='word_1_1034' title='bbox 2431 2298 2520 2338; x_wconf 91' lang='lat' dir='ltr'>quod</span> 
     </span>
     <span class='ocr_line' id='line_1_131' title="bbox 1443 2338 2520 2383; baseline 0.005 -15"><span class='ocrx_word' id='word_1_1035' title='bbox 1443 2338 1525 2369; x_wconf 88' lang='lat' dir='ltr'>inter</span> <span class='ocrx_word' id='word_1_1036' title='bbox 1548 2339 1798 2370; x_wconf 90' lang='lat' dir='ltr'>circumstantias</span> <span class='ocrx_word' id='word_1_1037' title='bbox 1822 2347 1910 2371; x_wconf 89' lang='lat' dir='ltr'>actus</span> <span class='ocrx_word' id='word_1_1038' title='bbox 1935 2348 2163 2382; x_wconf 89' lang='lat' dir='ltr'>computantur</span> <span class='ocrx_word' id='word_1_1039' title='bbox 2186 2342 2402 2383; x_wconf 87' lang='lat' dir='ltr'>impudicitiae</span> <span class='ocrx_word' id='word_1_1040' title='bbox 2426 2353 2520 2373; x_wconf 89' lang='lat' dir='ltr'>oscu-</span> 
     </span>
     <span class='ocr_line' id='line_1_132' title="bbox 1444 2383 2520 2428; baseline 0.005 -15"><span class='ocrx_word' id='word_1_1041' title='bbox 1444 2383 1551 2414; x_wconf 89' lang='lat' dir='ltr'>lorum</span> <span class='ocrx_word' id='word_1_1042' title='bbox 1577 2390 1607 2414; x_wconf 91' lang='lat' dir='ltr'>et</span> <span class='ocrx_word' id='word_1_1043' title='bbox 1631 2384 1828 2421; x_wconf 90' lang='lat' dir='ltr'>huiusmodi,</span> <span class='ocrx_word' id='word_1_1044' title='bbox 1846 2392 1882 2416; x_wconf 92' lang='lat' dir='ltr'>ut</span> <span class='ocrx_word' id='word_1_1045' title='bbox 1905 2385 1937 2415; x_wconf 92' lang='lat' dir='ltr'>in</span> <span class='ocrx_word' id='word_1_1046' title='bbox 1962 2387 2171 2426; x_wconf 89' lang='lat' dir='ltr'>responsione</span> <span class='ocrx_word' id='word_1_1047' title='bbox 2187 2388 2226 2417; x_wconf 90' lang='lat' dir='ltr'>ad</span> <span class='ocrx_word' id='word_1_1048' title='bbox 2251 2387 2402 2428; x_wconf 89' lang='lat' dir='ltr'>quintum</span> <span class='ocrx_word' id='word_1_1049' title='bbox 2418 2387 2450 2417; x_wconf 90' lang='lat' dir='ltr'>in</span> <span class='ocrx_word' id='word_1_1050' title='bbox 2470 2387 2520 2418; x_wconf 88' lang='lat' dir='ltr'>lit-</span> 
     </span>
     <span class='ocr_line' id='line_1_133' title="bbox 1444 2429 1641 2460; baseline 0.005 -1"><span class='ocrx_word' id='word_1_1051' title='bbox 1444 2435 1508 2459; x_wconf 89' lang='lat' dir='ltr'>tera</span> <span class='ocrx_word' id='word_1_1052' title='bbox 1534 2429 1641 2460; x_wconf 82' lang='lat' dir='ltr'>habes.</span> 
     </span>
    </p>

    <p class='ocr_par' dir='ltr' id='par_1_30' title="bbox 1443 2474 2523 3498">
     <span class='ocr_line' id='line_1_134' title="bbox 1501 2474 2520 2516; baseline 0.003 -12"><span class='ocrx_word' id='word_1_1053' title='bbox 1501 2474 1599 2505; x_wconf 90' lang='lat' dir='ltr'>XVII.</span> <span class='ocrx_word' id='word_1_1054' title='bbox 1625 2474 1659 2504; x_wconf 91' lang='lat' dir='ltr'>In</span> <span class='ocrx_word' id='word_1_1055' title='bbox 1685 2474 1799 2504; x_wconf 90' lang='lat' dir='ltr'>eodem</span> <span class='ocrx_word' id='word_1_1056' title='bbox 1824 2474 1930 2515; x_wconf 91' lang='lat' dir='ltr'>primo</span> <span class='ocrx_word' id='word_1_1057' title='bbox 1954 2475 2099 2512; x_wconf 88' lang='lat' dir='ltr'>articulo,</span> <span class='ocrx_word' id='word_1_1058' title='bbox 2120 2476 2152 2506; x_wconf 92' lang='lat' dir='ltr'>in</span> <span class='ocrx_word' id='word_1_1059' title='bbox 2177 2477 2385 2516; x_wconf 92' lang='lat' dir='ltr'>responsione</span> <span class='ocrx_word' id='word_1_1060' title='bbox 2410 2477 2449 2506; x_wconf 88' lang='lat' dir='ltr'>ad</span> <span class='ocrx_word' id='word_1_1061' title='bbox 2473 2487 2520 2507; x_wconf 89' lang='lat' dir='ltr'>se-</span> 
     </span>
     <span class='ocr_line' id='line_1_135' title="bbox 1445 2518 2520 2561; baseline 0.004 -13"><span class='ocrx_word' id='word_1_1062' title='bbox 1445 2518 1603 2555; x_wconf 90' lang='lat' dir='ltr'>cundum,</span> <span class='ocrx_word' id='word_1_1063' title='bbox 1629 2526 1704 2549; x_wconf 87' lang='lat' dir='ltr'>nota</span> <span class='ocrx_word' id='word_1_1064' title='bbox 1731 2519 1830 2559; x_wconf 90' lang='lat' dir='ltr'>quod,</span> <span class='ocrx_word' id='word_1_1065' title='bbox 1855 2520 1931 2560; x_wconf 90' lang='lat' dir='ltr'>quia</span> <span class='ocrx_word' id='word_1_1066' title='bbox 1954 2521 2146 2551; x_wconf 88' lang='lat' dir='ltr'>adulterium</span> <span class='ocrx_word' id='word_1_1067' title='bbox 2171 2521 2325 2561; x_wconf 85' lang='lat' dir='ltr'>significat</span> <span class='ocrx_word' id='word_1_1068' title='bbox 2357 2522 2436 2552; x_wconf 89' lang='lat' dir='ltr'>duas</span> <span class='ocrx_word' id='word_1_1069' title='bbox 2465 2522 2520 2552; x_wconf 91' lang='lat' dir='ltr'>de-</span> 
     </span>
     <span class='ocr_line' id='line_1_136' title="bbox 1445 2563 2521 2606; baseline 0.003 -13"><span class='ocrx_word' id='word_1_1070' title='bbox 1445 2563 1637 2600; x_wconf 89' lang='lat' dir='ltr'>formitates,</span> <span class='ocrx_word' id='word_1_1071' title='bbox 1662 2564 1791 2595; x_wconf 88' lang='lat' dir='ltr'>alteram</span> <span class='ocrx_word' id='word_1_1072' title='bbox 1817 2564 1849 2594; x_wconf 89' lang='lat' dir='ltr'>in</span> <span class='ocrx_word' id='word_1_1073' title='bbox 1873 2575 1986 2604; x_wconf 88' lang='lat' dir='ltr'>genere</span> <span class='ocrx_word' id='word_1_1074' title='bbox 2009 2565 2168 2602; x_wconf 86' lang='lat' dir='ltr'>luxuriae,</span> <span class='ocrx_word' id='word_1_1075' title='bbox 2194 2566 2323 2596; x_wconf 89' lang='lat' dir='ltr'>alteram</span> <span class='ocrx_word' id='word_1_1076' title='bbox 2351 2566 2384 2596; x_wconf 93' lang='lat' dir='ltr'>in</span> <span class='ocrx_word' id='word_1_1077' title='bbox 2407 2576 2521 2606; x_wconf 91' lang='lat' dir='ltr'>genere</span> 
     </span>
     <span class='ocr_line' id='line_1_137' title="bbox 1444 2607 2520 2645; baseline 0.003 -7"><span class='ocrx_word' id='word_1_1078' title='bbox 1444 2607 1634 2645; x_wconf 88' lang='lat' dir='ltr'>iniustitiae;</span> <span class='ocrx_word' id='word_1_1079' title='bbox 1660 2616 1691 2639; x_wconf 91' lang='lat' dir='ltr'>et</span> <span class='ocrx_word' id='word_1_1080' title='bbox 1714 2609 2061 2640; x_wconf 87' lang='lat' dir='ltr'>ambae.determinant</span> <span class='ocrx_word' id='word_1_1081' title='bbox 2084 2618 2192 2641; x_wconf 88' lang='lat' dir='ltr'>actum</span> <span class='ocrx_word' id='word_1_1082' title='bbox 2216 2610 2405 2641; x_wconf 89' lang='lat' dir='ltr'>concubitus</span> <span class='ocrx_word' id='word_1_1083' title='bbox 2429 2618 2520 2641; x_wconf 89' lang='lat' dir='ltr'>natu-</span> 
     </span>
     <span class='ocr_line' id='line_1_138' title="bbox 1445 2653 2521 2691; baseline 0.002 -8"><span class='ocrx_word' id='word_1_1084' title='bbox 1445 2653 1532 2688; x_wconf 84' lang='lat' dir='ltr'>ralis,</span> <span class='ocrx_word' id='word_1_1085' title='bbox 1557 2660 1588 2684; x_wconf 91' lang='lat' dir='ltr'>et</span> <span class='ocrx_word' id='word_1_1086' title='bbox 1615 2653 1711 2684; x_wconf 88' lang='lat' dir='ltr'>altera</span> <span class='ocrx_word' id='word_1_1087' title='bbox 1741 2653 1873 2684; x_wconf 89' lang='lat' dir='ltr'>alteram</span> <span class='ocrx_word' id='word_1_1088' title='bbox 1901 2654 2074 2691; x_wconf 88' lang='lat' dir='ltr'>contrahit,</span> <span class='ocrx_word' id='word_1_1089' title='bbox 2100 2665 2174 2685; x_wconf 90' lang='lat' dir='ltr'>narn</span> <span class='ocrx_word' id='word_1_1090' title='bbox 2203 2655 2326 2685; x_wconf 87' lang='lat' dir='ltr'>luxuria</span> <span class='ocrx_word' id='word_1_1091' title='bbox 2360 2662 2521 2685; x_wconf 87' lang='lat' dir='ltr'>contracta</span> 
     </span>
     <span class='ocr_line' id='line_1_139' title="bbox 1445 2697 2521 2738; baseline 0.001 -10"><span class='ocrx_word' id='word_1_1092' title='bbox 1445 2708 1502 2738; x_wconf 90' lang='lat' dir='ltr'>per</span> <span class='ocrx_word' id='word_1_1093' title='bbox 1533 2697 1684 2728; x_wconf 90' lang='lat' dir='ltr'>iniuriam</span> <span class='ocrx_word' id='word_1_1094' title='bbox 1709 2698 1812 2728; x_wconf 88' lang='lat' dir='ltr'>mariti</span> <span class='ocrx_word' id='word_1_1095' title='bbox 1846 2699 1987 2729; x_wconf 86' lang='lat' dir='ltr'>ascendit</span> <span class='ocrx_word' id='word_1_1096' title='bbox 2016 2699 2055 2729; x_wconf 91' lang='lat' dir='ltr'>ad</span> <span class='ocrx_word' id='word_1_1097' title='bbox 2089 2699 2297 2735; x_wconf 89' lang='lat' dir='ltr'>adulterium,</span> <span class='ocrx_word' id='word_1_1098' title='bbox 2323 2706 2353 2730; x_wconf 95' lang='lat' dir='ltr'>et</span> <span class='ocrx_word' id='word_1_1099' title='bbox 2376 2699 2521 2730; x_wconf 89' lang='lat' dir='ltr'>similiter</span> 
     </span>
     <span class='ocr_line' id='line_1_140' title="bbox 1444 2742 2520 2783; baseline 0.002 -11"><span class='ocrx_word' id='word_1_1100' title='bbox 1444 2742 1597 2774; x_wconf 87' lang='lat' dir='ltr'>iniustitia</span> <span class='ocrx_word' id='word_1_1101' title='bbox 1622 2749 1782 2773; x_wconf 90' lang='lat' dir='ltr'>contracta</span> <span class='ocrx_word' id='word_1_1102' title='bbox 1805 2753 1861 2783; x_wconf 93' lang='lat' dir='ltr'>per</span> <span class='ocrx_word' id='word_1_1103' title='bbox 1890 2743 2097 2774; x_wconf 92' lang='lat' dir='ltr'>concubitum</span> <span class='ocrx_word' id='word_1_1104' title='bbox 2132 2754 2204 2774; x_wconf 89' lang='lat' dir='ltr'>curn</span> <span class='ocrx_word' id='word_1_1105' title='bbox 2231 2744 2365 2783; x_wconf 90' lang='lat' dir='ltr'>coniuge</span> <span class='ocrx_word' id='word_1_1106' title='bbox 2393 2744 2520 2774; x_wconf 88' lang='lat' dir='ltr'>alterius</span> 
     </span>
     <span class='ocr_line' id='line_1_141' title="bbox 1446 2787 2521 2828; baseline 0.001 -11"><span class='ocrx_word' id='word_1_1107' title='bbox 1446 2787 1607 2818; x_wconf 90' lang='lat' dir='ltr'>descendit</span> <span class='ocrx_word' id='word_1_1108' title='bbox 1630 2788 1669 2817; x_wconf 90' lang='lat' dir='ltr'>ad</span> <span class='ocrx_word' id='word_1_1109' title='bbox 1694 2787 1902 2818; x_wconf 85' lang='lat' dir='ltr'>adulterium:</span> <span class='ocrx_word' id='word_1_1110' title='bbox 1931 2788 2004 2818; x_wconf 90' lang='lat' dir='ltr'>ideo</span> <span class='ocrx_word' id='word_1_1111' title='bbox 2029 2799 2066 2819; x_wconf 86' lang='lat' dir='ltr'>ex</span> <span class='ocrx_word' id='word_1_1112' title='bbox 2089 2789 2133 2818; x_wconf 89' lang='lat' dir='ltr'>eis</span> <span class='ocrx_word' id='word_1_1113' title='bbox 2156 2799 2214 2819; x_wconf 91' lang='lat' dir='ltr'>nec</span> <span class='ocrx_word' id='word_1_1114' title='bbox 2239 2789 2366 2828; x_wconf 92' lang='lat' dir='ltr'>proprie</span> <span class='ocrx_word' id='word_1_1115' title='bbox 2390 2799 2521 2819; x_wconf 90' lang='lat' dir='ltr'>consur-</span> 
     </span>
     <span class='ocr_line' id='line_1_142' title="bbox 1445 2832 2520 2873; baseline 0.001 -11"><span class='ocrx_word' id='word_1_1116' title='bbox 1445 2833 1491 2872; x_wconf 89' lang='lat' dir='ltr'>git</span> <span class='ocrx_word' id='word_1_1117' title='bbox 1514 2843 1579 2863; x_wconf 91' lang='lat' dir='ltr'>una</span> <span class='ocrx_word' id='word_1_1118' title='bbox 1601 2832 1730 2872; x_wconf 90' lang='lat' dir='ltr'>species,</span> <span class='ocrx_word' id='word_1_1119' title='bbox 1751 2842 1809 2862; x_wconf 90' lang='lat' dir='ltr'>nec</span> <span class='ocrx_word' id='word_1_1120' title='bbox 1833 2840 1964 2872; x_wconf 86' lang='lat' dir='ltr'>apparet</span> <span class='ocrx_word' id='word_1_1121' title='bbox 1987 2833 2064 2873; x_wconf 91' lang='lat' dir='ltr'>quid</span> <span class='ocrx_word' id='word_1_1122' title='bbox 2089 2833 2128 2863; x_wconf 92' lang='lat' dir='ltr'>sit</span> <span class='ocrx_word' id='word_1_1123' title='bbox 2150 2833 2182 2863; x_wconf 90' lang='lat' dir='ltr'>in</span> <span class='ocrx_word' id='word_1_1124' title='bbox 2208 2833 2362 2864; x_wconf 90' lang='lat' dir='ltr'>adulterio</span> <span class='ocrx_word' id='word_1_1125' title='bbox 2387 2833 2520 2864; x_wconf 86' lang='lat' dir='ltr'>formale</span> 
     </span>
     <span class='ocr_line' id='line_1_143' title="bbox 1446 2876 2520 2918; baseline 0 -10"><span class='ocrx_word' id='word_1_1126' title='bbox 1446 2885 1476 2908; x_wconf 92' lang='lat' dir='ltr'>et</span> <span class='ocrx_word' id='word_1_1127' title='bbox 1499 2877 1578 2918; x_wconf 89' lang='lat' dir='ltr'>quid</span> <span class='ocrx_word' id='word_1_1128' title='bbox 1601 2876 1771 2907; x_wconf 90' lang='lat' dir='ltr'>materiale.</span> <span class='ocrx_word' id='word_1_1129' title='bbox 1801 2877 2022 2917; x_wconf 88' lang='lat' dir='ltr'>Perspicaciter</span> <span class='ocrx_word' id='word_1_1130' title='bbox 2047 2885 2152 2908; x_wconf 89' lang='lat' dir='ltr'>tamen</span> <span class='ocrx_word' id='word_1_1131' title='bbox 2175 2878 2372 2909; x_wconf 90' lang='lat' dir='ltr'>intuentibus</span> <span class='ocrx_word' id='word_1_1132' title='bbox 2396 2878 2520 2909; x_wconf 91' lang='lat' dir='ltr'>innote-</span> 
     </span>
     <span class='ocr_line' id='line_1_144' title="bbox 1445 2921 2520 2962; baseline 0 -10"><span class='ocrx_word' id='word_1_1133' title='bbox 1445 2922 1503 2953; x_wconf 90' lang='lat' dir='ltr'>scit</span> <span class='ocrx_word' id='word_1_1134' title='bbox 1526 2928 1557 2952; x_wconf 94' lang='lat' dir='ltr'>et</span> <span class='ocrx_word' id='word_1_1135' title='bbox 1576 2922 1666 2962; x_wconf 93' lang='lat' dir='ltr'>quod</span> <span class='ocrx_word' id='word_1_1136' title='bbox 1689 2922 1748 2952; x_wconf 91' lang='lat' dir='ltr'>sub</span> <span class='ocrx_word' id='word_1_1137' title='bbox 1773 2921 1901 2951; x_wconf 88' lang='lat' dir='ltr'>duobus</span> <span class='ocrx_word' id='word_1_1138' title='bbox 1920 2922 2088 2962; x_wconf 89' lang='lat' dir='ltr'>generibus</span> <span class='ocrx_word' id='word_1_1139' title='bbox 2113 2922 2254 2962; x_wconf 91' lang='lat' dir='ltr'>ponitur,</span> <span class='ocrx_word' id='word_1_1140' title='bbox 2271 2922 2392 2953; x_wconf 88' lang='lat' dir='ltr'>ratione</span> <span class='ocrx_word' id='word_1_1141' title='bbox 2418 2923 2520 2953; x_wconf 91' lang='lat' dir='ltr'>diver-</span> 
     </span>
     <span class='ocr_line' id='line_1_145' title="bbox 1446 2966 2519 3008; baseline 0 -11"><span class='ocrx_word' id='word_1_1142' title='bbox 1446 2977 1567 3003; x_wconf 90' lang='lat' dir='ltr'>sorum,</span> <span class='ocrx_word' id='word_1_1143' title='bbox 1585 2973 1620 2997; x_wconf 92' lang='lat' dir='ltr'>ut</span> <span class='ocrx_word' id='word_1_1144' title='bbox 1636 2967 1669 2996; x_wconf 90' lang='lat' dir='ltr'>in</span> <span class='ocrx_word' id='word_1_1145' title='bbox 1691 2966 1793 2997; x_wconf 89' lang='lat' dir='ltr'>littera</span> <span class='ocrx_word' id='word_1_1146' title='bbox 1808 2966 1935 3003; x_wconf 90' lang='lat' dir='ltr'>dicitur;</span> <span class='ocrx_word' id='word_1_1147' title='bbox 1961 2974 1991 2997; x_wconf 89' lang='lat' dir='ltr'>et</span> <span class='ocrx_word' id='word_1_1148' title='bbox 2005 2967 2094 3007; x_wconf 91' lang='lat' dir='ltr'>quod</span> <span class='ocrx_word' id='word_1_1149' title='bbox 2119 2967 2332 2997; x_wconf 89' lang='lat' dir='ltr'>communiter</span> <span class='ocrx_word' id='word_1_1150' title='bbox 2351 2967 2383 2997; x_wconf 94' lang='lat' dir='ltr'>in</span> <span class='ocrx_word' id='word_1_1151' title='bbox 2407 2977 2519 3008; x_wconf 91' lang='lat' dir='ltr'>perpe-</span> 
     </span>
     <span class='ocr_line' id='line_1_146' title="bbox 1445 3011 2521 3047; baseline -0.001 -5"><span class='ocrx_word' id='word_1_1152' title='bbox 1445 3011 1581 3042; x_wconf 90' lang='lat' dir='ltr'>tratione</span> <span class='ocrx_word' id='word_1_1153' title='bbox 1606 3011 1750 3041; x_wconf 85' lang='lat' dir='ltr'>adulterii</span> <span class='ocrx_word' id='word_1_1154' title='bbox 1773 3011 1926 3042; x_wconf 90' lang='lat' dir='ltr'>iniustitia</span> <span class='ocrx_word' id='word_1_1155' title='bbox 1949 3021 1982 3042; x_wconf 90' lang='lat' dir='ltr'>se</span> <span class='ocrx_word' id='word_1_1156' title='bbox 2006 3012 2101 3043; x_wconf 88' lang='lat' dir='ltr'>habet</span> <span class='ocrx_word' id='word_1_1157' title='bbox 2115 3012 2325 3047; x_wconf 85' lang='lat' dir='ltr'>materialiter,</span> <span class='ocrx_word' id='word_1_1158' title='bbox 2344 3018 2375 3042; x_wconf 90' lang='lat' dir='ltr'>et</span> <span class='ocrx_word' id='word_1_1159' title='bbox 2397 3012 2521 3042; x_wconf 90' lang='lat' dir='ltr'>luxuria</span> 
     </span>
     <span class='ocr_line' id='line_1_147' title="bbox 1447 3055 2520 3096; baseline -0.001 -9"><span class='ocrx_word' id='word_1_1160' title='bbox 1447 3056 1632 3087; x_wconf 86' lang='lat' dir='ltr'>formaliter.</span> <span class='ocrx_word' id='word_1_1161' title='bbox 1658 3055 1743 3093; x_wconf 90' lang='lat' dir='ltr'>Quia</span> <span class='ocrx_word' id='word_1_1162' title='bbox 1767 3055 1901 3086; x_wconf 90' lang='lat' dir='ltr'>formale</span> <span class='ocrx_word' id='word_1_1163' title='bbox 1925 3066 1962 3086; x_wconf 87' lang='lat' dir='ltr'>ex</span> <span class='ocrx_word' id='word_1_1164' title='bbox 1985 3063 2072 3096; x_wconf 87' lang='lat' dir='ltr'>parte</span> <span class='ocrx_word' id='word_1_1165' title='bbox 2095 3056 2167 3086; x_wconf 89' lang='lat' dir='ltr'>finis</span> <span class='ocrx_word' id='word_1_1166' title='bbox 2191 3067 2223 3087; x_wconf 93' lang='lat' dir='ltr'>se</span> <span class='ocrx_word' id='word_1_1167' title='bbox 2247 3063 2341 3092; x_wconf 87' lang='lat' dir='ltr'>tenet,</span> <span class='ocrx_word' id='word_1_1168' title='bbox 2359 3056 2520 3087; x_wconf 86' lang='lat' dir='ltr'>materiale</span> 
     </span>
     <span class='ocr_line' id='line_1_148' title="bbox 1448 3100 2520 3141; baseline -0.001 -9"><span class='ocrx_word' id='word_1_1169' title='bbox 1448 3108 1557 3132; x_wconf 87' lang='lat' dir='ltr'>autem</span> <span class='ocrx_word' id='word_1_1170' title='bbox 1580 3111 1617 3131; x_wconf 90' lang='lat' dir='ltr'>ex</span> <span class='ocrx_word' id='word_1_1171' title='bbox 1648 3107 1735 3141; x_wconf 88' lang='lat' dir='ltr'>parte</span> <span class='ocrx_word' id='word_1_1172' title='bbox 1763 3100 1831 3130; x_wconf 89' lang='lat' dir='ltr'>eius</span> <span class='ocrx_word' id='word_1_1173' title='bbox 1862 3101 1951 3141; x_wconf 93' lang='lat' dir='ltr'>quod</span> <span class='ocrx_word' id='word_1_1174' title='bbox 1975 3107 2021 3131; x_wconf 92' lang='lat' dir='ltr'>est</span> <span class='ocrx_word' id='word_1_1175' title='bbox 2052 3102 2091 3131; x_wconf 86' lang='lat' dir='ltr'>ad</span> <span class='ocrx_word' id='word_1_1176' title='bbox 2115 3100 2226 3131; x_wconf 88' lang='lat' dir='ltr'>finem:</span> <span class='ocrx_word' id='word_1_1177' title='bbox 2259 3107 2383 3131; x_wconf 88' lang='lat' dir='ltr'>constat</span> <span class='ocrx_word' id='word_1_1178' title='bbox 2412 3107 2520 3131; x_wconf 89' lang='lat' dir='ltr'>autem</span> 
     </span>
     <span class='ocr_line' id='line_1_149' title="bbox 1448 3144 2522 3187; baseline 0 -11"><span class='ocrx_word' id='word_1_1179' title='bbox 1448 3146 1538 3187; x_wconf 94' lang='lat' dir='ltr'>quod</span> <span class='ocrx_word' id='word_1_1180' title='bbox 1561 3145 1631 3175; x_wconf 93' lang='lat' dir='ltr'>finis</span> <span class='ocrx_word' id='word_1_1181' title='bbox 1656 3144 1799 3175; x_wconf 90' lang='lat' dir='ltr'>adulterii</span> <span class='ocrx_word' id='word_1_1182' title='bbox 1825 3145 2039 3176; x_wconf 87' lang='lat' dir='ltr'>communiter</span> <span class='ocrx_word' id='word_1_1183' title='bbox 2062 3152 2108 3175; x_wconf 91' lang='lat' dir='ltr'>est</span> <span class='ocrx_word' id='word_1_1184' title='bbox 2132 3145 2297 3175; x_wconf 87' lang='lat' dir='ltr'>delectatio</span> <span class='ocrx_word' id='word_1_1185' title='bbox 2321 3155 2463 3181; x_wconf 87' lang='lat' dir='ltr'>venerea,</span> <span class='ocrx_word' id='word_1_1186' title='bbox 2491 3153 2522 3176; x_wconf 93' lang='lat' dir='ltr'>et</span> 
     </span>
     <span class='ocr_line' id='line_1_150' title="bbox 1449 3189 2519 3231; baseline -0.001 -10"><span class='ocrx_word' id='word_1_1187' title='bbox 1449 3191 1538 3231; x_wconf 94' lang='lat' dir='ltr'>quod</span> <span class='ocrx_word' id='word_1_1188' title='bbox 1561 3196 1691 3230; x_wconf 91' lang='lat' dir='ltr'>propter</span> <span class='ocrx_word' id='word_1_1189' title='bbox 1713 3189 1802 3219; x_wconf 87' lang='lat' dir='ltr'>illam</span> <span class='ocrx_word' id='word_1_1190' title='bbox 1818 3199 1885 3219; x_wconf 89' lang='lat' dir='ltr'>non</span> <span class='ocrx_word' id='word_1_1191' title='bbox 1905 3197 1992 3220; x_wconf 88' lang='lat' dir='ltr'>curat</span> <span class='ocrx_word' id='word_1_1192' title='bbox 2014 3189 2185 3220; x_wconf 87' lang='lat' dir='ltr'>iniustitiae</span> <span class='ocrx_word' id='word_1_1193' title='bbox 2209 3189 2327 3220; x_wconf 88' lang='lat' dir='ltr'>crimen</span> <span class='ocrx_word' id='word_1_1194' title='bbox 2351 3189 2519 3220; x_wconf 91' lang='lat' dir='ltr'>incurrere.</span> 
     </span>
     <span class='ocr_line' id='line_1_151' title="bbox 1448 3234 2521 3274; baseline -0.001 -8"><span class='ocrx_word' id='word_1_1195' title='bbox 1448 3236 1489 3266; x_wconf 89' lang='lat' dir='ltr'>Et</span> <span class='ocrx_word' id='word_1_1196' title='bbox 1511 3235 1584 3265; x_wconf 90' lang='lat' dir='ltr'>ideo</span> <span class='ocrx_word' id='word_1_1197' title='bbox 1608 3234 1800 3264; x_wconf 89' lang='lat' dir='ltr'>adulterium</span> <span class='ocrx_word' id='word_1_1198' title='bbox 1824 3234 1970 3265; x_wconf 90' lang='lat' dir='ltr'>absolute</span> <span class='ocrx_word' id='word_1_1199' title='bbox 1994 3234 2126 3274; x_wconf 91' lang='lat' dir='ltr'>ponitur</span> <span class='ocrx_word' id='word_1_1200' title='bbox 2148 3234 2268 3274; x_wconf 89' lang='lat' dir='ltr'>species</span> <span class='ocrx_word' id='word_1_1201' title='bbox 2287 3234 2446 3271; x_wconf 82' lang='lat' dir='ltr'>luxuriae,</span> <span class='ocrx_word' id='word_1_1202' title='bbox 2472 3241 2521 3265; x_wconf 90' lang='lat' dir='ltr'>ut-</span> 
     </span>
     <span class='ocr_line' id='line_1_152' title="bbox 1448 3278 2523 3319; baseline 0 -9"><span class='ocrx_word' id='word_1_1203' title='bbox 1448 3286 1524 3319; x_wconf 92' lang='lat' dir='ltr'>pote</span> <span class='ocrx_word' id='word_1_1204' title='bbox 1547 3279 1721 3309; x_wconf 89' lang='lat' dir='ltr'>formaliter</span> <span class='ocrx_word' id='word_1_1205' title='bbox 1744 3278 1784 3308; x_wconf 87' lang='lat' dir='ltr'>ad</span> <span class='ocrx_word' id='word_1_1206' title='bbox 1807 3278 1966 3308; x_wconf 89' lang='lat' dir='ltr'>luxuriam</span> <span class='ocrx_word' id='word_1_1207' title='bbox 1990 3286 2144 3318; x_wconf 89' lang='lat' dir='ltr'>spectans,</span> <span class='ocrx_word' id='word_1_1208' title='bbox 2166 3285 2196 3309; x_wconf 90' lang='lat' dir='ltr'>et</span> <span class='ocrx_word' id='word_1_1209' title='bbox 2218 3279 2258 3309; x_wconf 91' lang='lat' dir='ltr'>ad</span> <span class='ocrx_word' id='word_1_1210' title='bbox 2279 3279 2440 3309; x_wconf 87' lang='lat' dir='ltr'>luxuriam</span> <span class='ocrx_word' id='word_1_1211' title='bbox 2463 3286 2523 3310; x_wconf 91' lang='lat' dir='ltr'>tra-</span> 
     </span>
     <span class='ocr_line' id='line_1_153' title="bbox 1448 3323 2521 3360; baseline 0 -6"><span class='ocrx_word' id='word_1_1212' title='bbox 1448 3324 1526 3354; x_wconf 89' lang='lat' dir='ltr'>hens</span> <span class='ocrx_word' id='word_1_1213' title='bbox 1550 3323 1748 3354; x_wconf 87' lang='lat' dir='ltr'>iniustitiam.</span> <span class='ocrx_word' id='word_1_1214' title='bbox 1779 3323 1886 3360; x_wconf 88' lang='lat' dir='ltr'>Quae,</span> <span class='ocrx_word' id='word_1_1215' title='bbox 1912 3330 1947 3353; x_wconf 92' lang='lat' dir='ltr'>ut</span> <span class='ocrx_word' id='word_1_1216' title='bbox 1966 3323 1999 3353; x_wconf 91' lang='lat' dir='ltr'>in</span> <span class='ocrx_word' id='word_1_1217' title='bbox 2022 3323 2123 3354; x_wconf 88' lang='lat' dir='ltr'>littera</span> <span class='ocrx_word' id='word_1_1218' title='bbox 2147 3323 2279 3360; x_wconf 91' lang='lat' dir='ltr'>dicitur,</span> <span class='ocrx_word' id='word_1_1219' title='bbox 2304 3333 2366 3354; x_wconf 87' lang='lat' dir='ltr'>non</span> <span class='ocrx_word' id='word_1_1220' title='bbox 2391 3325 2521 3354; x_wconf 90' lang='lat' dir='ltr'>omnino</span> 
     </span>
     <span class='ocr_line' id='line_1_154' title="bbox 1443 3367 2521 3409; baseline -0.001 -10"><span class='ocrx_word' id='word_1_1221' title='bbox 1443 3379 1507 3409; x_wconf 82' lang='lat' dir='ltr'>per</span> <span class='ocrx_word' id='word_1_1222' title='bbox 1530 3368 1678 3399; x_wconf 86' lang='lat' dir='ltr'>accidens</span> <span class='ocrx_word' id='word_1_1223' title='bbox 1699 3377 1733 3398; x_wconf 84' lang='lat' dir='ltr'>se</span> <span class='ocrx_word' id='word_1_1224' title='bbox 1755 3367 1848 3398; x_wconf 85' lang='lat' dir='ltr'>habet</span> <span class='ocrx_word' id='word_1_1225' title='bbox 1870 3367 1914 3398; x_wconf 85' lang='lat' dir='ltr'>ad</span> <span class='ocrx_word' id='word_1_1226' title='bbox 1937 3368 2048 3398; x_wconf 88' lang='lat' dir='ltr'>illam:</span> <span class='ocrx_word' id='word_1_1227' title='bbox 2070 3367 2146 3408; x_wconf 88' lang='lat' dir='ltr'>quia</span> <span class='ocrx_word' id='word_1_1228' title='bbox 2170 3378 2207 3398; x_wconf 87' lang='lat' dir='ltr'>ex</span> <span class='ocrx_word' id='word_1_1229' title='bbox 2230 3368 2450 3408; x_wconf 89' lang='lat' dir='ltr'>magnitudine</span> <span class='ocrx_word' id='word_1_1230' title='bbox 2473 3369 2521 3398; x_wconf 92' lang='lat' dir='ltr'>lu-</span> 
     </span>
     <span class='ocr_line' id='line_1_155' title="bbox 1448 3412 2521 3454; baseline -0.001 -10"><span class='ocrx_word' id='word_1_1231' title='bbox 1448 3413 1555 3444; x_wconf 89' lang='lat' dir='ltr'>xuriae</span> <span class='ocrx_word' id='word_1_1232' title='bbox 1570 3412 1713 3453; x_wconf 88' lang='lat' dir='ltr'>procedit</span> <span class='ocrx_word' id='word_1_1233' title='bbox 1736 3412 1899 3448; x_wconf 88' lang='lat' dir='ltr'>iniustitia,</span> <span class='ocrx_word' id='word_1_1234' title='bbox 1918 3412 1995 3442; x_wconf 91' lang='lat' dir='ltr'>dum</span> <span class='ocrx_word' id='word_1_1235' title='bbox 2018 3413 2051 3443; x_wconf 93' lang='lat' dir='ltr'>in</span> <span class='ocrx_word' id='word_1_1236' title='bbox 2071 3419 2197 3443; x_wconf 88' lang='lat' dir='ltr'>tantum</span> <span class='ocrx_word' id='word_1_1237' title='bbox 2220 3413 2292 3454; x_wconf 90' lang='lat' dir='ltr'>quis</span> <span class='ocrx_word' id='word_1_1238' title='bbox 2316 3414 2403 3443; x_wconf 89' lang='lat' dir='ltr'>ardet</span> <span class='ocrx_word' id='word_1_1239' title='bbox 2427 3423 2521 3443; x_wconf 90' lang='lat' dir='ltr'>vene-</span> 
     </span>
     <span class='ocr_line' id='line_1_156' title="bbox 1450 3457 2519 3498; baseline -0.002 -9"><span class='ocrx_word' id='word_1_1240' title='bbox 1450 3469 1504 3489; x_wconf 92' lang='lat' dir='ltr'>reo</span> <span class='ocrx_word' id='word_1_1241' title='bbox 1523 3467 1632 3488; x_wconf 90' lang='lat' dir='ltr'>amore</span> <span class='ocrx_word' id='word_1_1242' title='bbox 1657 3457 1790 3488; x_wconf 89' lang='lat' dir='ltr'>alicuius</span> <span class='ocrx_word' id='word_1_1243' title='bbox 1804 3467 1961 3498; x_wconf 86' lang='lat' dir='ltr'>personae</span> <span class='ocrx_word' id='word_1_1244' title='bbox 1984 3463 2021 3487; x_wconf 92' lang='lat' dir='ltr'>ut</span> <span class='ocrx_word' id='word_1_1245' title='bbox 2043 3467 2108 3487; x_wconf 93' lang='lat' dir='ltr'>non</span> <span class='ocrx_word' id='word_1_1246' title='bbox 2127 3463 2214 3488; x_wconf 93' lang='lat' dir='ltr'>curet</span> <span class='ocrx_word' id='word_1_1247' title='bbox 2237 3457 2276 3487; x_wconf 92' lang='lat' dir='ltr'>de</span> <span class='ocrx_word' id='word_1_1248' title='bbox 2291 3457 2418 3488; x_wconf 86' lang='lat' dir='ltr'>alterius</span> <span class='ocrx_word' id='word_1_1249' title='bbox 2442 3457 2519 3487; x_wconf 92' lang='lat' dir='ltr'>iure.</span> 
     </span>
    </p>

    <p class='ocr_par' dir='ltr' id='par_1_31' title="bbox 1450 3501 2520 3634">
     <span class='ocr_line' id='line_1_157' title="bbox 1505 3501 2519 3543; baseline -0.003 -9"><span class='ocrx_word' id='word_1_1250' title='bbox 1505 3504 1546 3534; x_wconf 91' lang='lat' dir='ltr'>Et</span> <span class='ocrx_word' id='word_1_1251' title='bbox 1569 3503 1631 3533; x_wconf 90' lang='lat' dir='ltr'>hoc</span> <span class='ocrx_word' id='word_1_1252' title='bbox 1647 3502 1736 3543; x_wconf 91' lang='lat' dir='ltr'>quod</span> <span class='ocrx_word' id='word_1_1253' title='bbox 1752 3502 1791 3532; x_wconf 90' lang='lat' dir='ltr'>de</span> <span class='ocrx_word' id='word_1_1254' title='bbox 1815 3501 1970 3532; x_wconf 90' lang='lat' dir='ltr'>adulterio</span> <span class='ocrx_word' id='word_1_1255' title='bbox 1987 3501 2108 3532; x_wconf 90' lang='lat' dir='ltr'>dictum</span> <span class='ocrx_word' id='word_1_1256' title='bbox 2125 3509 2181 3538; x_wconf 91' lang='lat' dir='ltr'>est,</span> <span class='ocrx_word' id='word_1_1257' title='bbox 2198 3501 2336 3542; x_wconf 92' lang='lat' dir='ltr'>intellige</span> <span class='ocrx_word' id='word_1_1258' title='bbox 2354 3503 2392 3532; x_wconf 92' lang='lat' dir='ltr'>de</span> <span class='ocrx_word' id='word_1_1259' title='bbox 2409 3509 2519 3541; x_wconf 91' lang='lat' dir='ltr'>stupro</span> 
     </span>
     <span class='ocr_line' id='line_1_158' title="bbox 1451 3546 2520 3589; baseline -0.003 -10"><span class='ocrx_word' id='word_1_1260' title='bbox 1451 3556 1480 3579; x_wconf 93' lang='lat' dir='ltr'>et</span> <span class='ocrx_word' id='word_1_1261' title='bbox 1496 3555 1602 3589; x_wconf 89' lang='lat' dir='ltr'>raptu:</span> <span class='ocrx_word' id='word_1_1262' title='bbox 1626 3547 1782 3588; x_wconf 90' lang='lat' dir='ltr'>quoniam</span> <span class='ocrx_word' id='word_1_1263' title='bbox 1797 3546 1883 3576; x_wconf 91' lang='lat' dir='ltr'>idem</span> <span class='ocrx_word' id='word_1_1264' title='bbox 1899 3553 1945 3577; x_wconf 90' lang='lat' dir='ltr'>est</span> <span class='ocrx_word' id='word_1_1265' title='bbox 1961 3546 1992 3577; x_wconf 94' lang='lat' dir='ltr'>in</span> <span class='ocrx_word' id='word_1_1266' title='bbox 2010 3546 2054 3577; x_wconf 90' lang='lat' dir='ltr'>eis</span> <span class='ocrx_word' id='word_1_1267' title='bbox 2070 3546 2225 3578; x_wconf 91' lang='lat' dir='ltr'>iudicium</span> <span class='ocrx_word' id='word_1_1268' title='bbox 2242 3547 2279 3577; x_wconf 95' lang='lat' dir='ltr'>de</span> <span class='ocrx_word' id='word_1_1269' title='bbox 2294 3547 2408 3577; x_wconf 90' lang='lat' dir='ltr'>iniuria</span> <span class='ocrx_word' id='word_1_1270' title='bbox 2422 3556 2520 3587; x_wconf 88' lang='lat' dir='ltr'>quam</span> 
     </span>
     <span class='ocr_line' id='line_1_159' title="bbox 1450 3591 1954 3634; baseline -0.008 -9"><span class='ocrx_word' id='word_1_1271' title='bbox 1450 3595 1626 3634; x_wconf 89' lang='lat' dir='ltr'>important</span> <span class='ocrx_word' id='word_1_1272' title='bbox 1648 3592 1681 3622; x_wconf 91' lang='lat' dir='ltr'>in</span> <span class='ocrx_word' id='word_1_1273' title='bbox 1706 3599 1777 3622; x_wconf 89' lang='lat' dir='ltr'>actu</span> <span class='ocrx_word' id='word_1_1274' title='bbox 1801 3591 1954 3622; x_wconf 90' lang='lat' dir='ltr'>luxuriae.</span> 
     </span>
    </p>
   </div>
   <div class='ocr_carea' id='block_1_19' title="bbox 2345 3660 2376 3684">
    <p class='ocr_par' dir='ltr' id='par_1_32' title="bbox 2345 3660 2376 3684">
     <span class='ocr_line' id='line_1_160' title="bbox 2345 3660 2376 3684; baseline 0 0"><span class='ocrx_word' id='word_1_1275' title='bbox 2345 3660 2376 3684; x_wconf 84' lang='lat'>28</span> 
     </span>
    </p>
   </div>
   <div class='ocr_carea' id='block_1_20' title="bbox 2545 2080 2656 2100">
    <p class='ocr_par' dir='ltr' id='par_1_33' title="bbox 2545 2080 2656 2100">
     <span class='ocr_line' id='line_1_161' title="bbox 2545 2080 2656 2100; baseline 0 0"><span class='ocrx_word' id='word_1_1276' title='bbox 2545 2080 2618 2100; x_wconf 72' lang='lat' dir='ltr'>&#39;An-t.</span> <span class='ocrx_word' id='word_1_1277' title='bbox 2651 2095 2656 2100; x_wconf 90' lang='lat'>.</span> 
     </span>
    </p>
   </div>
   <div class='ocr_carea' id='block_1_21' title="bbox 2548 2301 2660 2322">
    <p class='ocr_par' dir='ltr' id='par_1_34' title="bbox 2548 2301 2660 2322">
     <span class='ocr_line' id='line_1_162' title="bbox 2548 2301 2660 2322; baseline 0 0"><span class='ocrx_word' id='word_1_1278' title='bbox 2548 2301 2624 2322; x_wconf 77' lang='lat' dir='ltr'>⁸Art.</span> <span class='ocrx_word' id='word_1_1279' title='bbox 2656 2317 2660 2322; x_wconf 95' lang='lat'>.</span> 
     </span>
    </p>
   </div>
  </div>
 </body>
</html>
