2768 4198
6 3821 18 3830 ν

3 3877 7 3888 t

0 3898 6 3907 π

0 3966 3 3974 >

0 4076 13 4104 ς,

0 4149 11 4175 ’4

0 4179 10 4198 ·“.

82 478 91 487 ·
111 476 158 503 Qu.
181 481 282 498 mxxiv
290 491 296 501 ‚

100 848 148 876 Qu.
161 852 241 875 um,
251 851 294 870 art.

106 874 136 924 :d
146 880 167 900 ις
178 877 220 896 ιη.
230 880 254 902 4,
264 874 294 896 ad

79 880 97 924 ξ’
208 906 293 927 um,

89 917 96 927 ι
130 906 190 929 :⁴1¹¹-

79 931 157 954 nrt.)-

78 1484 292 1535 Lemma„—

173 1555 186 1581 t

77 1974 88 1988 ⁸
103 1975 141 2000 ot
158 1981 224 2000 nun.
239 1982 289 2005 neq.

78 2379 88 2391 ⁸
111 2378 160 2407 Qu.
183 2383 290 2406 mv,

75 2409 151 2432 nrt-1.
164 2411 186 2434 3.

78 2733 159 2783 2th
173 2738 292 2788 ffll:

77 2791 187 2814 (amn,
194 2789 267 2814 art-4,
271 2792 292 2815 5.

966 290 1234 336 QUAESTIO
1266 292 1511 339 CLXXXVI,
1541 294 1839 332 ARTICULUS
1870 295 1882 330 I

320 373 588 415 perceperunt,
618 368 864 416 omnipotenti
890 369 973 404 Deo
1003 369 1211 406 immolant.
1252 371 1294 407 In
1323 371 1398 407 hoc

326 426 455 456 autem
492 420 676 468 perfectio
704 420 874 457 hominis
903 421 1072 458 consistit
1101 423 1206 471 quod
1235 424 1399 460 totaliter

324 472 411 509 Deo
439 473 656 510 inhaereat:
687 473 783 510 sicut
811 486 856 510 ex
885 486 999 522 supra
1018 474 1038 496 ’¹‘
1067 475 1175 512 dictis
1203 484 1317 524 patet.
1349 478 1397 513 Et

324 525 540 562 secundum
577 527 673 572 hoc,
713 526 841 574 religio
878 528 1120 575 perfectionis
1150 537 1289 566 statum
1328 543 1395 566 no-

323 586 455 615 minat.

376 633 436 668 An
457 643 596 669 ramum
616 643 716 669 ERGO
737 644 924 671 DICENDUM
945 635 1049 683 quod
1071 635 1250 672 exhibere
1270 636 1396 684 aliqua

324 684 374 721 ad
411 686 556 722 cultum
593 685 666 722 Dei
706 694 761 722 est
795 686 842 723 de
880 689 1103 725 necessitate
1138 688 1288 725 salutis:
1329 690 1394 725 sed

323 739 428 787 quod
457 738 593 787 aliquis
621 739 784 776 totaliter
812 752 853 776 se
883 748 919 777 et
938 753 1006 777 sua
1036 741 1166 778 divino
1188 742 1303 778 cultui
1333 743 1396 779 de-

321 798 441 840 putet,
471 791 520 828 ad
547 792 824 840 perfectionem
853 794 1027 841 pertinet.

375 847 435 881 AD
455 857 647 882 SECUNDUM
677 857 865 883 DlCENDUM
885 847 1002 895 quod,
1033 848 1129 884 sicut
1157 860 1272 896 supra
1292 847 1312 869 ‘¹‘
1342 848 1396 884 di-

323 905 428 935 ctum
457 906 526 946 est,
557 911 646 935 cum
676 899 723 935 de
742 898 882 936 virtute
912 900 1101 948 religionis
1130 909 1316 948 ageretur,
1347 901 1395 938 ad

322 951 545 999 religionem
574 951 796 1001 pertinent<
825 965 904 990 non
933 955 1058 991 solum
1091 954 1304 991 oblationes
1338 966 1396 991 sa-

321 1004 553 1042 crificiorum
584 1013 621 1042 et
648 1005 720 1042 alia
741 1005 964 1043 huiusmodi
991 1020 1089 1055 quae
1117 1016 1204 1044 sunt
1224 1007 1394 1055 religioni

319 1059 495 1107 propria:
526 1059 595 1096 sed
624 1059 740 1096 etiam
770 1066 876 1096 actus
905 1060 1079 1097 omnium
1109 1060 1307 1107 virtutum,
1338 1073 1395 1097 se-

321 1112 492 1149 cundum
522 1113 628 1161 quod
656 1113 873 1150 referuntur
892 1113 940 1150 ad
961 1114 1033 1150 Dei
1054 1113 1251 1150 servitium
1274 1121 1309 1150 et
1326 1115 1396 1151 ho-

319 1177 469 1213 norem,
499 1166 717 1204 efficiuntur
744 1174 852 1204 actus
872 1166 1072 1215 religionis.
1103 1168 1151 1203 Et
1180 1167 1394 1204 secundum

319 1219 406 1265 hoc,
435 1219 467 1257 si
496 1219 631 1268 aliquis
659 1227 780 1257 totam
804 1219 924 1257 vitam
945 1233 1055 1257 suam
1086 1219 1217 1257 divino
1239 1221 1393 1257 servitio

319 1273 609 1323 deputet,-tota
635 1274 715 1311 vita
743 1286 812 1311 sua
845 1274 895 1311 ad
923 1274 1148 1322 religionem
1178 1274 1392 1322 pertinebit.

307 1324 370 1364 E}
407 1326 621 1364 secundum
658 1328 755 1375 hoc,
796 1339 840 1364 ex
868 1327 946 1365 vita
976 1327 1151 1376 religiosa
1179 1340 1296 1376 quam
1327 1328 1395 1365 du—

319 1387 429 1425 cunt,
459 1380 624 1428 religiosi
653 1381 830 1419 dicuntur
866 1381 932 1430 qui
962 1389 1051 1418 sunt
1078 1381 1118 1418 in
1146 1376 1395 1430 statu‘perfe-

319 1433 466 1471 ctionis.

370 1489 431 1524 Ao
450 1499 612 1525 Tannum
630 1499 818 1526 mesanum
838 1488 957 1536 quod,
987 1488 1083 1525 sicut
1112 1488 1256 1525 dictum
1287 1496 1343 1525 est
1361 1488 1393 1535 ²¹⁸,

317 1540 448 1588 religio
477 1541 653 1579 nominat
681 1549 821 1578 statum
848 1541 1093 1591 perfectionis
1119 1554 1164 1578 ex
1182 1541 1393 1579 intentione

315 1593 417 1632 finis.
446 1594 559 1632 Unde
588 1607 668 1632 non
697 1603 850 1644 oportet
878 1597 983 1644 quod
1013 1595 1250 1644 quicumque
1279 1595 1394 1633 estin

370 1707 396 1741 ζ)
411 1708 563 1740 pertinent.
574 1722 595 1727 -
607 1708 731 1740 pertinet
748 1709 862 1734 codices.

2438 301 2514 348 487

1453 371 1644 419 religione,
1670 372 1746 409 iam
1775 373 1821 409 sit
1849 373 2057 421 perfectus:
2088 375 2155 411 sed
2185 377 2290 422 quod
2319 377 2367 413 ad
2396 379 2517 426 perfe-

1452 425 1618 462 ctionem
1654 426 1795 462 tendat.
1834 426 1946 463 Unde
1980 439 2095 475 super
2122 427 2213 464 illud
2242 429 2375 466 Matth.
2396 442 2456 467 xxx
2475 431 2515 478 ²¹²,

1451 478 1493 514 Si
1518 478 1574 515 vis
1600 480 1791 527 perfectus
1819 491 1897 516 esse
1922 487 2013 526 etc.,
2045 480 2132 517 dicit
2161 481 2346 529 Origenes
2364 482 2385 504 ‘¹‘
2412 485 2516 531 quod

1444 531 1512 573 ,ille
1539 532 1606 579 qui
1631 533 1789 569 mutavit
1820 545 1894 580 pro
1923 534 2059 570 divitiis
2090 541 2353 583 paupertatem
2387 542 2427 572 ut
2442 538 2520 584 fiat

1445 585 1654 632 perfectus,
1693 597 1767 621 non
1810 586 1847 621 in
1890 586 1968 634 ipso
2011 592 2178 635 tempore
2209 599 2284 636 quo
2325 590 2520 626 tradiderit

1451 638 1550 674 bona
1577 650 1647 674 sua
1670 639 1921 686 pauperibus,
1939 641 2014 687 fiet
2039 641 2193 678 omnino
2216 643 2426 689 perfectus:
2453 644 2519 679 sed

1451 702 1501 726 ex
1528 690 1591 727 illa
1620 691 1679 727 die
1707 691 1856 739 incipiet
1881 693 2083 740 speculatio
2117 694 2192 730 Dei
2217 695 2404 732 adducere
2431 708 2516 732 eum

1450 744 1501 779 ad
1542 756 1671 780 omnes
1712 745 1878 781 virtutes,
1922 746 1970 782 Et
2007 747 2081 782 hoc
2115 747 2234 784 modo
2263 748 2302 784 in
2336 748 2516 796 religione

1452 808 1528 832 non
1551 809 1687 833 omnes
1716 805 1803 834 sunt
1826 798 1993 846 perfecti,
2016 800 2083 836 sed
2103 801 2260 847 quidam
2280 801 2514 850 incipientes,

1451 850 1605 898 quidam
1635 850 1891 898 proficientes.

1502 905 1561 939 An
1600 914 1774 945 QUARTUM
1809 915 1995 941 mcENouM
2032 906 2136 953 quod
2174 906 2362 954 religionis
2399 915 2516 944 status

1450 956 1705 1004 principaliter
1728 965 1784 993 est
1803 957 1991 994 institutus
2020 958 2068 995 ad
2097 960 2367 1006 perfectionem
2398 961 2516 1009 adipi-

1450 1009 1631 1046 scendam
1660 1021 1729 1058 per
1752 1010 1943 1058 quaedam
1965 1011 2139 1048 exercitia
2169 1013 2306 1060 quibus
2334 1015 2517 1050 tolluntur

1450 1062 1725 1110 impedimenta
1761 1063 1950 1111 perfectae
1980 1064 2152 1102 caritatis.
2193 1066 2357 1103 Sublatis
2386 1075 2515 1104 autem

1448 1115 1733 1164 impedimentis
1761 1116 1952 1164 perfectae
1982 1118 2154 1165 caritatis,
2176 1120 2297 1156 multo
2317 1121 2437 1167 magis
2458 1133 2517 1158 ex-

1450 1169 1627 1206 ciduntur
1664 1169 1886 1206 occasiones
1923 1171 2089 1218 peccati,
2124 1184 2193 1219 per
2221 1173 2327 1219 quod
2355 1173 2517 1210 totaliter

1449 1223 1589 1259 tollitur
1618 1224 1764 1259 caritas.
1794 1223 1918 1269 Unde,
1950 1236 2038 1260 cum
2067 1225 2116 1261 ad
2143 1226 2404 1273 poenitentem
2433 1238 2516 1274 per-

1449 1276 1565 1312 tineat
1581 1288 1714 1312 causas
1734 1284 1979 1324 peccatorum
2001 1277 2186 1324 excidere,
2207 1291 2252 1315 ex
2269 1279 2517 1328 consequenti

1448 1336 1567 1365 status
1583 1329 1774 1377 religionis
1790 1337 1846 1366 est
1861 1331 2246 1368 convenientissimus
2260 1332 2517 1381 poenitentiae

1450 1383 1568 1419 locus.
1599 1383 1711 1420 Unde
1741 1382 1778 1419 in
1798 1384 1983 1430 Decretis,
2004 1385 2178 1431 XXXIII,
2200 1398 2262 1433 qu.
2284 1398 2319 1432 11,
2341 1397 2422 1433 cap.
2443 1386 2518 1422 Ad-

1448 1447 1614 1481 monere,
1645 1436 1854 1473 consulitur
1879 1437 2031 1474 cuidam
2051 1438 2115 1486 qui
2134 1450 2294 1475 uxorem
2315 1438 2516 1484 occiderat,

1448 1497 1488 1526 ut
1507 1489 1635 1537 potius
1650 1491 1928 1527 monasterium
1944 1490 2188 1538 ingrediatur,
2205 1491 2311 1539 quod
2332 1491 2420 1528 dicit
2436 1504 2517 1528 esse

1448 1543 1582 1580 melius
1619 1549 1655 1579 et
1687 1543 1824 1590 levius,
1862 1556 1978 1593 quam
2013 1545 2286 1593 poenitentiam
2324 1544 2517 1593 publicam

1448 1604 1534 1644 agat
1563 1598 1802 1634 remanendo
1831 1597 1867 1634 in
1897 1599 2064 1635 saeculo.

998 1798 1339 1832 Commentario
1361 1797 1616 1832 Cardinalis
1639 1798 1843 1832 Caietam

318 1889 368 1954 ΙΝ
381 1879 516 1911 arficulo
533 1879 640 1920 primo
656 1876 854 1919 quaestio'nis
871 1872 1392 1918 centesimaeoctogesimaesextae,

1446 1879 1650 1918 perfectionis
1674 1886 1774 1911 status
1798 1887 1843 1910 est
1872 1880 1947 1920 quia
1970 1880 2161 1920 perfectivus
2185 1887 2246 1918 est,
2273 1888 2308 1912 ut
2331 1888 2429 1913 status
2453 1883 2517 1923 epi—

348 1924 467 1964 duplex
491 1924 628 1955 dubium
651 1923 790 1954 occurrit
813 1923 894 1954 circa
916 1923 1073 1954 rationem
1098 1930 1129 1954 et
1149 1923 1391 1954 conclusionem
1446 1924 1592 1964 scopalis.
1618 1925 1760 1965 Aliquod
1784 1931 1892 1955 autem
1916 1924 2117 1965 perfectionis
2133 1935 2252 1955 nomen
2269 1932 2315 1956 est
2330 1926 2406 1966 quia
2422 1937 2518 1957 exer-

315 1969 525 2010 principalem
542 1968 570 1999 *.
594 1969 739 1999 Primum
764 1975 820 2004 est,
845 1967 920 2008 quia
943 1968 1107 1999 conclusio
1124 1967 1305 2008 principalis
1329 1975 1392 2005 est,
1446 1969 1554 1999 citium
1571 1974 1602 1999 et
1624 1969 1824 2009 disciplinam
1848 1969 1892 2000 ad
1908 1968 2140 2009 perfectionem
2165 1969 2328 2008 significat,
2351 1978 2387 2001 ut
2405 1971 2516 2011 religio

315 2014 446 2056 Religio
463 2013 677 2054 perfectionis
698 2017 818 2044 statum
843 2013 1008 2044 nominat:
1037 2012 1118 2043 ratio
1142 2020 1250 2043 autem
1273 2012 1394 2045 litterae
1447 2013 1687 2044 antonomasice
1710 2020 1854 2054 sumpta:
1880 2020 1910 2044 et
1933 2013 2075 2044 similiter
2096 2013 2210 2054 anquis
2232 2014 2433 2054 perfectionis
2457 2023 2517 2047 sta-

316 2055 396 2089 n'ihil
419 2057 505 2088 aliud
529 2058 644 2098 probat
665 2056 726 2087 nisi
749 2057 838 2098 quod
857 2057 974 2098 religio
997 2064 1043 2088 est
1071 2058 1310 2089 antonomasice
1335 2068 1392 2088 no-

317 2112 392 2133 men
415 2101 635 2143 perfectionis,
668 2108 698 2132 et
722 2112 787 2132 non
812 2102 926 2142 probat
949 2103 1038 2143 quod
1062 2102 1101 2133 sit
1132 2109 1253 2133 nomen
1277 2109 1392 2138 status,

316 2153 355 2178 ut
377 2147 460 2177 clare
484 2153 571 2187 patet
593 2146 625 2176 in
649 2146 763 2177 littera.

372 2191 558 2222 Secundum
581 2197 638 2227 est,
661 2191 738 2231 quia
762 2199 820 2222 nec
844 2191 940 2222 etiam
964 2192 1118 2231 probatur
1136 2191 1169 2221 in
1186 2191 1288 2222 littera
1303 2192 1394 2231 quod

317 2236 429 2276 religio
453 2236 493 2267 sit
516 2245 635 2266 nomen
658 2235 873 2275 perfectionis,
894 2235 949 2266 sed
964 2235 1126 2266 variantur
1148 2236 1286 2266 termini.
1310 2236 1394 2266 Nam

318 2281 406 2312 aliud
429 2287 476 2311 est
500 2280 686 2312 coniunctio
711 2281 751 2311 ad
774 2281 882 2311 Deum
905 2289 962 2321 per
976 2280 1205 2311 holocaustum
1221 2280 1280 2317 sui,
1294 2281 1395 2320 ‚quod

317 2325 392 2356 facit
414 2325 514 2356 virtus
537 2324 717 2365 religionis:
752 2331 783 2355 et
813 2323 902 2355 aliud
929 2332 976 2356 est
1008 2324 1192 2355 coniunctio
1224 2325 1263 2355 ad
1287 2324 1394 2355 Deum

317 2380 375 2411 per
390 2378 544 2406 amorem,
561 2379 660 2410 quem
677 2369 752 2400 facit
768 2369 890 2400 caritas.
911 2369 953 2399 Et
969 2379 1006 2400 ex
1021 2379 1116 2409 supra
1128 2369 1146 2388 *
1165 2368 1255 2400 dictis
1272 2376 1395 2400 constat

317 2414 408 2456 quod
431 2413 584 2454 perfectio
609 2414 641 2444 in
658 2413 716 2444 hac
732 2414 881 2450 secunda,
906 2423 971 2444 non
995 2413 1028 2444 in
1048 2413 1150 2454 prima
1167 2413 1394 2444 coniunctione

317 2458 473 2491 consistit.
504 2459 547 2489 Et
573 2465 680 2489 tamen
703 2458 738 2488 in
760 2458 820 2489 hac
841 2458 960 2493 littera.
985 2465 1152 2498 assumpto
1177 2459 1266 2499 quod
1291 2458 1394 2498 prima

318 2503 504 2535 coniunctio
536 2502 686 2534 convenit
714 2503 956 2533 antonomasice
989 2503 1163 2543 religiosis,
1195 2503 1395 2534 subsumitur

318 2547 458 2579 secunda
481 2547 678 2578 coniunctio.
702 2547 744 2578 Et
767 2547 811 2577 sic
826 2547 1028 2578 concluditur
1045 2558 1083 2578 ex
1097 2554 1237 2588 quatuor
1251 2547 1394 2578 terminis

319 2592 408 2634 quod
432 2591 549 2632 religio
573 2598 620 2622 est
643 2601 764 2622 nomen
787 2591 1000 2631 perfectionis.

375 2636 414 2667 11.
438 2636 490 2666 Ad
513 2636 658 2676 primum
690 2635 821 2666 dubium
851 2635 966 2666 dicitur
994 2636 1101 2676 quod,
1134 2635 1209 2676 quia
1244 2645 1393 2675 praesens

319 2679 471 2712 articulus
500 2689 565 2710 non
589 2679 712 2720 quaerit
735 2689 776 2709 an
800 2679 911 2720 religio
935 2679 975 2710 sit
999 2686 1116 2716 status,
1150 2679 1307 2720 quoniam
1330 2680 1394 2711 hoc

319 2735 357 2757 ex
380 2723 509 2765 supra*
532 2723 622 2755 dictis
647 2724 686 2754 de
709 2730 792 2754 statu
817 2723 1024 2754 manifestum
1040 2731 1101 2760 est;
1127 2724 1182 2754 sed
1205 2724 1331 2764 quaerit
1352 2735 1392 2755 an

319 2777 420 2802 status
442 2769 615 2809 religionis,
641 2778 696 2798 seu
721 2767 959 2808 religiosorum,
985 2768 1024 2799 sit
1048 2775 1147 2799 status
1170 2768 1393 2808 perfectionis,

320 2821 356 2846 ut
379 2820 466 2855 patet
489 2823 526 2843 ex
548 2813 653 2849 titulo,
678 2819 709 2843 et
732 2812 846 2843 clarius
868 2813 971 2853 liquet
994 2823 1031 2843 ex
1055 2812 1256 2843 distinctione
1280 2813 1393 2844 articu-

318 2859 427 2890 lorum
446 2857 542 2888 huius
558 2856 763 2898 quaestionis,
781 2867 856 2887 cum
872 2857 995 2894 dicitur,
1023 2857 1119 2887 Circa
1136 2858 1278 2897 primum
1295 2867 1392 2898 quae-

320 2909 442 2935 runtur
464 2903 592 2934 decem:
609 2903 729 2942 primo,
751 2907 861 2932 utrum
878 2902 1106 2942 religiosorum
1130 2906 1235 2932 status
1256 2902 1299 2932 sit
1315 2912 1392 2942 per-

309 2948 443 2990 fectus:
466 2947 540 2978 ideo
563 2947 642 2977 ratio
667 2947 707 2976 ad
729 2946 970 2976 conclusionem
986 2945 1066 2976 nihil
1081 2945 1156 2976 dicit
1172 2945 1210 2976 de
1227 2951 1320 2982 statu,
1338 2947 1393 2977 sed

320 2993 360 3023 de
383 2991 585 3032 perfectione.
618 2991 685 3021 Nec
715 2997 882 3030 propterea
911 2990 1156 3030 reprehensione
1189 2990 1323 3030 dignum
1346 2997 1393 3022 est

319 3037 409 3078 quod
432 3036 465 3067 in
490 3036 696 3067 conclusione
719 3034 773 3065 fiat
796 3035 918 3066 mentio
943 3035 982 3065 de
1005 3041 1105 3066 statu:
1138 3034 1213 3074 quia
1240 3045 1307 3065 non
1337 3046 1392 3075 ap-

320 3081 452 3122 ponitur
470 3081 504 3111 in
520 3090 556 3111 ea
570 3085 675 3111 status
693 3077 779 3122 [nisi]
798 3086 952 3120 tanquam
975 3078 1209 3109 substantivum
1225 3079 1392 3119 perfectio-

321 3125 379 3162 nis,
398 3125 436 3155 de
460 3135 524 3166 qua
547 3124 721 3155 formaliter
744 3124 889 3164 quaestio
913 3130 960 3154 est
983 3129 1014 3153 et
1037 3122 1212 3153 conclusio.

378 3169 429 3199 Ad
451 3169 628 3200 secundum
657 3169 788 3199 dubium
814 3168 927 3199 dicitur
960 3167 1048 3208 quod
1081 3173 1147 3198 tam
1171 3173 1270 3197 status
1293 3177 1392 3208 quam

321 3222 442 3244 nomen
464 3213 676 3254 perfectionis
699 3221 766 3243 non
790 3213 903 3244 dicitur
926 3222 992 3242 uno
1017 3212 1117 3241 modo
1141 3218 1282 3247 tantum,
1313 3218 1392 3251 puta

321 3257 499 3289 formaliter
524 3267 581 3288 seu
612 3257 762 3289 elicitive:
799 3257 852 3288 sed
882 3256 990 3287 multis
1021 3255 1126 3286 modis
1153 3255 1286 3291 dicitur,
1310 3255 1392 3286 sicut

322 3302 455 3332 nomina
471 3301 511 3332 ad
525 3311 640 3333 unum.
664 3302 710 3332 Ita
724 3303 824 3343 quod,
844 3301 1122 3342 quemadmodum
1143 3309 1260 3330 sanum
1277 3299 1392 3330 dicitur

323 3347 361 3377 de
392 3345 536 3382 animali,
568 3346 726 3377 medicina
756 3354 787 3377 et
817 3346 908 3377 urina
939 3344 1169 3380 diversimode,
1193 3344 1236 3374 ita
1259 3343 1391 3384 aliquod

322 3390 525 3431 perfectionis
549 3400 668 3420 nomen
693 3390 807 3421 dicitur
830 3390 905 3431 quia
921 3390 1024 3430 ipsam
1030 3389 1224 3430 formaliter
1239 3387 1392 3428 significat

323 3442 353 3466 et
377 3434 469 3470 elicit,
493 3441 530 3464 ut
553 3434 663 3465 caritas
686 3434 746 3465 Dei
770 3441 801 3465 et
823 3434 976 3475 proximi:
1002 3441 1032 3464 et
1056 3433 1199 3463 similiter
1221 3439 1320 3463 status
1340 3442 1389 3462 ca-

322 3479 421 3510 ritatis
449 3485 495 3509 est
526 3484 624 3509 status
654 3478 856 3519 perfectionis
880 3478 1054 3510 formaliter
1077 3485 1107 3509 et
1130 3477 1279 3513 elicitive‚
1312 3477 1389 3506 dum

323 3530 431 3554 actum
458 3522 654 3558 dilectionis,
685 3522 719 3552 in
749 3533 816 3563 quo
844 3522 1018 3554 formaliter
1047 3522 1197 3562 perfectio
1230 3521 1390 3557 consistit,

324 3567 415 3598 elicit.
440 3567 583 3607 Aliquod
606 3576 681 3597 vero
704 3566 906 3607 perfectionis
925 3577 1044 3598 nomen
1069 3573 1116 3597 est
1137 3566 1212 3607 quia
1227 3565 1390 3606 factivum

324 3611 526 3652 perfectionis
551 3610 719 3651 significat,
745 3618 781 3642 ut
805 3611 1023 3652 episcopatus:
1055 3618 1085 3642 et
1113 3610 1255 3641 similiter
1278 3609 1390 3650 aliquis
1416 3639 1418 3649 Α,

1417 2066 1420 2283 ἱ

1447 2064 1498 2088 tus
1515 2064 1561 2088 est
1584 2058 1659 2098 quia
1674 2058 1707 2088 in
1724 2057 1871 2088 exercitio
1888 2057 1927 2093 ad
1947 2057 2173 2098 perfectionem
2190 2058 2342 2096 consistit,
2363 2066 2399 2090 ut
2418 2067 2517 2091 status

1447 2101 1670 2141 religiosorum
1708 2102 1947 2133 antonomasice
1985 2110 2256 2142 nuncupatorum.
2291 2104 2331 2134 Et
2362 2105 2517 2145 quoniam

1447 2147 1673 2186 approximitas
1703 2146 1889 2177 huiusmodi
1920 2147 2055 2178 exercitii
2086 2148 2125 2178 ad
2155 2148 2258 2188 ipsam
2290 2148 2516 2189 perfectionem

1447 2201 1484 2221 ex
1507 2191 1556 2221 sui
1585 2191 1696 2227 initio,
1725 2192 1814 2232 quod
1837 2198 1884 2222 est
1913 2191 2138 2222 holocaustum
2162 2192 2319 2228 hominis,
2349 2194 2517 2233 praecipue

1447 2243 1597 2275 apparet,
1622 2236 1697 2276 quia
1721 2235 1908 2266 huiusmodi
1932 2236 2158 2267 holocaustum
2185 2237 2434 2276 mancipativum
2459 2238 2517 2268 ho-

1448 2280 1542 2310 minis
1566 2280 1652 2316 Deo,
1676 2281 1765 2321 quod
1788 2280 1820 2310 in
1845 2279 2044 2320 professione
2067 2281 2255 2320 religionem
2277 2281 2448 2312 inchoante
2471 2281 2516 2318 fit,

1448 2324 1583 2354 maxime
1608 2324 1793 2364 proximum
1817 2331 1864 2355 est
1887 2324 1999 2354 unioni
2024 2324 2158 2355 caritatis
2183 2326 2223 2356 ad
2246 2326 2368 2356 Deum:
2399 2326 2517 2357 idcirco

1448 2371 1570 2399 Auctor
1599 2368 1631 2399 in
1656 2369 1758 2399 littera
1787 2379 1823 2399 ex
1846 2368 1899 2399 illa
1923 2368 2043 2399 unione
2072 2369 2228 2400 conclusit
2258 2379 2324 2399 non
2347 2369 2457 2407 istam,
2483 2378 2519 2401 ut

1447 2419 1673 2453 argumentum
1701 2413 1825 2449 obiicit,
1856 2413 1911 2443 sed
1939 2413 2248 2453 approximationem
2276 2414 2314 2444 ad
2338 2413 2442 2445 istam.
2478 2415 2519 2445 Et

1447 2468 1503 2498 per
1531 2458 1594 2488 hoc
1625 2457 1718 2488 infert
1748 2457 1936 2497 religionem
1967 2458 2133 2488 nominare
2155 2465 2274 2488 statum
2297 2458 2516 2499 perfectionis,

1448 2512 1514 2533 non
1538 2502 1723 2539 formaliter,
1748 2503 1802 2533 sed
1825 2504 1994 2533 accessive.

1503 2547 1556 2578 111.
1581 2547 1616 2577 In
1633 2547 1748 2577 eodem
1764 2546 1896 2577 articulo
1916 2546 2032 2586 primo,
2049 2546 2080 2577 in
2097 2546 2305 2587 responsione
2321 2547 2362 2576 ad
2377 2547 2516 2583 tertium,

1448 2591 1514 2621 duo
1539 2597 1625 2621 nota.
1650 2590 1768 2626 Primo,
1794 2600 1867 2621 cum
1891 2590 1968 2630 Iegis
1992 2591 2080 2631 quod
2104 2591 2221 2631 religio
2237 2591 2382 2621 nominat
2396 2596 2515 2621 statum

1442 2635 1653 2676 perfectionis
1683 2645 1725 2665 ex
1748 2636 1924 2665 intentione
1935 2635 2036 2676 finis,
2071 2644 2136 2665 non
2165 2641 2332 2674 propterea
2356 2635 2515 2676 concipias

1445 2679 1658 2711 intentionem
1682 2678 1883 2719 perfectionis
1914 2685 1949 2709 ut
1971 2678 2042 2709 finis
2067 2678 2209 2709 sufficere
2237 2678 2276 2708 ad
2301 2685 2418 2709 statum
2443 2689 2514 2719 per-

1446 2724 1602 2760 fectionis,
1627 2724 1718 2764 quasi
1742 2733 1855 2754 omnes
1879 2723 2042 2754 tendentes
2066 2724 2106 2753 ad
2125 2722 2353 2763 perfectionem
2367 2730 2403 2753 ut
2417 2723 2514 2754 finem

1446 2769 1508 2801 sint
1531 2769 1564 2799 in
1588 2775 1671 2799 statu
1695 2767 1907 2808 perfectioniS.
1932 2768 2005 2798 Hoc
2021 2768 2107 2798 enim
2131 2767 2338 2798 falsissimum
2355 2774 2417 2798 est:
2443 2768 2514 2807 plus

1447 2814 1533 2844 enim
1549 2813 1590 2843 ad
1606 2812 1810 2853 perfectionis
1827 2819 1943 2842 statum
1961 2812 2138 2853 requiritur,
2164 2818 2199 2841 ut
2222 2818 2308 2851 patet
2331 2822 2368 2841 ex
2391 2822 2486 2852 supra
2498 2812 2514 2831 ’¹‘

1446 2858 1536 2888 dictis
1560 2858 1599 2887 de
1623 2857 1766 2887 statibus.
1794 2856 1855 2887 Sed
1879 2859 2000 2887 Auctor
2022 2856 2084 2887 hoc
2108 2856 2139 2886 in
2163 2855 2236 2886 loco
2261 2856 2396 2885 modum
2421 2857 2513 2886 docet

1446 2913 1513 2943 quo
1538 2908 1636 2932 status
1659 2901 1819 2941 religionis
1843 2900 1956 2931 dicitur
1979 2900 2195 2941 perfectionis:
2220 2899 2294 2940 quia
2325 2899 2440 2930 scilicet
2468 2907 2515 2930 est

1446 2946 1648 2987 perfectionis
1672 2952 1708 2976 ut
1730 2944 1802 2975 finis
1825 2945 1863 2975 ad
1880 2955 1978 2986 quem
1993 2945 2101 2981 tendit,
2119 2952 2150 2975 et
2166 2954 2230 2974 non
2247 2950 2294 2974 est
2311 2943 2513 2984 perfectionis

1447 2998 1482 3022 ut
1505 2991 1626 3021 formae
1650 2996 1706 3020 aut
1728 2996 1764 3020 ut
1788 2989 1925 3020 effectus.

1502 3035 1670 3071 Secundo,
1696 3044 1771 3064 cum
1801 3033 1919 3064 ibidem
1943 3033 2019 3073 Iegis
2042 3034 2074 3063 in
2100 3034 2258 3074 religione
2286 3032 2438 3072 quosdam
2463 3034 2511 3062 in-

1445 3081 1597 3120 cipientes
1615 3084 1646 3109 et
1661 3078 1815 3119 quosdam
1834 3078 2052 3119 proficientes,
2071 3077 2228 3117 distingue
2242 3077 2332 3117 quod
2347 3076 2513 3117 dupliciter

1445 3123 1477 3153 hi
1500 3123 1615 3163 gradus
1639 3122 1724 3153 sumi
1747 3129 1896 3162 possunt:
1922 3122 1972 3153 vel
1995 3121 2187 3162 simpliciter,
2204 3121 2253 3151 vel
2269 3121 2302 3151 in
2318 3130 2431 3160 genere
2448 3120 2511 3152 tali.

1445 3168 1485 3198 Et
1515 3167 1676 3197 distinctio
1704 3167 1822 3197 horum
1852 3167 2010 3206 graduum
2041 3165 2223 3205 simpliciter
2252 3164 2285 3195 in
2309 3163 2510 3205 incipientes,

1445 3210 1645 3251 proficientes
1669 3217 1700 3241 et
1722 3210 1888 3251 perfectos,
1906 3210 2076 3241 attenditur
2093 3209 2269 3240 secundum
2286 3208 2419 3239 caritatis
2439 3218 2511 3249 pro—

1444 3265 1604 3295 gressum,
1630 3262 1666 3285 ut
1689 3255 1834 3294 superius
1849 3254 1867 3273 *
1889 3261 1985 3295 patet.
2009 3254 2050 3284 Et
2073 3254 2116 3284 sic
2139 3254 2172 3284 in
2196 3253 2336 3284 Ecclesia
2358 3253 2418 3283 Dei
2441 3253 2511 3293 qui-

1446 3300 1519 3329 dam
1543 3299 1692 3330 dicuntur
1715 3298 1898 3339 simpliciter
1921 3298 2122 3338 incipientes,
2146 3298 2277 3338 quidam
2300 3296 2510 3338 proficientes,

1445 3343 1576 3383 quidam
1601 3342 1738 3383 perfecti.
1762 3342 1932 3373 Distinctio
1948 3352 2024 3372 vero
2043 3342 2159 3372 horum
2175 3342 2335 3383 graduum
2349 3342 2383 3373 in
2398 3351 2512 3382 genere

1445 3387 1628 3427 intelligitur
1652 3387 1829 3417 secundum
1852 3386 1936 3417 illius
1959 3385 2080 3426 generis
2099 3386 2309 3422 latitudinem,
2331 3393 2362 3416 et
2380 3396 2446 3416 non
2466 3385 2511 3415 di—

1446 3439 1560 3462 cuntur
1582 3431 1659 3461 tales
1682 3430 1880 3471 simpliciter,
1905 3431 1960 3461 sed
1983 3431 2015 3460 in
2038 3430 2092 3461 tali
2115 3439 2246 3470 genere:
2279 3437 2356 3470 puta
2382 3430 2416 3460 in
2439 3430 2509 3460 reli-

1445 3475 1539 3515 gione
1562 3475 1758 3515 incipientes,
1781 3475 1832 3505 vel
1855 3474 1888 3505 in
1911 3475 1965 3505 tali
1989 3474 2150 3515 religione,
2174 3481 2252 3515 puta
2268 3474 2416 3510 solitaria,
2434 3474 2510 3504 inci-

1446 3520 1566 3560 pientes
1590 3526 1645 3550 aut
1668 3518 1867 3559 proficientes
1890 3526 1945 3549 aut
1968 3518 2107 3559 perfecti.
2140 3519 2181 3550 Et
2210 3529 2283 3550 cum
2312 3519 2372 3550 hac
2401 3518 2510 3548 distin·

1416 3573 1418 3576 ’
1446 3564 1550 3595 ctione
1574 3563 1682 3593 omnia
1707 3564 1787 3594 clare
1811 3570 1997 3594 consonant.

1502 3608 1555 3639 IV.
1581 3608 1615 3638 ln
1640 3607 1753 3638 eodem
1777 3608 1919 3644 articulo,
1945 3607 1977 3638 in
1996 3607 2204 3648 responsione
2223 3608 2262 3638 ad
2282 3614 2440 3648 quartum,
2457 3606 2508 3635 ad-

2546 437 2555 445 ·
2570 435 2636 457 Vers.
2652 442 2681 457 αι.

2546 490 2554 498 ·
2569 488 2646 511 Tract.
2664 490 2716 511 VIII
2732 491 2755 511 in

2544 515 2629 536 Mami.

2542 2816 2552 2825 ¹⁸
2575 2816 2622 2842 Qu.
2647 2821 2753 2841 mxxiv,

2541 2846 2582 2863 art.
2597 2849 2620 2869 4.

2540 3257 2550 3267 ⁸
2565 3257 2613 3284 Qu.
2634 3263 2694 3281 xxiv,
2709 3261 2750 3278 art.

2539 3289 2566 3311 9;
2581 3289 2620 3311 qu.
2640 3289 2750 3308 cmxxxiii,

2538 3313 2580 3332 art.
2596 3317 2618 3336 4,
2634 3310 2662 3332 nd
2678 3316 2692 3330 1.
