2768 4198
50 516 59 525 ⁴
73 515 98 536 S.
104 514 148 535 Th.
158 514 208 535 lect.
220 520 241 535 x.

54 1771 63 1780 ·
87 1770 134 1797 Qu.
166 1775 264 1796 ccxxrn,

53 1800 94 1818 art.
105 1803 127 1824 3;
140 1797 176 1818 De
187 1796 265 1823 Verit.,

70 1830 91 1844 u.
113 1829 154 1847 ιιι,
176 1826 217 1844 art.
238 1829 265 1850 9;

54 1856 92 1897 qg.
114 1856 165 1875 ¹111,
184 1853 225 1871 art.
245 1855 265 1875 2,

54 1882 133 1931 ‘³035
150 1909 165 1924 ..

55 1994 64 2002 ·
84 1992 186 2012 Auctore
208 1990 266 2012 Gui-

54 2018 123 2039 lielm.
140 2017 264 2049 deThoco,

54 2050 168 2093 suffit?
181 2044 266 2101 [in5

54 2097 112 2125 SS.,
127 2098 155 2119 ad
175 2104 235 2120 mem
253 2104 266 2125 7

54 2124 137 2147 Martii.

63 2850 71 2857 ·
80 2847 100 2868 11
107 2847 141 2868 ad
149 2846 212 2874 Cor.,
221 2852 271 2875 cap.

61 2879 103 2897 ιιι,
118 2879 176 2895 vers.
192 2879 212 2895 2.

63 2954 73 2963 ⁴
88 2953 152 2975 Vera.
168 2959 200 2975 ιο.

66 3118 75 3127 ·
89 3116 162 3142 1bid.‚
178 3122 236 3138 vers.
258 3122 275 3138 11

64 3148 115 3170 sqq.

290 337 371 372 404

290 403 420 450 tendit,
449 401 724 452 praetermissis
744 401 801 437 his
822 400 860 435 in
879 410 977 447 quae
999 396 1152 433 inclinat
1172 395 1361 444 appetitus

291 457 516 494 sensitivus:
536 457 585 492 Et
613 455 666 492 sic
695 453 782 491 dicit
805 451 1023 499 Dionysius,
1046 461 1080 486 iv
1102 461 1184 497 cap.
1207 450 1252 485 de
1272 448 1359 485 Div.
1385 446 1387 457 ¹

289 511 407 548 Nom.
427 509 467 557 ἧς,
499 509 603 558 quod
637 507 778 544 Paulus
815 517 864 542 ex
895 505 1030 541 virtute
1067 502 1186 539 divini
1218 502 1387 552 amoris}

290 563 450 601 extasim
473 563 652 610 faciente,
681 559 797 596 dixit:
833 558 925 595 Vivo
955 568 1041 606 ego,
1072 556 1148 592 iam
1179 567 1253 592 non
1274 567 1359 605 ego,
1386 555 1388 560 ’

290 618 382 654 vivit
407 628 498 653 vero
527 616 563 651 in
594 625 654 650 me
687 612 866 649 Christus.
1386 606 1387 629 ἒ

342 670 429 707 Alio
460 669 591 713 modo,
621 667 791 714 quando,
820 662 1090 712 praetermisso
1112 662 1281 711 appetitu
1301 674 1362 698 su·
1386 662 1387 710 J

290 722 447 772 periori,
478 723 596 758 homo
630 718 793 755 totaliter
830 718 945 754 fertur
972 717 1010 752 in
1041 728 1084 752 ea
1120 728 1220 763 quae
1249 715 1361 764 perti·

291 784 380 813 nent
423 774 469 812 ad
507 772 717 822 appetitum
755 770 988 807 inferiorem.
1028 770 1077 805 Et
1114 769 1168 806 sic
1203 769 1264 805 ille
1300 769 1366 817 qui

284 840 422 878 porcos
449 827 575 875 pavit,
604 826 673 862 suh
705 824 899 872 semetipso
936 823 1076 860 cecidit.
1115 823 1163 859 Et
1197 821 1265 859 iste
1300 834 1361 859 ex·
1387 847 1389 864 1

291 894 418 919 cessus
446 881 508 917 vel
532 879 667 916 extasis
696 879 781 927 plus
802 876 1086 926 appropinquat
1105 876 1153 913 ad
1174 876 1361 913 rationem

291 944 419 984 raptus
448 945 565 981 quam
595 932 756 981 primus:
796 931 885 980 quia
914 930 1055 967 scilicet
1083 929 1273 978 appetitus
1303 942 1363 966 su·
1388 949 1390 980 ἶ

290 989 418 1037 perior
439 994 494 1023 est
514 986 634 1033 magis
654 984 801 1022 homini
830 984 1028 1033 proprius;
1059 983 1175 1029 unde,
1207 983 1363 1032 quando

290 1043 409 1078 homo
441 1053 485 1076 ex
504 1039 688 1076 violentia
718 1040 908 1088 appetitus
929 1037 1116 1074 inferioris
1137 1037 1366 1074 abstrahitur
1388 1047 1391 1086 g

291 1108 311 1131 a
341 1101 449 1131 motu
479 1093 667 1142 appetitus
687 1091 904 1141 superioris,
925 1091 1046 1139 magis
1067 1090 1296 1127 abstrahitur
1316 1091 1364 1127 ab
1389 1089 1390 1129 ζ

291 1160 336 1184 eo
367 1148 472 1196 quod
503 1155 558 1183 est
587 1146 657 1183 sibi
685 1146 897 1194 proprium.
930 1145 1031 1192 Quia
1060 1152 1188 1181 tamen
1209 1157 1288 1181 non
1309 1152 1363 1181 est
1389 1147 1391 1185 l

290 1201 340 1237 ibi
371 1200 564 1246 violentia,
589 1199 678 1249 quia
698 1198 709 1223 ζ
737 1200 918 1236 voluntas
939 1206 1065 1248 potest
1085 1198 1259 1235 resistere
1279 1210 1365 1246 pas·
1389 1219 1391 1233 A

343 1364 368 1396 ζ)
388 1364 461 1397 quia.
474 1378 491 1383 -
510 1364 582 1397 quod
601 1363 734 1396 BFLpGK
754 1368 779 1388 et
798 1370 824 1392 a,
843 1370 903 1388 cum
924 1363 957 1392 H,
977 1369 1008 1387 eo
1027 1362 1100 1394 quod
1119 1361 1171 1387 PA.

944 318 1212 367 QUAESTIO
1243 317 1436 364 CLXXV,
1465 316 1764 354 ARTICULUS
1795 317 1843 353 111

1416 394 1513 432 sioni
1536 394 1577 442 ²⁸,
1607 394 1736 432 deficit
1763 406 1785 431 a
1812 406 1905 431 vera
1934 393 2079 431 ratione
2109 400 2258 441 raptus:
2293 392 2363 430 nisi
2391 392 2488 430 forte

1415 455 1494 485 tam
1514 449 1728 485 vehemens
1757 448 1803 486 sit
1830 447 1958 496 passio
1987 447 2094 496 quod
2113 458 2227 483 usum
2248 445 2404 482 rationis
2432 453 2488 483 to-

1414 502 1537 539 taliter
1571 502 1695 547 tollat,
1725 501 1822 538 sicut
1855 501 2037 548 contingit
2069 500 2107 537 in
2142 499 2201 537 his
2236 499 2301 548 qui
2333 507 2490 548 propter

1413 554 1703 591 vehementiam
1732 554 1809 591 irae
1837 555 1901 591 vel
1929 554 2072 590 amoris
2100 553 2304 590 insaniunt.

1469 607 1805 645 Considerandum
1834 614 1964 644 tamen
1992 608 2098 656 quod
2126 615 2287 655 uterque
2313 617 2490 644 excessus

1415 661 1630 699 secundum
1659 661 1872 709 appetitum
1901 662 2076 708 existens,
2106 668 2232 709 potest
2251 671 2409 697 causare
2430 671 2491 696 ex-

1416 726 1568 752 cessum
1598 713 1880 762 cognoscitivae
1909 713 2074 751 virtutis:
2103 715 2165 751 vel
2194 714 2284 762 quia
2313 725 2422 750 mens
2443 713 2492 751 ad

1415 768 1607 817 quaedam
1629 766 1873 815 intelligibilia
1894 766 2061 815 rapiatur
2080 767 2242 805 alienata
2261 779 2282 804 a
2298 766 2490 812 sensibus3

1416 822 1479 859 vel
1508 821 1597 870 quia
1623 820 1791 869 rapiatur
1819 820 1868 857 ad
1897 820 2067 868 aliquam
2091 819 2357 868 imaginariam
2377 819 2492 857 visio-

1418 887 1508 912 nem
1538 886 1607 911 seu
1635 874 1914 923 phantasticam
1945 872 2238 922 apparitionem.

1470 930 1530 965 An
1566 939 1729 965 ‘martum
1764 938 1952 965 mCENDuM
1994 926 2120 974 quod,
2159 926 2256 963 sicut
2292 938 2404 964 amor
2437 933 2493 963 est

1417 990 1546 1018 motus
1575 980 1765 1030 appetitus
1794 987 1970 1029 respectu
1999 979 2111 1027 boni,
2143 979 2193 1018 ita
2222 979 2336 1016 timor
2363 987 2493 1017 motus

1418 1035 1608 1084 appetitus
1637 1041 1813 1083 respectu
1842 1033 1944 1070 mali.
1973 1033 2085 1070 Unde
2116 1032 2251 1070 eadem
2271 1032 2418 1069 ratione
2448 1044 2493 1069 ex

1418 1097 1584 1137 utroque
1612 1095 1739 1137 potest
1767 1086 1914 1124 causari
1939 1098 2117 1123 excessus
2136 1086 2294 1123 mentis:
2324 1097 2494 1134 praeser-

1419 1143 1486 1180 tim
1518 1154 1607 1179 cum
1636 1141 1751 1178 timor
1780 1153 1825 1178 ex
1854 1152 1989 1177 amore
2018 1147 2210 1187 causetur,
2241 1139 2337 1176 sicut
2365 1141 2495 1187 Augu-

1419 1196 1539 1234 stinus
1569 1195 1669 1243 dicit,
1699 1194 1789 1231 XIV
1816 1194 1862 1231 de
1886 1194 1965 1231 Civ.
1986 1194 2062 1231 Dei
2078 1193 2109 1230 ³¹².

967 1452 1307 1486 commentaria
1329 1449 1584 1484 Oardinalis
1607 1448 1812 1482 Caietam

296 1551 342 1614 IN
367 1537 506 1570 articulis
531 1536 639 1577 primo
661 1542 692 1566 et
719 1526 862 1565 secundo
887 1533 984 1564 simul
1015 1533 1212 1574 quaestionis
1237 1532 1366 1563 centesi-
1390 1529 1392 1543 '¹

324 1580 799 1624 maeseptuagesimaequintae‚
825 1578 961 1609 dubium
986 1577 1139 1614 occurrit,
1166 1587 1222 1608 cur
1249 1578 1365 1608 abstra-
1391 1598 1393 1608 Α

293 1629 406 1661 ctionis
437 1638 455 1658 a
478 1626 622 1658 sensibus
650 1625 683 1655 in
706 1624 812 1665 primo
837 1623 970 1654 articulo
1000 1625 1123 1653 Auctor
1150 1629 1211 1653 tres
1239 1629 1366 1652 tantum

293 1672 499 1713 assignaverit
529 1680 657 1706 causaS,
692 1669 808 1700 scilicet
839 1667 1088 1707 aegritudinem,
1113 1667 1306 1698 daemonem
1337 1673 1367 1698 et

293 1720 416 1750 Deum:
442 1727 515 1748 curn
541 1721 664 1753 constet
688 1721 835 1754 quartam
859 1712 992 1743 inveniri
1018 1722 1156 1748 causam,
1174 1712 1212 1742 ab
1229 1711 1300 1752 ipso
1318 1721 1368 1743 ex-

293 1772 434 1805 pressam
464 1762 497 1791 in
522 1759 662 1791 secundo
687 1757 820 1788 articulo
846 1765 876 1788 et
904 1756 978 1787 alibi
996 1755 1031 1792 ὕ,
1057 1755 1175 1787 scilicet
1198 1756 1367 1786 vehemen-

293 1809 370 1839 tiam
395 1806 513 1837 amoris
537 1814 592 1835 seu
618 1802 804 1833 intentionis
829 1801 964 1832 animae.

349 1853 390 1882 Et
412 1858 546 1891 augetur
569 1847 715 1879 dubium.
741 1845 906 1884 Quoniam
930 1844 1089 1875 invenitur
1108 1845 1263 1880 Socrates,
1281 1844 1367 1884 apud

294 1897 416 1928 Aulum
433 1895 585 1929 Gellium,
602 1893 641 1923 de
657 1892 812 1922 Noctibus
827 1891 942 1921 Atticis
957 1889 1012 1920 lib.
1031 1890 1057 1919 ΙΙ
1073 1889 1100 1925 *,
1125 1889 1213 1930 quod
1231 1888 1370 1929 perdius

294 1947 390 1982 atque
408 1948 537 1980 pernox
557 1936 727 1968 immobilis
749 1935 931 1966 abstractus
954 1934 1113 1965 manebat.

350 1986 420 2026 lpse
444 1984 539 2015 etiam
563 1985 696 2018 Auctor,
722 1987 756 2011 ut
779 1980 811 2010 in
835 1979 931 2019 gestis
955 1979 1100 2009 eiusdem

294 2030 484 2061 familiarem
507 2027 644 2058 habebat
667 2024 855 2056 huiusmodi
879 2023 1125 2060 alienationem,
1150 2030 1187 2054 ut
1211 2022 1307 2054 etiam
1331 2022 1371 2053 ad

294 2083 411 2106 nutum
434 2073 522 2104 illam
547 2071 694 2102 habuisse
718 2069 871 2100 videatur.

351 2119 387 2150 ll.
402 2119 452 2149 Ad
466 2118 527 2148 hoc
541 2116 655 2147 dicitur
671 2115 761 2156 quod
778 2123 884 2144 revera
901 2112 1069 2144 abstractio
1083 2122 1100 2142 a
1113 2112 1268 2149 sensibus,
1281 2122 1370 2154 prae-

294 2171 340 2195 ter
364 2164 452 2194 illam
476 2171 559 2203 quae
582 2159 617 2190 fit
640 2160 673 2190 in
698 2158 838 2195 somnio,
863 2169 881 2188 a
905 2164 1045 2199 quatuor
1063 2156 1165 2188 oritur
1181 2157 1283 2188 causis
1306 2157 1370 2188 iam

295 2208 396 2239 dictis.
422 2207 482 2238 Sed
507 2213 569 2237 tres
593 2214 701 2235 earum
727 2204 759 2234 in
784 2203 890 2243 primo
915 2202 1048 2233 articulo
1074 2209 1272 2238 numeratae,
1298 2209 1373 2234 sunt

295 2263 409 2284 causae
433 2251 638 2283 extrinsecae:
663 2255 694 2279 et
717 2255 885 2288 propterea
909 2247 997 2287 ipsae
1013 2246 1100 2277 solae
1123 2246 1242 2277 ibidem
1259 2257 1371 2277 nume-

296 2305 379 2328 ratae
397 2303 480 2328 sunt.
505 2295 546 2325 Et
566 2295 604 2324 de
620 2294 691 2324 Deo
708 2292 840 2334 quidem
857 2299 888 2322 et
904 2292 1061 2322 daemone
1079 2291 1199 2322 clarum
1216 2298 1263 2322 est
1282 2292 1371 2333 quod

1114 1978 1131 1998 *
1154 1978 1278 2018 legitur,
1303 1984 1368 2008 tam
1394 1967 1396 2010 i}

297 2348 371 2372 sunt
395 2340 586 2372 extrinsecae
610 2347 732 2368 causae.
763 2337 811 2367 De
843 2346 977 2376 corpore
1014 2343 1120 2366 autem
1153 2335 1374 2367 manifestatur

1419 1545 1455 1565 ex
1479 1534 1541 1564 hoc
1565 1534 1665 1575 quod,
1689 1533 1762 1564 licet
1785 1533 1826 1564 sit
1848 1532 2057 1563 intrinsecum
2081 1531 2221 1569 homini,
2246 1538 2293 1562 est
2315 1539 2423 1564 tamen
2446 1541 2499 1565 ex-

1419 1579 1592 1610 trinsecum
1622 1578 1764 1614 animae,
1789 1587 1871 1619 quae
1900 1577 2056 1608 alienatur
2085 1583 2116 1607 et
2145 1576 2336 1608 abstrahitur
2359 1587 2377 1609 a
2400 1576 2505 1609 sensi-¹

1419 1624 1490 1656 bus.
1513 1641 1534 1646 —
1559 1623 1680 1660 Quarta
1704 1632 1780 1653 vero
1803 1622 1973 1653 intrinseca
2005 1628 2067 1652 est:
2093 1621 2250 1662 quoniam
2280 1627 2328 1653 eat
2357 1621 2428 1664 ipsa
2450 1621 2498 1654 in—

1419 1668 1519 1700 tentio
1544 1677 1600 1698 seu
1625 1666 1748 1698 affectio
1772 1666 1909 1698 animae.
1940 1666 1982 1697 Et
2005 1672 2173 1707 propterea
2200 1675 2267 1697 non
2291 1673 2339 1699 est
2361 1675 2499 1708 eompu-

1420 1719 1485 1744 tata
1509 1722 1584 1743 cum
1607 1711 1687 1743 aliis.

1476 1757 1529 1787 Ad
1551 1756 1584 1787 id
1603 1763 1711 1787 autern
1735 1755 1826 1796 quod
1849 1756 1888 1786 de
1904 1755 2034 1786 Socrate
2049 1754 2173 1792 dicitur,
2198 1761 2307 1795 posset
2327 1754 2389 1786 dici
2407 1755 2499 1796 quod

1393 1805 1395 1818 ¹
1421 1811 1459 1831 ex
1481 1799 1683 1831 vehementia
1705 1799 1893 1830 intentionis
1917 1799 2042 1830 animae
2067 1799 2315 1830 abstrahebatur.
2340 1799 2498 1831 Vemnta-

1422 1855 1496 1876 men
1521 1844 1719 1882 Aristoteles,
1739 1844 1772 1874 in
1795 1845 1998 1875 Problemata
2021 1845 2141 1884 Magno
2155 1844 2195 1875 de
2222 1844 2305 1875 Viris
2327 1844 2499 1876 Excellen-

1421 1890 1506 1921 tibus
1516 1889 1543 1926 ²⁸,
1569 1888 1728 1929 corporali
1745 1898 1858 1920 causae
1874 1888 2000 1919 videtur
2015 1888 2170 1919 tribuere:
2195 1887 2385 1919 existimavit
2400 1888 2498 1930 siqui-

1394 1933 1396 1951 ⁵
1423 1934 1497 1965 dem
1520 1934 1614 1965 illum
1638 1932 1832 1964 maniacum.

1477 1979 1526 2009 De
1555 1981 1695 2009 Auctore
1725 1984 1851 2014 autem,
1883 1976 2113 2018 particulariter
2140 1975 2274 2017 quidem
2301 1976 2365 2008 dici
2393 1983 2502 2018 potant
2527 1976 2583 1996 ⁸³⁰¹·

1421 2024 1511 2066 quod
1527 2033 1564 2054 ex
1579 2022 1750 2054 intrinseca
1773 2032 1868 2054 causa
1891 2021 2088 2053 alienabatur
2110 2031 2129 2051 a
2151 2021 2308 2057 sensibus.
2328 2020 2448 2054 scilicet
2462 2032 2501 2054 ex

1423 2067 1523 2098 nimia
1545 2067 1722 2098 intentione
1746 2067 1786 2097 ad
1810 2066 2025 2107 speculabilia,
2045 2065 2096 2096 vel
2111 2064 2278 2106 affectione
2294 2065 2333 2096 ad
2349 2065 2499 2098 fruibilis.

1423 2111 1648 2144 Universaliter
1667 2119 1775 2143 autem
1799 2111 1831 2142 in
1857 2111 1980 2142 nullam
2003 2117 2140 2151 possunt
2162 2110 2271 2142 reduci
2291 2110 2434 2151 corporis
2449 2111 2500 2143 vel

1422 2157 1546 2188 animae
1567 2167 1695 2188 causam
1712 2156 1798 2187 illius
1814 2162 1941 2197 raptus:
1966 2155 2122 2198 quoniam
2139 2155 2346 2196 corporaliter
2359 2155 2501 2187 elevatus

1423 2212 1441 2232 a
1457 2209 1538 2233 terra
1553 2201 1780 2242 inspiciebatur
1794 2200 1822 2237 *,
1846 2201 1937 2242 quod
1953 2207 1984 2232 et
1999 2199 2143 2241 corporis
2160 2207 2191 2231 et
2206 2200 2331 2231 animae
2345 2199 2429 2231 vires
2449 2210 2500 2232 a·

1424 2246 1515 2278 cedit.
1540 2246 1582 2277 Et
1605 2253 1783 2287 propterea,
1808 2255 1883 2276 curn
1907 2245 2043 2276 Sanctus
2061 2244 2122 2276 Dei
2145 2251 2238 2281 esset,
2262 2244 2377 2285 procul
2399 2244 2500 2277 dubio

1425 2291 1532 2322 divina
1555 2291 1735 2331 rapiebatur
1758 2290 1882 2321 virtute.

1108 2477 1430 2519 ARTICULUS
1458 2474 1690 2518 TERTIUS

822 2562 980 2594 UTRUM
1003 2561 1174 2593 PAULUS
1199 2561 1243 2592 IN
1267 2561 1412 2592 RAPTU
1436 2559 1614 2592 vaRt‘r
1637 2559 1709 2591 DEI
1733 2558 1976 2591 ESSENTIAM

382 2651 449 2676 Part.
469 2650 487 2679 1.
507 2657 551 2682 qu.
571 2656 614 2678 xn,
635 2652 681 2673 art.
705 2655 743 2677 11,
764 2647 796 2671 ad
817 2653 847 2678 2;
868 2646 902 2671 IV
922 2646 1005 2676 Sent„
1027 2645 1086 2671 dist.
1105 2653 1171 2675 utrix,
1191 2653 1236 2678 qu.
1255 2652 1283 2675 n,
1303 2650 1349 2670 art.
1369 2652 1394 2678 7,
1414 2645 1445 2669 ad
1466 2643 1496 2675 53
1519 2644 1560 2669 De
1583 2643 1673 2674 Ver-it„
1693 2651 1737 2676 qu.
1756 2650 1811 2675 xm,
1830 2648 1877 2669 art.
1899 2650 1927 2675 25
1947 2643 1968 2668 11
1987 2643 2025 2668 ad
2047 2643 2117 2673 Cor„
2137 2650 2192 2675 cap.
2210 2649 2255 2672 ιιι,
2275 2642 2333 2668 lect.
2352 2649 2370 2672 ι,
2388 2649 2416 2668 n.

334 2743 344 2760 x

328 2769 338 2794 l

453 2820 505 2844 's-

321 2866 336 2895 1»

439 2905 447 2913 ’
474 2880 623 2940 quod
650 2895 704 2927 est
731 2895 860 2938 raptus
890 2900 1006 2937 usque
1033 2889 1085 2926 ad
1111 2888 1260 2926 tertium
1289 2900 1372 2926 cae-

303 2946 393 2991 lum,
423 2945 474 2983 ita
503 2952 539 2981 et
569 2944 617 2982 de
647 2944 760 2982 Petro
789 2942 935 2990 legitur⁷
965 2944 1048 2980 Act.
1068 2954 1092 2978 x
1110 2941 1150 2988 *‚
1182 2941 1286 2990 quod
1315 2954 1372 2979 ce-

302 3000 391 3038 cidit
421 3010 535 3047 super
562 3009 648 3034 eum
677 2997 809 3034 mentis
839 3007 1024 3034 excessus.
1062 2996 1140 3033 Sed
1167 2996 1303 3032 Petrus
1336 2995 1372 3033 in
1399 2990 1400 3012 l

304 3065 373 3090 suo
403 3063 561 3090 excessu
589 3063 668 3089 non
696 3049 790 3088 vidit
819 3049 891 3087 Dei
913 3048 1128 3095 essentiam,
1159 3049 1225 3087 sed
1255 3061 1373 3098 quan·

305 3107 393 3143 dam
415 3103 678 3153 imaginariam
698 3103 889 3141 visionem
904 3102 935 3140 *.
965 3103 1068 3151 Ergo
1097 3102 1248 3140 videtur
1267 3102 1372 3151 quod

305 3172 375 3197 nec
404 3159 544 3196 Paulus
573 3157 646 3195 Dei
675 3157 877 3195 essentiam
905 3155 1054 3195 viderit.

359 3224 394 3249 2.
424 3213 666 3258 Prummu,
695 3210 793 3248 visio
832 3209 904 3247 Dei
937 3210 1024 3247 facit
1051 3209 1249 3247 hominem
1284 3209 1373 3246 bea-

306 3273 398 3302 tum.
434 3265 511 3303 Sed
539 3265 682 3302 Paulus
715 3264 753 3301 in
781 3264 844 3301 illo
874 3270 985 3312 raptu
1014 3275 1093 3300 non
1121 3262 1189 3301 fuit
1217 3262 1373 3301 beatus:

306 3318 472 3366 alioquin
501 3330 699 3367 nunquam
729 3317 778 3355 ad
806 3317 907 3355 vitae
931 3316 1044 3355 huius
1064 3316 1256 3354 miseriam
1278 3315 1374 3355 redi-

307 3371 411 3417 isset,
441 3372 507 3409 sed
537 3384 676 3420 corpus
705 3371 786 3409 eius
815 3370 944 3408 fuisset
978 3382 1048 3420 per
1082 3369 1374 3409 redundantiam

309 3425 358 3460 ab
385 3424 514 3462 anima
542 3425 809 3472 glorificatum,
835 3424 931 3462 sicut
960 3423 1028 3461 erit
1056 3423 1094 3460 in
1123 3423 1261 3462 sanctis
1289 3430 1376 3473 post

309 3477 645 3523 resurrectionem;
683 3479 789 3526 quod
826 3485 929 3526 patet
963 3490 1045 3515 esse
1082 3477 1232 3515 falsum.
1272 3477 1375 3525 Ergo

308 3530 450 3567 Paulus
478 3529 517 3566 in
545 3539 654 3579 raptu
683 3543 761 3567 non
789 3530 884 3567 vidit
914 3530 985 3567 Dei
1013 3530 1231 3568 essentiam.

366 3584 400 3621 3.
430 3584 664 3630 ΡΜΕΤΕΚΕΑ,
694 3583 790 3622 fides
819 3591 854 3621 et
883 3595 972 3632 spes
1001 3595 1082 3621 esse
1112 3596 1191 3622 non
1215 3589 1377 3632 possunt

310 3635 423 3674 simul
452 3648 541 3673 cum
563 3636 710 3672 visione
740 3635 890 3673 divinae
913 3636 1117 3673 essentiae:
1147 3644 1188 3673 ut
1215 3636 1377 3674 habetur

514 2743 536 2768 n
551 2741 713 2768 ‘tearum
737 2740 791 2767 stc
816 2739 1057 2766 paocamrua.
1082 2727 1243 2766 Videtur
1266 2727 1371 2776 quod
1398 2753 1400 2762 ,

514 2784 655 2822 Paulus
692 2782 731 2820 in
768 2790 877 2831 raptu
915 2794 994 2819 non
1030 2780 1167 2819 viderit
1205 2780 1278 2818 Dei
1316 2779 1400 2819 σεε-ἶ

464 2840 485 2876 6
515 2837 690 2875 sentiam.
722 2835 827 2874 Sicut
856 2835 958 2873 enim
980 2835 1027 2872 de
1048 2835 1170 2872 Paulo
1198 2834 1331 2882 legitur
1351 2835 1371 2856 '²
1398 2876 1400 2883 Ι

1429 2727 1441 2762 I
1468 2726 1520 2763 ad
1542 2727 1629 2763 Cor,
1650 2737 1710 2762 xm
1729 2724 1761 2763 *.
1803 2725 1879 2763 Sed
1908 2725 2051 2762 Paulus
2080 2724 2119 2762 in
2146 2732 2246 2764 statu
2274 2724 2337 2763 illo
2365 2724 2501 2764 habuit

1426 2780 1546 2818 fidem
1575 2787 1616 2817 et
1645 2790 1767 2828 spem.
1805 2779 1907 2828 Ergo
1941 2791 2022 2817 non
2047 2778 2144 2816 vidit
2174 2777 2248 2816 Dei
2280 2777 2498 2817 essentiam.

1479 2845 1516 2881 4.
1539 2834 1775 2880 plumeam,
1796 2832 1893 2870 sicut
1911 2831 2147 2881 Augustinus
2167 2831 2268 2880 dicit,
2297 2832 2367 2869 XII
2385 2840 2502 2880 super

1431 2887 1524 2925 Gen.
1554 2887 1605 2924 ad
1632 2887 1697 2924 litt.
1718 2887 1750 2933 *,
1781 2886 1996 2924 secundum
2014 2885 2206 2924 visionem
2233 2884 2498 2933 imaginariam
2527 2896 2540 2909 ·

1427 2940 1619 2989 quaedam
1656 2940 1914 2978 similitudines
1950 2951 2155 2989 corporum
2189 2938 2380 2977 videntur.
2421 2937 2500 2976 Sed

1427 2995 1569 3032 Paulus
1600 2993 1754 3032 videtur
1789 2993 1828 3032 in
1860 3000 1971 3043 raptu
2007 2992 2196 3043 quasdam
2233 2990 2500 3029 similitudines

1426 3047 1584 3095 vidisse,
1614 3055 1707 3096 puta
1735 3047 1834 3085 tertii
1859 3047 1955 3085 caeli
1982 3054 2018 3084 et
2043 3045 2242 3084 Paradisi:
2269 3051 2311 3082 ut
2337 3044 2500 3083 habetur

1429 3102 1460 3139 ΙΙ
1481 3102 1532 3139 ad
1554 3102 1641 3139 Cor.
1662 3113 1710 3139 x11
1729 3100 1762 3138 ²¹⁸.
1786 3101 1890 3149 Ergo
1908 3099 2062 3139 videtur
2081 3111 2164 3138 esse
2183 3105 2313 3148 raptus
2333 3098 2383 3136 ad
2404 3097 2499 3136 ima—

1427 3154 1612 3203 ginariam
1642 3153 1846 3202 visionem,
1877 3153 1997 3202 magis
2024 3163 2142 3201 quam
2162 3151 2213 3190 ad
2230 3151 2424 3190 visionem
2445 3151 2500 3190 di-

1426 3220 1542 3246 vinae
1571 3207 1768 3247 essentiae.

1483 3262 1559 3300 SED
1587 3273 1735 3300 CONTRA
1762 3271 1830 3298 aar
1855 3259 1962 3308 quod
1990 3257 2225 3306 Augustinus
2253 3258 2498 3306 determinat,

1429 3315 1468 3353 in
1486 3315 1584 3353 libro
1613 3315 1659 3353 de
1690 3313 1855 3353 Videndo
1886 3313 2011 3351 Deum
2039 3312 2092 3349 ad
2110 3312 2314 3350 Paulinam
2332 3311 2365 3360 ²⁸¹,
2393 3311 2501 3361 quod

1430 3369 1511 3418 ipw
1538 3369 1615 3407 Dei
1638 3366 1845 3406 substantia
1872 3377 1897 3403 a
1915 3365 2138 3415 quibusdam
2166 3365 2289 3403 videri
2308 3365 2435 3416 potuit
2459 3365 2498 3403 in

1429 3423 1503 3460 hac
1534 3422 1611 3460 vita
1643 3420 1797 3470 positis:
1831 3418 1928 3457 sicut
1963 3431 1987 3456 a
2014 3419 2168 3468 Moyse,
2205 3424 2243 3457 et
2266 3419 2407 3465 Paulo,
2436 3418 2503 3468 qui

1430 3481 1561 3524 raptus
1597 3473 1742 3513 audivit
1774 3471 1981 3522 ineffabilia
2014 3473 2152 3519 verba,
2181 3483 2280 3521 quae
2311 3484 2388 3510 non
2416 3470 2502 3509 licet

1430 3527 1575 3566 homini
1602 3527 1715 3575 loqui.

1485 3582 1711 3618 Rasaonnao
1749 3590 1935 3616 mesanum
1978 3580 2084 3628 quod
2125 3578 2283 3628 quidam
2325 3578 2500 3616 dixerunt

1431 3634 1594 3670 Paulum
1629 3633 1666 3670 in
1696 3640 1805 3681 raptu
1838 3644 1916 3669 non
1944 3632 2085 3670 vidisse
2117 3632 2241 3682 ipsam
2270 3631 2344 3670 Dei
2373 3642 2499 3670 essen-

2516 398 2528 410 *
2541 401 2569 422 D.
2584 400 2631 429 981.

2526 1892 2663 1916 Ῥνοὺἱαιι
2677 1893 2741 1917 Soet.

2527 1950 2562 1970 ter
2566 1930 2742 1976 sumaih-Ari:

2527 2233 2571 2256 “p
2586 2200 2656 2250 ‘nub'
2686 2200 2726 2223 elt.
2733 2215 2741 2228 ,

2528 2733 2539 2744 ·
2552 2731 2619 2755 Vm.
2635 2731 2650 2755 8
2664 2737 2716 2762 sqq.

2526 2928 2591 2951 xm,
2604 2912 2687 2946 xivm.

2527 3112 2692 3141 'Vera-am„

2528 3313 2539 3325 ⁸
2625 3311 2740 3340 mvn.

2527 3340 2556 3362 al.
2625 3344 2739 3369 ‚capam
