2768 4198
47 642 57 651 ⁸
74 641 120 668 Qu.
136 646 208 668 xcvii,
218 645 259 663 art.

46 673 67 689 2.

47 798 119 827 ’Cap.
126 805 151 825 11,
161 806 218 821 νοτε,
226 805 257 827 25.

295 286 371 322 338

290 364 424 401 caloris
444 373 481 401 et
499 365 665 412 frigoris;
695 364 876 409 secundo,
899 363 946 399 ad
968 369 1228 409 tegumentum
1250 359 1358 407 igno-
1387 383 1389 409 {

290 417 450 464 miniae,
485 430 533 454 ne
571 418 764 466 turpitudo
803 416 1067 452 membrorum
1101 421 1283 462 appareat
1318 412 1359 449 in
1387 442 1388 445 ,

289 471 427 518 quibus
455 471 659 519 praecipue
687 470 946 506 manifestatur
975 467 1130 503 rebellio
1157 466 1279 502 carnis
1308 466 1356 502 ad
1386 498 1387 520 3

1385 526 1387 551 ὲ
1415 520 1474 562 cit,
1498 520 1548 555 XI
1578 532 1691 568 super
1714 521 1807 558 Gen.
1833 522 1886 558 ad
1909 522 1973 559 litt.
1995 522 2026 568 ²⁸,
2058 535 2136 559 non
2165 530 2221 559 est
2250 521 2486 559 credendum

1385 590 1386 595 =
1413 571 1517 618 quod
1534 572 1646 620 primi
1661 582 1836 621 parentes
1857 583 1982 613 essent
1997 576 2171 624 producti
2191 576 2329 612 clausis
2349 575 2486 612 oculis:

289 523 473 571 spiritum.
513 524 620 560 Haec
655 531 783 559 autem
818 522 894 557 duo
930 521 966 556 in
995 519 1119 567 primo
1150 527 1248 555 statu
1278 530 1356 554 non

290 585 406 614 erant.
439 577 538 623 Quia
567 576 603 612 in
631 584 727 612 statu
747 575 808 610 illo
836 585 974 621 corpus
1002 572 1169 608 hominis
1190 583 1267 608 non
1289 583 1358 619 po-

288 637 382 666 terat
410 641 478 678 per
506 628 645 676 aliquid
667 627 917 664 extrinsecum
939 625 1048 671 laedi,
1070 633 1110 661 ut
1133 625 1170 661 in
1190 624 1321 660 Primo
1337 623 1357 646 *
1384 654 1385 671 3

288 682 430 719 dictum
452 690 518 718 est.
547 682 630 717 Nec
651 680 763 716 etiam
786 687 865 715 erat
884 679 921 715 in
941 686 1038 714 statu
1058 678 1119 714 illo
1141 678 1265 726 aliqua
1281 685 1356 713 tur·
1383 712 1384 722 ,

1383 736 1384 739 ’
1410 730 1499 766 dum
1519 745 1552 767 ».
1569 731 1704 779 Aperti
1720 743 1815 781 ergo
1834 739 1922 770 sunt
1934 735 2036 771 oculi
2052 736 2254 772 amborum
2274 735 2326 772 ad
2343 734 2488 783 aliquid

287 790 462 824 duceret:
492 787 594 822 unde
616 786 748 822 dicitur
771 784 960 821 Genesi*:
988 785 1087 820 Erat
1111 790 1236 820 autem
1259 789 1355 819 uter·
1382 813 1383 830 i
1409 783 1628 820 intuendum
1665 790 1702 820 et
1734 785 1980 834 cogitandum
2016 789 2118 835 quod
2147 794 2259 825 antea
2288 800 2484 837 nunquam

287 735 418 783 pitudo
448 735 485 771 in
510 745 670 782 corpore
700 732 867 768 hominis
887 744 986 779 quae
1013 730 1279 767 confusionem
1301 730 1356 766 in-

285 853 356 888 que
389 840 528 885 nudus,
558 839 684 875 Adam
721 838 862 874 scilicet
895 843 930 873 et
958 849 1058 873 uxor
1086 837 1185 881 eius,
1216 842 1252 872 et
1278 848 1354 872 non

284 893 558 930 erubescebant.
589 912 612 919 -
641 891 725 928 Alia
755 899 883 927 autern
909 890 1002 927 ratio
1024 897 1080 926 est
1100 890 1147 926 de
1169 889 1266 931 cibo,
1289 889 1354 937 qui
1380 925 1382 927 .

954 283 1221 330 QUAESTIO
1253 281 1425 326 CLXIV,
1455 283 1758 321 ARTICULUS
1789 284 1820 319 11

1418 368 1473 396 est
1503 363 1739 398 necessarius
1769 362 1817 398 ad
1846 362 2060 399 fomentum
2089 362 2223 399 caloris
2253 362 2432 399 naturalis
2453 369 2489 398 et

1416 413 1464 449 ad
1495 415 1667 462 corporis
1697 423 1958 463 augmentum.

1469 468 1527 502 AD
1557 478 1685 504 NONUM
1704 479 1890 506 mOENDUM
1918 469 2035 517 quod,
2056 469 2153 506 sicut
2178 468 2413 516 Augustinus
2433 467 2487 504 di·

1412 624 1616 673 praecipue
1637 638 1726 662 curn
1747 627 1794 663 de
1821 628 1980 664 muliere
2001 629 2147 666 dicatur
2165 629 2270 678 quod
2298 643 2317 662 «
2334 629 2429 665 vidit
2445 628 2487 664 li-

1410 689 1545 727 gnum,
1566 680 1668 726 quod
1685 685 1780 715 esset
1798 680 2003 727 pulchrum
2033 687 2069 718 et
2095 683 2235 719 bonum
2258 683 2311 718 ad
2335 693 2485 718 vescen-

1410 837 1674 874 adverterant.-
1697 838 1837 875 scilicet
1861 839 1910 876 ad
1930 839 2098 877 invicem
2118 842 2482 890 concupiscendum,

1410 891 1515 937 quod
1545 898 1631 926 ante
1661 903 1739 927 non
1770 891 1914 928 fuerat„

959 1004 1300 1036 Commentario.
1323 1003 1579 1037 Oardjnalis
1601 1004 1807 1038 Caietam·

311 1113 331 1132 N
355 1108 420 1132 tota
451 1101 637 1142 quaestione
661 1101 1154 1142 centesimasexagesimaquarta‚
1182 1103 1221 1132 de
1247 1112 1352 1142 poena

285 1114 428 1186 Ipeccati
453 1146 546 1186 primi
570 1146 728 1182 hominis,
755 1146 817 1176 hoc
840 1146 947 1176 solum
971 1146 1174 1177 scribendum
1198 1147 1350 1184 occurrit,

1405 1110 1441 1133 ut
1464 1110 1619 1135 testantur
1640 1104 1714 1134 inde
1737 1104 1909 1135 venientes.
1934 1105 1976 1136 Et
1999 1115 2059 1136 nos
2082 1105 2229 1137 misimus
2256 1106 2366 1138 fratres
2388 1107 2480 1139 Ordi-

1406 1147 1453 1178 nis
1477 1148 1517 1178 ad
1540 1155 1645 1188 partes
1667 1149 1747 1185 illas,
1764 1156 1796 1180 et
1811 1155 1889 1180 eunt
1911 1157 1943 1180 et
1965 1150 2100 1181 redeunt
2115 1157 2214 1191 prout
2228 1151 2364 1191 expedit.
2389 1152 2483 1184 Unde

280 1191 377 1230 quod,
396 1191 474 1220 dum
489 1190 521 1220 in
538 1190 678 1220 secundo
695 1190 839 1226 articulo,
856 1190 888 1220 in
908 1191 1117 1231 responsione
1133 1191 1172 1221 ad
1189 1191 1350 1232 quintum,
1377 1198 1378 1221 1
1405 1193 1544 1223 secunda
1569 1193 1681 1233 opinio
1705 1193 1925 1234 amplectenda
1948 1194 2082 1226 videtur.
2113 1195 2180 1226 Nec
2203 1195 2322 1226 mirum
2347 1196 2372 1226 si
2396 1197 2481 1228 mul-

279 1235 316 1264 de
331 1235 489 1275 flammeo
503 1235 614 1275 gladio
632 1234 713 1265 duae
732 1234 934 1265 insinuantur
954 1235 1134 1275 opiniones,
1152 1236 1246 1267 altera
1262 1237 1352 1277 quod
1376 1224 1378 1289 }
1403 1244 1453 1268 tos
1478 1237 1634 1277 sapientes
1659 1237 1720 1268 hoc
1743 1238 1844 1269 latuit.
1870 1238 1956 1276 Quia
1978 1238 2036 1270 ista
2060 1247 2135 1270 sunt
2153 1240 2324 1280 singularia
2348 1240 2415 1272 sine
2431 1251 2481 1272 ex-

2516 529 2524 538 ·
2539 527 2596 556 Cap.
2611 535 2675 551 xxxx.

279 1279 317 1309 sit
339 1284 447 1309 aestus
466 1289 508 1309 ex
526 1280 767 1321 propinquitate
782 1279 869 1316 solis,
888 1279 983 1310 altera
999 1281 1089 1320 quod
1115 1280 1155 1312 sit
1165 1291 1228 1321 per
1251 1291 1351 1322 ange—
1376 1291 1378 1312 ι
1403 1281 1565 1322 perientia‚
1582 1289 1711 1323 accepta
1734 1292 1752 1312 a
1775 1282 2032 1323 progenitoribus
2057 1294 2093 1314 ex
2112 1284 2269 1324 probabili
2291 1292 2480 1326 argumento
2508 1303 2518 1314 .
2526 1302 2721 1332 masuam,

278 1324 373 1353 licum
398 1324 609 1354 ministerium
633 1323 792 1364 quaedam
817 1325 913 1364 ignea
937 1325 1094 1362 custodia,
1112 1325 1214 1365 prima
1238 1326 1350 1366 opinio

276 1367 371 1397 hodie
395 1368 518 1398 exclusa
541 1368 674 1398 videtur.
700 1368 864 1405 Quoniam
887 1378 970 1398 zona
993 1379 1075 1409 quae
1099 1370 1216 1400 torrida
1239 1377 1351 1402 vocata

277 1418 332 1447 est,
350 1422 367 1441 a
391 1422 453 1452 qua
478 1422 642 1452 nunquam
666 1412 715 1442 sol
739 1412 865 1449 recedit,
886 1412 951 1443 iam
973 1413 1101 1444 iuventa
1125 1421 1172 1445 est
1202 1415 1350 1447 habitata.

277 1456 403 1486 Habent
426 1456 510 1486 enim
534 1456 608 1496 iuge
640 1456 880 1498 aequinoctium
903 1457 1095 1489 habitatores
1125 1466 1225 1490 terrae
1248 1459 1349 1497 illius,

1376 1316 1378 1383 Ι
1404 1326 1574 1367 Ethiopiae
1597 1334 1664 1357 tam
1688 1327 1836 1364 ardentis,
1852 1328 1891 1358 de
1914 1338 1978 1369 qua
2002 1329 2152 1359 Lucanus
2166 1329 2199 1359 *t

1460 1371 1698 1412 Ethiopumque
1711 1372 1827 1410 solum,
1844 1372 1930 1413 quod
1949 1382 2012 1404 non
2023 1379 2232 1414 premeretur
2254 1373 2296 1404 ab
2319 1374 2388 1405 ulla

1462 1415 1623 1457 Signiferi
1645 1417 1780 1457 regione
1796 1417 1879 1457 poli,
1898 1418 1943 1455 ni,
1953 1418 2078 1458 poplite
2100 1418 2201 1460 lapso,

1465 1459 1585 1491 Ultima
1609 1462 1735 1492 curvati
1753 1467 1960 1502 premeretur
1981 1463 2021 1493 ab
2045 1463 2171 1504 ungula
2199 1463 2310 1494 Tauri.

2507 1329 2548 1351 lib.
2562 1329 2596 1352 m
2614 1336 2676 1353 ven.

2506 1362 2518 1378 ⁸
2531 1346 2609 1409 3⁸¹5-ss
2612 1363 2722 1412 139ηοῖ

2504 1411 2610 1432 merem
2628 1410 2660 1432 ab
2682 1417 2721 1433 u-

2502 1435 2590 1485 525¹⁶02
2604 1437 2723 1465 Μ
