2768 4198
914 286 1181 333 QUAESTIO
1212 285 1458 331 CLXXXIV,
1488 283 1786 321 ARTICULUS
1817 284 1848 320 11

148 385 164 410 γ
291 371 341 407 Et
368 370 458 417 quia
486 368 524 406 id
554 369 660 416 quod
689 375 745 404 est
773 366 993 415 simpliciter
1015 374 1070 402 est
1097 365 1326 414 principium
1347 369 1362 392 Υ
1388 362 1390 429 fl
1416 365 1507 401 bere
1537 376 1634 413 opus
1658 364 1868 412 perfectum
1889 363 1926 399 in
1956 362 2088 399 ordine
2109 361 2157 397 ad
2187 360 2398 397 caritatem:
2428 359 2481 395 in-

51 432 263 457 ·Cf-AriatotMe-
292 431 328 460 et
343 422 555 459 maximum
576 428 750 470 respectu
765 420 926 456 aliorum
937 419 968 465 *,
985 419 1073 456 inde
1089 427 1145 455 est
1159 419 1261 468 quod
1278 430 1360 467 per·
1388 432 1390 447 ι
1415 425 1603 467 quantum
1632 417 1772 454 scilicet
1792 429 1837 453 ex
1857 415 2091 453 abundantia
2120 414 2280 451 caritatis
2305 412 2482 462 provenit

50 459 263 536 {izi-'giiii
291 476 404 512 fectio
425 474 584 512 caritatis
605 483 660 511 est
677 473 906 522 principium
928 480 1101 521 respectu
1120 472 1362 521 perfectionis
1415 471 1521 519 quod
1550 470 1684 519 aliquis
1713 470 1896 519 patienter
1922 470 2056 506 toleret
2076 468 2247 513 adversa,
2269 466 2479 503 secundum

86 530 91 535 ’
129 531 134 539 “
195 529 200 535 ”
235 528 242 534 '
293 541 391 578 quae
421 528 624 566 attenditur
652 527 865 564 secundum
893 525 984 563 alias
1012 526 1182 563 virtutes.
1415 525 1507 561 illud
1534 526 1647 562 Rom.
1673 523 1788 560 Vl11*:
1833 524 1923 566 Quis
1951 535 2019 559 nos
2052 521 2244 570 separabit
2276 533 2299 557 a
2329 520 2483 556 caritate
2509 524 2646 552 ‘Venas-

1417 577 1517 614 Dei?
1548 579 1584 614 T
1581 577 1788 614 ribulatio?
1816 589 1866 614 an
1886 576 2095 626 angustia?
2124 582 2193 611 etc.

346 585 405 619 AD
433 593 594 618 ”rentium
613 591 799 617 met-:unum
819 580 924 629 quod
943 579 1123 628 patientia
1144 578 1277 616 dicitur
1295 579 1361 615 ha-

2400 281 2472 326 451

344 713 370 745 γ)
386 712 561 744 principium.
573 725 593 731 -
607 712 867 744 principalissimum
889 712 926 735 Pa
945 711 986 735 hic
1006 717 1031 735 et
1050 711 1147 737 statim.

972 791 1310 824 Commentariis.
1333 789 1587 822 Cardinalis
1611 788 1817 822 Caietam

322 885 343 906 N
355 874 488 905 articulo
502 873 607 914 primo
619 872 815 914 quaestionis
829 871 1365 912 centesimaeoctogesimaequartae

296 887 442 960 Ipluries
464 918 632 958 replicatur
656 918 689 959 ly
711 917 905 958 specialiter,
930 916 1066 947 dicendo
1090 915 1123 945 in
1147 915 1272 946 caritate
1294 925 1365 955 spe-

293 964 412 995 cialiter
435 963 606 994 consistere
630 961 859 1003 perfectionem
882 971 938 991 seu
957 961 1055 991 vitam
1075 959 1299 991 Christianam.
1324 959 1366 989 Et
1390 954 1392 982 l

294 1009 473 1039 secundum
496 1007 661 1038 veritatem
685 1007 812 1037 deberet
836 1005 898 1036 dici
913 1005 1188 1036 substantialiter:
1210 1003 1366 1044 quoniam

295 1053 356 1084 hoc
381 1051 547 1083 manifeste
570 1051 705 1082 intendit
723 1053 855 1081 Auctor.
880 1049 921 1080 Et
943 1056 1111 1090 propterea
1128 1048 1304 1088 corrigendi
1320 1047 1367 1077 vi-
1391 1041 1393 1077 3,

295 1098 410 1128 dentur
433 1096 570 1127 codices.
594 1097 736 1136 Apparet
759 1102 867 1126 autem
890 1094 952 1124 hoc
976 1103 1012 1123 ex
1032 1092 1239 1132 responsione
1259 1093 1298 1122 ad
1318 1102 1366 1122 se·
1392 1085 1393 1100 ¹

295 1142 448 1178 cundum,
462 1140 517 1171 ubi
537 1139 703 1170 manifeste
716 1138 920 1179 distinguitur
931 1144 1043 1168 natura
1056 1144 1166 1167 contra
1178 1136 1364 1167 accidentia:
1392 1140 1394 1156 ³

295 1194 408 1217 natura
431 1192 549 1220 autem,
574 1183 708 1215 essentia
731 1185 762 1214 et
785 1181 960 1213 substantia
984 1181 1070 1211 idem
1093 1187 1168 1211 sunt
1191 1181 1223 1210 in
1248 1190 1367 1220 propo-

295 1231 368 1261 sito.
392 1247 414 1253 -
437 1231 580 1270 Apparet
611 1237 745 1268 quoque
772 1237 810 1257 ex
833 1226 967 1257 articulo
991 1225 1094 1261 tertio.
1121 1225 1176 1255 ubi
1200 1225 1281 1255 clare
1306 1225 1367 1254 dis-

1417 870 1465 900 sio
1490 870 1567 900 haec
1590 869 1734 900 videatur
1755 868 1846 909 loqui
1871 869 1910 898 de
1930 867 2123 908 perfectione
2140 876 2293 897 sensuum
2309 867 2341 898 in
2358 866 2487 897 diversis

1418 914 1614 950 hominibus,
1640 920 1771 953 propter
1794 913 1847 943 illa
1870 913 1979 949 verba,
2002 912 2078 942 Hoc
2100 916 2206 942 autem
2221 911 2267 951 fit
2287 921 2347 952 per
2371 912 2488 942 carita-

1419 965 1502 996 tem,
1535 968 1618 999 quae
1645 967 1834 988 consensum
1864 958 1895 987 in
1921 956 2100 987 hominibus
2123 961 2295 996 operatur:
2327 957 2352 986 si
2379 963 2487 986 tamen

1419 1003 1600 1043 diligentius
1624 1001 1864 1042 inspexerimus,
1890 1002 1928 1031 de
1952 1000 2146 1042 perfectione
2170 1011 2322 1031 sensuum
2345 1000 2502 1041 loquitur*

1420 1055 1450 1078 et
1473 1048 1506 1078 in
1530 1047 1646 1078 eodem
1669 1053 1700 1076 et
1722 1046 1754 1076 in
1779 1046 1918 1076 diversis.
1956 1046 1991 1076 In
2015 1045 2128 1075 eodem
2154 1046 2303 1085 quidem,
2335 1044 2489 1085 quoniam

1420 1092 1531 1123 caritas
1555 1098 1601 1122 est
1623 1101 1705 1132 quae
1737 1093 1807 1120 unit
1837 1100 1948 1120 sensus
1972 1091 2012 1119 ad
2040 1099 2146 1120 veram
2172 1089 2395 1120 discretionem
2414 1089 2491 1119 boni

1421 1143 1451 1167 et
1475 1136 1569 1171 mali,
1601 1135 1645 1166 ita
1675 1135 1764 1175 quod
1794 1134 1827 1164 in
1854 1144 1919 1164 una
1941 1134 2069 1164 veritate
2094 1134 2302 1170 conveniant,
2334 1143 2391 1164 nec
2415 1133 2492 1164 alter

1393 1214 1395 1229 ἰ
1421 1180 1508 1211 alteri
1534 1179 1740 1210 contradicat:
1766 1186 1916 1219 operatur
1935 1179 2021 1208 enim
2044 1178 2272 1208 adunationem
2296 1185 2327 1208 et
2350 1177 2491 1218 quietem

1394 1233 1395 1264 ζ
1422 1234 1575 1255 sensuum
1599 1224 1632 1254 in
1656 1233 1733 1259 uno,
1759 1224 1849 1264 quod
1872 1230 1918 1253 est
1941 1224 2045 1265 Deus3
2069 1222 2156 1253 iuxta
2179 1222 2258 1253 illud
2274 1222 2433 1262 Apostoli,
2450 1222 2493 1252 ad

296 1274 453 1317 tinguitur
474 1272 626 1314 perfectio
647 1271 853 1303 essentialiter
869 1277 979 1301 contra
994 1268 1242 1300 accidentaliter:
1268 1276 1299 1299 et
1318 1279 1368 1299 ex·
1394 1269 1395 1277 ¹

1394 1282 1396 1297 1
1421 1269 1505 1299 Heb.
1529 1279 1549 1298 v
1567 1268 1676 1308 cap.*:
1703 1267 1927 1308 Persea-torum
1951 1267 2074 1298 solidus
2098 1272 2144 1297 est
2167 1267 2271 1298 cibus:
2303 1276 2414 1297 eorum
2438 1268 2493 1306 qui
2520 1270 2529 1280 ⁸
2543 1269 2610 1291 Vers-
2624 1275 2656 1296 ¹4-

291 1316 573 1360 passesuts‘ditur
595 1317 685 1358 quod
709 1315 923 1347 essentialiter
945 1315 1090 1345 consistit
1113 1314 1146 1343 in
1170 1314 1318 1343 caritate.
1417 1323 1482 1353 pro
1505 1312 1736 1343 consuetudine
1765 1313 1957 1343 exercitatos
1984 1311 2101 1342 habent
2123 1321 2237 1342 sensus
2263 1311 2306 1341 ad
2328 1311 2491 1342 discretio<

341 1363 379 1394 11.
405 1363 440 1395 ln
464 1362 580 1392 eodem
603 1361 751 1396 articulo,
776 1359 809 1390 in
833 1359 1041 1399 responsione
1065 1358 1105 1388 ad
1129 1356 1286 1397 primum,
1314 1356 1370 1387 ubi
1424 1367 1495 1387 nem
1519 1357 1594 1387 boni
1617 1362 1647 1387 et
1669 1357 1757 1386 mali.
1784 1357 1818 1386 In
1842 1356 1971 1386 diversis
1987 1366 2073 1392 vero,
2091 1366 2128 1386 ex
2144 1356 2254 1385 eadem
2271 1355 2388 1385 radice:
2414 1365 2493 1395 quo-

297 1406 412 1437 dicitur
442 1406 530 1447 quod
558 1405 719 1446 perfectio
749 1404 966 1435 humanorum
997 1411 1151 1433 sensuum
1183 1402 1215 1432 in
1247 1402 1371 1432 unitate

1424 1401 1528 1437 niam,
1561 1410 1754 1431 consensum
1785 1401 1948 1440 operando
1973 1400 2187 1436 diversorum,
2213 1400 2381 1430 unanimes
2409 1400 2494 1429 habi·
2523 1420 2732 1446 ·Ps.1.xvn,vers.

296 1451 442 1482 veritatis
455 1450 610 1487 consistit,
627 1449 752 1479 adverte
772 1448 871 1488 quod,
895 1447 969 1478 licet
992 1446 1094 1487 prima
1111 1445 1215 1476 fronte
1238 1455 1371 1485 respon·
1426 1451 1497 1475 tare
1509 1444 1611 1486 facit,
1629 1451 1688 1474 etc.
1705 1444 1722 1463 *
2523 1453 2543 1473 7.

1062 1601 1385 1644 ARTICULUS
1417 1600 1720 1642 SECUNDUS

779 1698 936 1729 UTRUM
960 1697 1133 1735 ALIQUIS
1158 1697 1201 1727 IN
1225 1696 1316 1727 HAC
1342 1696 1447 1726 VITA
1470 1695 1620 1726 Ροεειτ
1644 1694 1746 1726 ESSE
1769 1694 2024 1725 PERFECTUS

29 1780 36 1788 ⁰
53 1779 95 1799 ⁷³·
486 1780 580 1812 Supra,
599 1786 645 1812 qu.
663 1786 730 1810 xxw,
750 1783 797 1803 art.
816 1777 846 1807 83
866 1786 910 1810 qu.
930 1785 997 1808 xuv,
1017 1783 1064 1802 art.
1083 1784 1109 1808 4,
1128 1777 1161 1801 ad
1182 1783 1205 1806 2,
1227 1775 1255 1806 3;
1276 1775 1306 1800 lll
1326 1775 1410 1804 Sent„
1429 1775 1488 1800 dist.
1507 1781 1586 1805 xxvu,
1606 1782 1650 1806 qu.
1671 1781 1708 1799 111.
1728 1780 1773 1799 art.
1795 1781 1824 1806 4;
1845 1774 1886 1798 De
1909 1773 2014 1802 Vir-tut„
2035 1781 2077 1805 qu.
2097 1781 2125 1804 u,
2145 1779 2192 1799 art.
2217 1781 2255 1803 ιο,
2279 1782 2322 1804 ιι;

640 1815 682 1839 De
701 1814 774 1848 Pers.
797 1813 874 1838 Vitae
893 1813 974 1845 Spin,
995 1820 1050 1845 cap.
1070 1819 1098 1837 ιιι
1117 1820 1191 1845 sqq.;
1211 1811 1255 1836 Ad
1270 1811 1374 1843 Ephes„
1395 1818 1450 1843 cap.
1470 1817 1504 1839 vi.
1523 1810 1580 1835 lect.
1600 1817 1640 1841 ινς
1659 1810 1704 1834 Ad
1722 1810 1847 1841 Philipp„
1868 1817 1923 1841 cap.
1943 1817 1980 1839 ιιι,
2001 1809 2058 1834 lect.
2078 1817 2105 1838 ιι,
2125 1816 2163 1834 ιιι.

334 1915 397 1953 3¹⁶³&
418 1915 487 1950 „ff
514 1907 538 1932 ι)
553 1905 744 1931 SECUNDUM
760 1905 814 1930 S1c
828 1904 1070 1930 PROOEanua.
1091 1891 1252 1930 Videtur
1267 1891 1373 1939 quod
1399 1893 1401 1900 '
1426 1890 1609 1940 perfectio
1649 1889 1886 1926 Christianae
1918 1890 2021 1926 vitae
2054 1889 2092 1925 in
2132 1890 2283 1927 caritate
2321 1890 2499 1927 consistit.

345 1939 485 2010 {AQJ
515 1949 640 1986 nullus
669 1947 707 1984 in
726 1947 798 1984 hac
817 1947 896 1983 vita
925 1945 1046 1995 possit
1066 1958 1148 1983 esse
1168 1945 1371 1994 perfectus.
1428 1945 1614 1993 Importat
1643 1951 1771 1979 autem
1802 1942 1984 1991 perfectio
2013 1942 2210 1991 quandam
2238 1943 2501 1980 universalita-

30 2029 41 2039 ἢ
58 2014 70 2026 “
85 2012 152 2036 vm·
167 2018 201 2035 ιο·
357 2000 366 2008 ”
381 2018 441 2045 ν,
458 1999 501 2042 ’.ἢ
515 2001 617 2040 Dicit
637 2001 739 2038 enim
770 2001 992 2049 Apostolus,
1016 2002 1027 2036 l
1050 2001 1102 2037 ad
1124 2000 1210 2037 Cor.
1241 2011 1302 2036 xm
1331 1998 1371 2035 *ε

1428 2005 1530 2034 tem:
1560 1997 1662 2045 quia,
1691 2004 1732 2033 ut
1761 1995 1895 2033 dicitur
1921 1996 1959 2032 in
1989 1997 2038 2032 III
2063 1996 2213 2044 Physic.
2234 1996 2265 2043 ²¹⁶,
2290 1997 2501 2045 perfectum
2529 2000 2685 2028 ’Cf·⁸¹’⁸·²·

1429 2057 1484 2088 est
1510 2051 1573 2087 cui
1599 2051 1692 2087 nihil
1718 2050 1829 2086 deest.
1868 2050 1998 2087 Potest
2027 2061 2116 2097 ergo
2154 2050 2286 2098 triplex
2320 2050 2501 2099 perfectio

1431 2104 1675 2141 considerari.
1706 2104 1792 2140 Una
1811 2103 1967 2150 quidem
1995 2103 2189 2139 absoluta:
2219 2115 2320 2151 quae
2344 2103 2503 2140 attendi-

1429 2166 1491 2195 tur
1518 2170 1597 2194 non
1618 2158 1744 2194 solum
1774 2156 1988 2193 secundum
2009 2156 2233 2193 totalitatem
2255 2169 2299 2194 ex
2320 2164 2427 2206 parte
2448 2157 2503 2194 di-

1430 2211 1590 2260 ligentis,
1622 2211 1689 2247 sed
1719 2210 1832 2247 etiam
1862 2222 1907 2246 ex
1937 2217 2043 2258 parte
2072 2209 2272 2258 diligibilis,
2293 2218 2407 2259 prout
2435 2210 2503 2246 sci-

1431 2265 1518 2301 licet
1537 2265 1644 2301 Deus
1664 2271 1811 2301 tantum
1833 2263 1996 2311 diligitur
2015 2271 2202 2311 quantum
2223 2263 2409 2311 diligibilis
2436 2272 2502 2300 est.

1433 2319 1482 2355 Et
1509 2318 1592 2354 talis
1620 2317 1803 2366 perfectio
1841 2329 1921 2354 non
1949 2323 2005 2352 est
2032 2316 2222 2364 possibilis
2259 2317 2369 2353 alicui
2404 2328 2505 2353 crea-

1432 2379 1554 2417 turae,
1585 2371 1653 2407 sed
1683 2370 1866 2418 competit
1885 2370 1954 2406 soli
1984 2371 2082 2416 Deo,
2104 2370 2142 2406 in
2167 2382 2245 2417 quo
2275 2370 2421 2406 bonum
2451 2370 2505 2406 in-

1433 2425 1621 2473 tegraliter
1649 2431 1686 2460 et
1712 2423 1959 2460 essentialiter
1986 2423 2189 2460 invenitur.

1443 2513 1447 2517 .
1488 2478 1573 2515 Alia
1602 2485 1729 2515 autern
1770 2485 1825 2514 est
1852 2477 2034 2526 perfectio
2072 2489 2171 2525 quae
2210 2476 2413 2513 attenditur
2449 2488 2506 2512 se-

322 2039 334 2055 ι
366 2043 409 2067 ¹⁶..

311 2067 318 2077 ¹
363 2052 456 2092 1²⁴⁶
472 2048 504 2090 N
521 2056 617 2092 Cum
633 2055 778 2092 venerit
791 2055 894 2102 quod
904 2055 1116 2102 perfectum
1133 2059 1196 2099 est,
1213 2063 1374 2090 evacua-

303 2109 404 2147 bitur
430 2109 533 2157 quod
550 2121 600 2146 ex
613 2113 725 2157 parte
743 2113 807 2145 est.
839 2109 916 2144 Sed
937 2107 974 2144 in
995 2108 1066 2144 hac
1085 2107 1163 2144 vita
1187 2119 1266 2143 non
1287 2117 1375 2143 eva-

304 2170 441 2200 cuatur
456 2163 562 2211 quod
583 2173 628 2199 ex
647 2165 756 2211 parte
777 2169 850 2198 est:
875 2168 1006 2198 manet
1026 2161 1127 2197 enim
1149 2160 1186 2196 in
1206 2161 1279 2196 hac
1298 2159 1376 2196 vita

32 2240 41 2249 Ὶι
62 2225 228 2254 ’Μὰ-,νει
247 2231 277 2255 ¹³-
303 2216 402 2254 fides
427 2223 462 2253 et
482 2228 569 2265 spes
588 2214 619 2261 ³⁸,
650 2227 748 2264 quae
779 2222 867 2251 sunt
894 2227 940 2251 ex
968 2222 1087 2264 parte.
1118 2214 1221 2262 Ergo
1251 2214 1376 2250 nullus

89 2320 92 2321 ⁷
303 2270 342 2308 in
370 2271 444 2308 hac
470 2269 550 2307 vita
579 2277 635 2306 est
662 2269 864 2318 perfectus.

359 2335 396 2360 2.
433 2323 676 2368 PRAETEREA,
707 2323 922 2370 perfectum
955 2326 1010 2357 est
1041 2321 1105 2357 cui
1134 2320 1228 2357 nihil
1261 2321 1376 2364 deest,
1404 2315 1407 2356 Ι

24 2403 30 2410 κ.
63 2381 278 2434 ἐᾙζῖξᾶῇ-ιξζ
303 2385 346 2414 ut
375 2376 509 2413 dicitur
536 2375 580 2412 in*
604 2376 651 2411 111
684 2375 835 2423 Physic.
855 2374 877 2396 *
906 2375 984 2411 Sed
1013 2375 1138 2411 nullus
1167 2381 1224 2410 est
1243 2373 1280 2410 in
1306 2374 1378 2410 hac

62 2435 192 2459 ’Vn-²·
280 2430 383 2478 writa
411 2430 471 2467 cui
491 2441 569 2466 non
599 2428 696 2478 desit
720 2428 882 2477 aliquid:
913 2427 1048 2465 dicitur
1069 2427 1171 2464 enim
1194 2428 1267 2463 lac.
1289 2439 1324 2464 111
1340 2426 1377 2464 *z

63 2488 279 2539 mefffl'
305 2480 352 2523 I'n
381 2483 507 2520 multis
535 2481 763 2532 offendimus
791 2494 939 2523 omnes:
974 2489 1010 2518 et
1038 2481 1077 2518 in
1104 2479 1296 2518 Psalmo*
1324 2480 1378 2518 di-

78 3458 86 3466 '
103 3456 168 3478 Ver-s.
184 3455 223 3482 48.

80 3613 91 3623 ·
104 3612 154 3633 Art.
170 3611 276 3639 praeced.

225 2572 230 2585 ,
264 2540 271 2554 ”
306 2537 416 2575 citur:
437 2537 709 2584 Imperfectum
728 2547 855 2572 meum
874 2535 1052 2572 viderunt
1071 2534 1173 2571 oculi
1189 2535 1254 2571 tui.
1275 2534 1378 2582 Ergo

307 2591 433 2628 nullus
462 2597 520 2626 est
547 2589 586 2625 in
613 2589 688 2626 hac
714 2588 792 2625 vita
820 2589 1021 2636 perfectus.

363 2645 398 2681 3.
419 2643 656 2686 ΡιιΑετΕιὶεΑ,
677 2641 860 2690 perfectio
887 2642 989 2678 vitae
1018 2641 1265 2686 Christianae,
1287 2641 1383 2677 sicut

66 2706 78 2718 ⁸
91 2706 144 2728 An-
157 2704 267 2733 pmoed.
308 2697 453 2734 dictum
473 2695 569 2742 est*‚
591 2695 797 2732 attenditur
816 2694 1028 2732 secundum
1049 2694 1261 2730 caritatem:
1283 2706 1382 2742 quae

308 2751 393 2788 sub·
408 2762 449 2788 se
470 2747 763 2798 comprehendit
782 2747 1026 2785 dilectionem
1055 2747 1127 2784 Dei
1149 2754 1186 2784 et
1204 2747 1381 2796 proximi.

309 2805 394 2842 Sed.
407 2811 594 2853 quantum
623 2802 672 2839 ad
702 2801 945 2839 dilectionem
966 2801 1050 2846 Dei,
1071 2813 1149 2837 non
1173 2808 1299 2849 potest
1318 2801 1383 2838 ali-

309 2858 394 2906 quis
413 2857 622 2906 perfectam
643 2855 837 2892 caritatem
858 2855 896 2891 in
916 2855 988 2891 hac
1001 2854 1080 2891 vita
1099 2854 1259 2891 habere:
1281 2854 1383 2903 quia,

69 2917 283 2973 21;¹l{².??³¹1·1,ffl‘
309 2918 352 2948 ut
378 2909 587 2959 Gregorius
616 2909 716 2955 dicit,
744 2903 858 2957 super
884 2909 1018 2956 Erech.
1038 2907 1069 2953 *,
1100 2907 1243 2944 amoris
1271 2907 1383 2957 ignis,

310 2965 377 3014 qui
401 2965 463 3001 hic
495 2964 633 3001 ardere
666 2963 836 3008 inchoat,
866 2973 952 2998 cum
981 2961 1103 3010 ipsum
1132 2972 1243 3009 quem
1279 2967 1386 2998 amat

311 3018 455 3064 viderit,
475 3017 513 3054 in
534 3028 706 3054 amorem
731 3016 845 3065 ipsius
868 3015 1029 3063 amplius
1049 3014 1216 3063 ignescit.
1246 3014 1384 3064 Neque

313 3071 426 3108 etiam
447 3079 635 3120 quantum
656 3070 703 3106 ad
725 3069 967 3106 dilectionem
989 3066 1173 3116 proximi:
1199 3066 1287 3115 quia
1306 3080 1385 3104 non

312 3136 519 3173 possumus
547 3124 586 3161 in
613 3124 686 3160 hac
704 3123 783 3159 vita
813 3133 949 3159 omnes
969 3120 1163 3169 proximos
1192 3120 1387 3157 actualiter

314 3177 484 3224 diligere,
514 3177 584 3214 etsi
610 3176 850 3213 habitualiter
878 3188 945 3212 eos
979 3174 1197 3221 diligamus3
1236 3173 1386 3210 dilectio

314 3237 443 3267 autem
482 3230 683 3267 habitualis
720 3229 942 3278 imperfecta
981 3235 1047 3264 est.
1094 3227 1196 3274 Ergo
1233 3227 1387 3264 videtur

315 3283 422 3332 quod
450 3283 576 3320 nullus
603 3283 642 3319 in
671 3283 743 3319 hac
770 3283 847 3319 vita
875 3281 994 3330 possit
1022 3292 1104 3317 esse
1130 3280 1331 3328 perfectus.

370 3337 445 3373 SED
461 3347 609 3372 CONTRA
623 3347 690 3372 iss-r
705 3336 792 3384 quia
821 3337 878 3372 lex
909 3334 1039 3372 divina
1068 3345 1147 3370 non
1176 3333 1320 3369 inducit
1338 3333 1387 3369 ad

316 3389 564 3438 impossibile.
595 3389 743 3426 lnducit
770 3397 898 3426 autern
928 3389 975 3425 ad
1004 3386 1300 3436 perfectionem:
1330 3399 1387 3423 se-

318 3442 489 3480 cundum
518 3441 610 3478 illud
630 3442 765 3478 Matth.
786 3454 810 3479 v
827 3442 868 3478 *ε
897 3443 1024 3478 Estote
1046 3441 1216 3489 perfecti,
1236 3440 1331 3475 sicut
1353 3445 1389 3476 et

318 3498 432 3533 Pater
458 3501 579 3532 vester
606 3494 772 3531 caelestis
795 3497 985 3543 perfectus
1013 3500 1076 3531 est.
1106 3495 1209 3541 Ergo
1236 3493 1387 3529 videtur

319 3550 425 3598 quod
454 3548 587 3597 aliquis
616 3547 654 3583 in
682 3547 754 3583 hac
772 3547 851 3584 vita
873 3548 993 3596 possit
1021 3559 1103 3584 esse
1132 3547 1332 3595 perfectus.

375 3604 600 3640 Resposnso
630 3611 814 3637 montinum
843 3601 958 3648 quod,
988 3601 1082 3637 sicut
1111 3600 1253 3637 dictum
1282 3607 1337 3636 est
1354 3598 1386 3646 *,

1436 2531 1607 2569 cundum
1627 2531 1851 2568 totalitatem
1873 2531 2087 2567 absolutam
2111 2542 2154 2566 ex
2175 2538 2282 2578 parte
2303 2529 2506 2577 diligentis:

1435 2593 1550 2635 prout
1570 2585 1710 2622 scilicet
1729 2584 1889 2621 affectus
1909 2584 2121 2620 secundum
2143 2590 2273 2619 totum·
2286 2595 2398 2619 suum
2419 2595 2506 2630 pos-

1437 2652 1478 2676 se
1497 2651 1652 2687 semper
1672 2638 1868 2674 actualiter
1887 2636 2005 2673 tendit
2024 2637 2062 2673 in
2082 2637 2222 2672 Deum.
2253 2637 2302 2672 Et
2319 2635 2401 2672 talis
2422 2648 2505 2683 per—

1436 2693 1548 2730 fectio
1578 2704 1657 2729 non
1678 2699 1733 2727 est
1761 2690 1949 2739 possibilis
1970 2690 2007 2726 in
2035 2690 2109 2736 via,
2132 2689 2197 2726 sed
2219 2689 2287 2725 erit
2306 2689 2343 2725 in
2372 2689 2504 2737 patria.

1491 2745 1622 2782 Tertia
1651 2752 1779 2781 autem
1797 2743 1990 2792 -perfectio
2021 2750 2075 2779 est
2104 2755 2202 2790 quae
2232 2754 2357 2790 neque
2387 2749 2505 2778 atten-

1438 2799 1538 2837 ditur
1573 2798 1785 2836 secundum
1822 2797 2044 2834 totalitatem
2084 2808 2127 2832 ex
2166 2803 2272 2844 parte
2308 2794 2504 2842 diligibilis,

1410 2886 1412 2900 ,
1438 2865 1563 2900 neque
1603 2851 1815 2888 secundum
1852 2850 2076 2887 totalitatem
2105 2861 2151 2885 ex
2178 2856 2283 2897 parte
2320 2848 2506 2895 diligentis

1438 2913 1625 2954 quantum
1662 2905 1711 2942 ad
1739 2905 1813 2941 hoc
1850 2905 1953 2952 quod
1987 2915 2140 2950 semper
2169 2910 2254 2938 actu
2290 2902 2431 2937 feratur
2467 2901 2505 2937 in

1438 2961 1587 2997 Deum:
1626 2958 1694 2995 sed
1723 2965 1908 3005 quantum
1945 2957 1994 2993 ad
2022 2957 2096 2992 hoc
2125 2955 2230 3004 quod
2260 2954 2506 2991 excludantur

1440 3025 1485 3049 ea
1514 3024 1612 3061 quae
1642 3018 1854 3060 repugnant
1889 3009 2011 3047 motui
2045 3007 2253 3046 dilectionis
2288 3007 2324 3044 in
2355 3008 2503 3053 Deum;

1439 3061 1534 3103 sicut
1571 3064 1805 3112 Augustinus
1841 3063 1944 3108 dicit,
1984 3063 2021 3099 in
2056 3062 2151 3098 libro
2192 3060 2503 3110 Octogintatrium

1444 3120 1593 3161 Quaest.
1614 3118 1644 3164 ²¹⁶,
1675 3119 1779 3166 quod
1817 3129 2002 3153 venenum
2037 3115 2203 3152 caritatis
2231 3120 2285 3150 est
2310 3114 2504 3161 cupiditas,

1434 3172 1616 3220 perfectio
1646 3171 1750 3207 nulla
1770 3170 1963 3218 cupiditas.
1993 3169 2042 3205 Et
2069 3169 2151 3205 talis
2171 3166 2352 3216 perfectio
2381 3174 2507 3215 potest

1438 3226 1476 3262 in
1497 3226 1568 3261 hac
1587 3224 1667 3260 vita
1685 3223 1831 3260 haberi.
1862 3224 1910 3259 Et
1930 3223 2005 3258 hoc
2026 3220 2236 3269 dupliciter.
2262 3220 2348 3257 Uno
2370 3220 2503 3265 modo,

1439 3279 1664 3326 inquantum
1695 3277 1743 3313 ab
1772 3276 1910 3312 affectu
1948 3274 2114 3311 hominis
2150 3273 2360 3310 excluditur
2389 3285 2505 3309 omne

1439 3331 1528 3368 illud
1558 3330 1663 3378 quod
1693 3329 1835 3366 caritati
1865 3328 2127 3373 contrariatur,
2158 3327 2252 3363 sicut
2280 3334 2336 3363 est
2371 3339 2504 3375 pecca-

1439 3392 1520 3420 tum
1551 3383 1722 3420 mortale.
1753 3383 1802 3418 Et
1830 3382 1908 3418 sine
1928 3381 1991 3417 tali
2014 3381 2247 3429 perfectione
2267 3379 2402 3416 caritas
2423 3392 2505 3416 esse

1441 3449 1518 3474 non
1557 3443 1693 3485 potest.
1729 3435 1840 3472 Unde
1879 3442 1934 3470 est
1971 3434 2018 3471 de
2055 3433 2276 3471 necessitate
2312 3433 2451 3469 salutis.
2482 3454 2504 3460 -

1441 3490 1525 3527 Alio
1555 3491 1692 3535 modo,
1723 3488 1949 3536 inquantum
1983 3488 2031 3523 ab
2069 3486 2207 3523 affectu
2245 3485 2410 3523 hominis
2445 3498 2504 3521 ex-

1442 3543 1603 3580 cluditur
1632 3555 1709 3579 non
1739 3542 1863 3578 solum
1899 3540 1990 3577 illud
2019 3540 2123 3588 quod
2153 3548 2208 3576 est
2246 3539 2387 3576 caritati
2417 3551 2505 3574 con-

1442 3597 1611 3643 trarium,
1641 3595 1708 3632 sed
1738 3595 1851 3631 etiam
1881 3606 1995 3631 omne
2024 3594 2114 3631 illud
2143 3592 2248 3642 quod
2277 3591 2433 3640 impedit
2457 3603 2504 3626 ne

2534 3119 2540 3126 “
2557 3118 2604 3145 Qu.
2620 3123 2697 3138 xxxv1.
