2768 4198
31 961 41 969 ”
52 959 87 981 ef.
110 965 149 987 qu.
163 964 242 985 Lxxtx,

31 990 73 1007 art.
90 992 105 1007 ι.

32 1051 40 1058 ·
52 1049 131 1070 Horat.
140 1047 216 1075 Epist.
225 1048 242 1074 I,

32 1081 79 1102 xvi,
92 1080 125 1103 52,
139 1081 171 1103 53.

31 1364 39 1371 ·
56 1362 111 1383 Loc.
127 1362 166 1383 cit.

35 2483 44 2492 ’
61 2482 132 2504 Num.
148 2487 174 2502 n.

45 3201 52 3208 ·
70 3199 125 3221 Loc.
141 3199 178 3221 cit.

44 3378 54 3389 ⁸
70 3377 132 3399 Num
155 3384 176 3405 5,

261 1086 445 1127 formidine
462 1095 590 1127 poenae
607 1084 692 1128 etc.)‚
717 1084 874 1126 quoniam
899 1091 1067 1125 praecepta
1085 1084 1229 1124 negativa
1251 1083 1350 1114 divini

272 309 322 344 42

274 376 404 407 ferendo
428 377 552 407 bonum
569 375 668 406 moris
683 375 764 406 vitae
781 383 959 413 corporeae.
987 373 1028 402 Et
1043 372 1069 401 si
1086 370 1160 413 (pro
1176 369 1266 412 quia)
1286 369 1348 400 hoc

274 427 320 451 est
343 420 525 452 faciendum
549 430 607 461 pro
637 421 724 450 bono
753 418 869 454 moris,
894 423 1016 458 quanto
1041 415 1141 455 magis
1166 414 1348 445 faciendum

274 472 320 496 est
343 465 405 496 hoc
429 475 487 506 pro
513 466 599 495 bono
624 464 722 494 moris
746 463 845 493 relato
869 462 901 491 in
926 459 1048 491 Deum!
1082 459 1163 489 Illud
1187 458 1348 499 siquidem

274 511 399 540 bonum
415 516 461 540 est
480 509 619 539 hominis
637 508 814 538 secundum
831 506 994 536 animum:
1020 503 1082 533 hoc
1098 510 1206 533 autern
1222 503 1348 533 bonum

273 561 320 584 est
343 554 483 584 hominis
508 554 684 584 secundum
709 551 863 586 animum,
889 557 928 585 et,
954 549 1035 579 ultra
1055 547 1126 583 hoc,
1152 555 1199 578 est
1223 547 1348 578 bonum
1373 545 1375 598 ζ

273 598 428 635 divinum,
453 608 490 628 ex
513 598 574 628 hoc
599 598 670 636 ipso
694 596 783 637 quod
807 594 842 625 fit
867 600 997 634 propter
1011 593 1129 623 Deum.
1154 592 1195 622 Et
1211 592 1255 622 sic
1272 602 1348 622 con-
1373 601 1375 629 ,ι

273 643 412 673 stituitur
437 652 530 673 causa
553 641 710 682 martyrii,
738 647 772 670 ut
800 639 831 668 in
861 638 963 668 littera
993 636 1116 667 dicitur.
1152 635 1348 677 ln'quantum

272 687 390 718 scilicet
413 688 536 717 bonurn
562 686 669 720 moris,
688 694 753 714 non
778 682 976 723 martyrium,
994 681 1049 711 sed
1066 681 1202 721 simplici
1224 680 1348 713 fortitu-

273 732 353 761 dinis
385 731 467 761 actui
500 739 628 761 causam
652 729 750 759 daret.
785 727 824 757 Et
854 733 1022 767 propterea
1045 725 1078 756 in
1102 725 1203 756 littera
1235 726 1375 766 dicitur}

273 786 369 806 omne
398 786 480 816 opus
504 774 643 808 virtutis,
669 772 845 803 secundum
876 771 961 812 quod
992 770 1139 812 refertur
1166 771 1197 800 in
1221 771 1348 809 Deum,
1374 771 1375 811 ᾖ

273 831 338 850 esse
364 830 457 850 causa
481 818 631 859 martyrii.

328 865 392 894 VII.
419 863 564 894 Tertium
589 872 663 891 vero
689 871 726 891 ex
750 860 798 890 his
823 860 1049 890 deducendum
1066 866 1133 890 est:
1159 859 1248 900 quod
1274 869 1349 890 cum
1374 880 1375 883 ,

271 910 352 938 duae
370 908 431 938 sint
447 915 550 947 partes
566 905 714 942 iustitiae,
730 905 848 935 scilicet
872 904 1030 935 declinare
1046 914 1065 934 a
1081 904 1168 934 malo
1193 911 1224 934 et
1247 904 1349 935 facere

271 954 394 983 bonum
409 952 438 988 *;
465 959 495 982 et
510 951 608 982 vitare
624 951 747 981 malum
772 950 884 990 culpae
905 950 992 980 nulla
1009 956 1100 989 egeat
1115 948 1350 980 circumstantia
1373 957 1376 992 ζ

271 998 309 1027 ad
335 997 395 1027 hoc
419 996 508 1037 quod
532 996 572 1026 sit
596 997 720 1026 bonum
743 995 906 1025 moraliter
929 994 988 1025 nisi
1006 994 1243 1025 circumstantia
1266 993 1349 1030 finis,
1374 993 1376 1004 ¹

270 1042 388 1072 scilicet
403 1041 526 1072 virtutis
542 1051 651 1071 amore
671 1039 773 1083 (iuxta
789 1040 869 1070 illud
885 1039 920 1069 *:
949 1039 1098 1070 Oderunt
1119 1049 1256 1079 peccare
1271 1039 1351 1069 mali

270 1131 319 1161 vel
344 1131 494 1162 naturalis
518 1130 595 1161 iuris
620 1130 763 1170 obligant
786 1139 913 1170 semper
936 1136 967 1160 et
990 1129 1029 1159 ad
1050 1138 1191 1169 semper;
1216 1129 1289 1159 ideo
1305 1128 1351 1158 vi-

270 1176 359 1207 tiatio
384 1175 460 1206 mali
484 1176 597 1216 culpae
621 1185 658 1206 ex
673 1174 909 1206 circumstantia
925 1173 1123 1205 imminentis
1139 1173 1252 1204 mortis
1269 1183 1351 1204 nun-

270 1231 368 1262 quam
386 1220 500 1251 desinit
515 1230 583 1251 esse
599 1221 695 1251 bona.
721 1222 767 1250 Ac
784 1230 840 1260 per
855 1219 928 1255 hoc,
945 1219 1049 1250 facere
1066 1226 1177 1250 contra
1192 1219 1242 1264 yel
1262 1228 1351 1259 prae-

271 1273 316 1296 ter
340 1273 507 1306 praecepta
531 1265 675 1305 negativa
708 1264 806 1295 divini
828 1264 879 1294 vel
902 1263 1054 1294 naturalis
1078 1264 1154 1294 iuris
1182 1273 1351 1304 nunquam

270 1309 306 1341 fit
336 1311 460 1341 bonum
483 1317 539 1340 aut
572 1320 637 1340 non
669 1310 793 1340 malurn
825 1309 990 1340 moraliter
1020 1319 1057 1339 ex
1081 1308 1197 1339 timore
1221 1308 1350 1339 mortis:

271 1355 428 1396 quamvis,
454 1362 489 1385 ut
512 1355 544 1385 in
570 1355 731 1386 111Ethic.
748 1354 766 1373 *
789 1354 976 1385 Aristoteles
998 1354 1084 1390 dicit,
1100 1354 1297 1394 quandoque
1313 1353 1353 1384 sit

271 1401 365 1431 venia
382 1400 526 1440 dignum.
552 1399 592 1430 Et
607 1410 644 1430 ex
665 1399 726 1430 hoc
750 1399 846 1430 habes
863 1399 953 1440 quod
977 1408 1147 1440 nunquam
1164 1398 1267 1429 dicere
1284 1408 1351 1429 ver-

270 1445 350 1475 bum
374 1445 517 1475 otiosum
541 1452 596 1475 aut
619 1444 823 1475 mendacium
839 1454 876 1474 ex
892 1453 1099 1485 quacumque
1116 1443 1353 1475 circumstantia

270 1488 305 1520 fit
323 1489 462 1520 licitum:
482 1489 558 1530 quia
575 1489 719 1530 negativa
735 1497 810 1520 sunt
829 1495 996 1529 praecepta
1013 1490 1052 1519 de
1070 1499 1136 1519 non
1153 1488 1351 1524 mentiendo,
1376 1500 1378 1513 ι

272 1535 310 1564 de
334 1544 401 1564 non
425 1534 561 1564 dicendo
584 1534 719 1564 verbum
747 1534 902 1564 otiosum.

328 1579 442 1610 Facere
474 1586 582 1610 autem
611 1579 735 1609 bonum
766 1579 856 1620 quod
885 1588 941 1618 per
971 1585 1138 1618 praecepta
1165 1576 1353 1607 affirmativa

272 1624 473 1664 praecipitur,
490 1623 601 1654 multis
617 1630 687 1664 eget
708 1622 962 1658 circumstantiis,
987 1633 1080 1664 quae,
1097 1621 1255 1663 quoniam
1271 1621 1353 1652 circa

272 1669 443 1709 singularia
460 1675 546 1706 sunt,
563 1668 782 1709 multipliciter
804 1667 974 1698 variantur.
1000 1668 1041 1698 Et
1064 1667 1174 1708 quoad
1195 1666 1283 1702 haec,
1300 1676 1352 1697 ve-

272 1723 345 1744 rum
375 1721 406 1744 et
436 1712 653 1744 indubitatum
685 1720 731 1744 est
764 1712 854 1754 quod
887 1712 1123 1743 circumstantia
1155 1710 1352 1741 imminentis

272 1758 384 1789 mortis
408 1765 514 1798 potest
537 1757 638 1788 facere
655 1757 694 1788 de
711 1768 806 1798 opere
827 1757 915 1798 quod
931 1756 1007 1787 alias
1024 1763 1106 1787 esset
1123 1756 1258 1792 bonum,
1275 1763 1355 1786 tune

273 1813 338 1833 non
363 1804 497 1838 bonum,
522 1802 624 1832 immo
649 1802 782 1832 malurn.
808 1801 903 1832 Verbi
923 1802 1032 1840 gratia,
1053 1800 1078 1831 si
1103 1810 1240 1841 persona
1260 1800 1352 1830 valde
1377 1801 1379 1843 l

273 1847 357 1878 utilis
381 1847 539 1878 Ecclesiae
563 1856 659 1877 exosa
675 1853 756 1877 esset
775 1853 923 1887 tyranno,
944 1846 1025 1876 adeo
1042 1852 1078 1876 ut
1097 1845 1243 1876 credatur
1262 1845 1353 1885 quod
1378 1846 1379 1851 ’

271 1893 297 1922 si
322 1902 430 1922 coram
446 1892 503 1922 illo
520 1898 727 1931 compareret,
746 1891 943 1921 occideretur
959 1891 998 1920 ab
1015 1889 1085 1925 illo;
1110 1897 1141 1920 et
1164 1889 1353 1920 adveniente

272 1937 322 1967 die
352 1936 489 1966 solemni
520 1945 587 1976 quo
619 1935 789 1966 missarum
819 1934 985 1965 solemniis
1017 1941 1172 1975 tyrannus
1202 1934 1353 1965 interesse

271 1982 374 2017 debet,
399 1990 535 2022 persona
559 1979 614 2010 illa
637 1980 764 2011 deberet
788 1989 824 2010 ex
844 1978 952 2010 officio
970 1985 1096 2010 cantare
1112 1978 1284 2010 missarum
1301 1988 1352 2009 so-

271 2026 403 2057 lemnia:
425 2025 644 2066 imprudenter
661 2024 776 2055 faceret
792 2033 929 2065 persona
945 2024 999 2054 illa
1015 2023 1041 2054 si
1058 2023 1228 2054 celebraret
1244 2033 1353 2054 coram
1379 2029 1381 2061 '5

271 2079 417 2112 tyranno,
443 2077 574 2111 propter
597 2069 769 2100 imminens
793 2069 973 2110 periculum
990 2068 1122 2105 mortis;
1147 2068 1223 2110 quia
1247 2075 1355 2109 potest

271 2126 327 2157 per
350 2115 451 2146 aliurn
474 2115 542 2145 sine
567 2115 634 2145 ullo
658 2114 808 2144 scandalo
837 2114 932 2144 missa
956 2113 1116 2150 celebrari,
1141 2121 1172 2144 et
1195 2113 1355 2144 Ecclesiae

272 2169 398 2192 sanctae
420 2170 477 2191 sua
500 2169 636 2200 persona
653 2158 848 2194 conservari;
873 2165 904 2189 et
920 2158 964 2189 sic
981 2158 1028 2189 uti
1045 2157 1154 2189 officio
1171 2168 1243 2197 suo,
1264 2158 1354 2199 quod

273 2206 349 2236 alias
373 2212 454 2236 esset
477 2211 634 2240 sanctum,
660 2211 735 2234 tunc
759 2213 797 2234 ex
820 2202 1008 2234 huiusmodi
1027 2203 1263 2234 circumstantia
1286 2202 1354 2233 effi·
1381 2211 1382 2215 ¹

274 2258 396 2282 ceretur
423 2250 625 2290 imprudens,
651 2258 686 2279 ac
718 2258 774 2289 per
803 2248 866 2278 hoc
897 2248 1020 2278 malurn
1049 2248 1222 2279 moraliter.
1254 2248 1294 2278 Et
1322 2248 1355 2278 in
1381 2266 1383 2283 .

274 2302 429 2337 promptu
459 2293 647 2325 huiusmodi
679 2300 709 2323 et
739 2292 895 2323 similium
924 2292 1004 2324 ratio
1033 2300 1096 2324 est:
1130 2292 1204 2333 quia
1237 2292 1357 2323 scilicet

274 2347 442 2382 praecepta
457 2338 644 2370 affirmativa
661 2348 727 2368 non
743 2337 887 2377 obligant
902 2338 941 2368 ad
959 2347 1094 2378 semper,
1111 2338 1166 2368 sed
1191 2347 1251 2378 pro
1270 2337 1355 2373 loco,

275 2394 431 2426 tempore,
456 2382 765 2424 circumstantiisque
789 2382 867 2413 aliis.

332 2430 414 2461 VIII.
431 2429 490 2460 His
502 2429 597 2468 igitur
610 2427 798 2468 praelibatis,
813 2427 851 2457 ad
868 2427 966 2457 dubia
979 2433 1010 2457 et
1024 2433 1213 2466 argumenta
1226 2436 1357 2467 respon-
1382 2428 1384 2452 i

276 2476 420 2506 dendum
435 2481 490 2505 est.
517 2473 557 2504 Et
580 2473 620 2503 ad
644 2472 786 2513 primum
802 2470 820 2490 ⁸
844 2471 959 2502 dicitur
982 2471 1082 2512 quod,
1107 2470 1173 2502 sive
1196 2471 1236 2502 sit
1260 2481 1357 2512 parva

276 2520 341 2551 sive
365 2529 481 2559 magna
505 2517 673 2549 necessitas
697 2524 752 2548 aut
775 2516 912 2553 utilitas,
938 2515 1016 2546 nihil
1040 2515 1134 2547 refert
1161 2517 1271 2558 quoad
1294 2516 1357 2548 hoc

277 2565 367 2606 quod
390 2571 437 2595 est
459 2563 543 2594 licite
567 2562 672 2593 subire
697 2561 886 2602 martyrium
910 2567 1040 2602 propter
1063 2571 1148 2602 opus
1171 2561 1307 2598 virtutis,
1332 2561 1358 2592 si

276 2618 383 2641 tamen
400 2616 447 2639 est
465 2615 541 2639 tunc
557 2607 681 2638 virtutis
704 2616 788 2647 opus
811 2605 1014 2647 integraliter,
1031 2613 1067 2637 ut
1086 2613 1172 2647 patet
1195 2616 1231 2637 ex
1256 2606 1357 2638 dictis.
1384 2609 1385 2638 ἰ

278 2655 334 2685 Est
357 2661 465 2685 tamen
489 2663 526 2683 ex
548 2652 611 2683 hoc
643 2651 817 2682 differentia
849 2651 958 2692 quoad
983 2651 1081 2682 teneri
1110 2661 1147 2682 ex
1175 2658 1358 2692 praecepto,

277 2700 327 2730 vel
352 2709 388 2730 ex
412 2697 564 2730 consilio:
590 2704 621 2728 et
643 2706 752 2728 rursus
776 2696 816 2726 ad
840 2695 939 2727 teneri
963 2706 999 2727 ex
1017 2695 1212 2736 obligatione
1236 2704 1357 2734 contra,

278 2745 327 2775 vel
355 2750 477 2784 praeter
500 2748 725 2783 praeceptum,
750 2741 791 2771 ad
815 2740 1015 2782 martyrium.
1048 2741 1188 2778 Quando
1218 2751 1358 2783 namque
1384 2750 1386 2790 ζ

279 2799 362 2830 opus
386 2788 533 2819 imminet
560 2786 651 2818 cuius
675 2786 864 2827 oppositum
893 2793 974 2816 esset
1004 2786 1139 2816 mortale
1171 2793 1356 2827 peccatum,

278 2841 403 2865 tenetur
426 2834 485 2863 sub
510 2838 681 2873 praecepto
705 2832 743 2861 ad
769 2830 968 2872 martyrium.
993 2831 1134 2868 Quando
1154 2841 1229 2862 vero
1254 2841 1357 2872 oppo-

279 2879 376 2910 situm
407 2885 488 2908 esset
511 2884 679 2918 peccatum
702 2875 839 2911 veniale,
864 2882 990 2907 tenetur
1020 2875 1151 2917 quidem
1177 2877 1216 2907 ad
1241 2883 1359 2918 marty—

280 2924 363 2954 rium
388 2922 431 2953 sic
459 2922 548 2963 quod
579 2928 718 2962 praeter,
744 2930 809 2951 non
840 2927 950 2951 contra
980 2927 1187 2962 praeceptum
1217 2920 1307 2957 facit,
1333 2921 1357 2951 si
1385 2923 1386 2926 ’

280 2975 389 3009 peccat
405 2967 567 2998 venialiter
584 2973 619 2997 ut
639 2976 705 2996 non
722 2965 887 2996 moriatur.
911 2965 1052 3003 Quando
1069 2973 1177 2996 autem
1197 2966 1259 2996 tale
1275 2976 1359 3007 opus
1385 2961 1386 2999 Ῐ

281 3021 327 3044 est
350 3012 440 3053 quod
465 3019 511 3042 est
534 3011 654 3052 integre
678 3011 801 3041 bonum
826 3010 851 3040 si
875 3018 951 3041 tunc
979 3009 1049 3046 fiat,
1075 3018 1107 3041 et
1136 3010 1358 3047 nihilominus,
1385 3024 1387 3051 ξ

281 3058 305 3088 si
330 3056 647 3098 praetermitteretur,
674 3055 799 3086 nullum
825 3062 991 3095 peccatum
1016 3062 1113 3092 esset,
1138 3062 1215 3086 tunc
1239 3063 1358 3097 marty-
1385 3094 1387 3100 ‚

281 3103 365 3133 rium
390 3109 436 3133 est
460 3102 498 3132 de
523 3100 668 3131 consilio.
685 3118 706 3123 -
723 3101 774 3130 Ad
797 3099 1017 3131 auctoritatem
1042 3100 1221 3131 Aristotelis
1245 3100 1360 3132 dicitur
1385 3111 1387 3127 1

282 3147 371 3188 quod
395 3145 581 3177 Aristoteles
604 3145 690 3181 dicit,
709 3155 774 3186 pro
796 3145 886 3175 nullo
905 3150 963 3175 aut
982 3145 1105 3175 modico
1121 3145 1220 3176 bono.-
1243 3153 1274 3176 et
1293 3155 1358 3176 non

283 3192 366 3227 dicit,
386 3201 450 3232 pro
469 3191 551 3222 bono
567 3190 696 3227 morali,
712 3199 769 3220 seu
787 3190 924 3220 virtutis.
951 3190 990 3220 Et
1011 3189 1126 3220 iterum
1149 3189 1225 3221 dicit
1237 3190 1254 3209 ⁸¹
1270 3191 1359 3231 quod

284 3235 439 3276 praeferre
463 3235 621 3267 modicum
646 3235 763 3266 bonum
786 3235 864 3264 utile
879 3243 1022 3276 magnae
1035 3235 1246 3275 ignominiae,
1272 3235 1359 3275 pravi
1386 3227 1388 3283 l

284 3280 382 3310 animi
406 3288 467 3311 est:
494 3287 529 3311 ut
553 3279 671 3310 faciunt
687 3279 743 3320 qui
767 3278 932 3320 patiuntur
955 3278 1154 3319 turpissimas
1171 3279 1228 3310 sibi
1253 3279 1360 3310 inferri

285 3324 424 3360 iniurias,
449 3332 526 3365 puta
549 3324 704 3362 adulterii,
730 3334 788 3364 pro
805 3323 950 3364 pecunia,
968 3330 999 3354 et
1014 3323 1143 3355 similes.
1168 3324 1236 3355 Nos
1252 3331 1361 3355 autem

286 3368 451 3409 loquimur
474 3369 512 3399 de
537 3369 624 3399 bono
647 3368 771 3399 virtutis
795 3368 935 3405 moralis,
961 3369 1000 3399 de
1023 3378 1090 3410 quo
1115 3368 1190 3400 dicit
1213 3369 1362 3400 ibidem*
1385 3373 1389 3428 1

287 3413 480 3448 Aristoteles,
506 3413 742 3453 distinguendo,
767 3413 855 3454 quod
880 3413 1038 3454 quaedam
1063 3413 1163 3444 facere
1187 3423 1270 3455 quae
1294 3423 1360 3444 non
1386 3429 1389 3462 ἰ

289 3465 416 3498 oportet
443 3464 573 3497 propter
602 3457 752 3487 timorem
782 3457 909 3493 mortis,
933 3458 1130 3499 quandoque
1159 3458 1293 3498 dignum
1316 3457 1361 3487 vi·

289 3504 380 3533 detur
404 3503 518 3539 venia,·
546 3502 703 3542 quaedam
735 3508 841 3532 autem
870 3502 943 3532 talia
967 3509 1041 3533 sunt
1065 3502 1154 3543 quod
1176 3503 1287 3543 potius
1315 3507 1363 3533 est

289 3547 501 3578 moriendum.
535 3546 579 3576 Ex
608 3546 725 3586 quibus
754 3553 839 3586 patet
866 3546 955 3586 quod
985 3546 1170 3578 Aristoteles
1194 3556 1362 3587 nunquam

289 3598 416 3623 excusat
446 3590 546 3621 facere
578 3600 659 3631 quae
688 3599 753 3620 non
777 3597 923 3631 oportet,
948 3591 1002 3621 sed
1033 3590 1128 3630 digna
1151 3590 1243 3621 venia
1271 3590 1363 3631 ponit

749 3710 815 3712 w
902 3693 1651 3734 —-—*-——2-effle-—-—ff

943 293 1212 340 QUAESTIO
1244 290 1420 337 CXXIV,
1450 291 1750 329 ARTICULUS
1779 291 1814 328 V

1401 370 1616 411 quandoque:
1649 377 1771 401 certum
1796 378 1842 402 est
1870 371 1956 401 enim
1987 371 2076 411 quod
2098 370 2191 401 venia
2215 381 2280 402 non
2305 377 2398 411 egent
2422 370 2481 400 nisi

1402 414 1526 454 culpae.
1550 414 1592 445 Et
1614 415 1677 445 hoc
1701 415 1797 446 etiarn
1821 425 1881 446 nos
1901 415 2048 455 dicimus,
2072 416 2163 457 quod
2185 416 2382 457 quandoque
2405 425 2480 456 pro-

1374 495 1375 502 }
1402 465 1471 499 pter
1498 458 1649 490 timorem
1673 460 1786 491 mortis
1815 470 1944 500 peccare
1973 471 2040 491 non
2065 460 2125 491 nisi
2149 460 2270 491 veniale
2295 467 2357 491 est:
2392 466 2427 490 ut
2456 459 2481 489 si

1373 503 1375 540 ιζ
1402 503 1474 544 quis
1491 503 1694 535 mendacium
1715 504 1898 536 officiosum
1913 505 2030 536 diceret
2045 515 2086 536 ne
2102 512 2297 542 moreretur„
2311 504 2399 536 Cum
2414 513 2481 545 quo

1402 556 1509 579 tamen
1533 555 1595 580 stat
1622 549 1712 590 quod
1741 549 1825 580 licite
1854 557 1963 590 posset
1991 550 2104 590 eligere
2128 550 2234 581 subire
2257 557 2394 580 mortem
2422 558 2481 589 pro

1402 593 1551 624 evitando
1575 593 1656 624 illud
1680 593 1816 625 veniale:
1842 602 1873 626 et
1896 602 1985 626 tanto
2008 595 2092 636 plus,
2116 602 2239 636 quanto
2262 593 2372 625 vitatio
2396 593 2482 623 illius

1402 637 1543 677 venialis,
1567 638 1663 669 relata
1679 638 1712 669 in
1727 639 1845 676 Deum,
1870 639 1949 681 quid
1973 639 2119 670 divinum
2142 639 2194 676 fit;
2218 639 2308 680 quod
2332 637 2483 670 Aristote-

1373 692 1375 726 «³
1401 682 1465 713 lem
1491 682 1593 714 latuit.

1458 727 1510 757 Ad
1541 727 1719 758 secundum
1751 727 1866 759 dicitur
1895 729 1986 769 quod
2014 738 2074 769 pro
2098 728 2249 769 operibus
2273 727 2481 768 eutrapeliae,

1402 771 1601 808 affabilitatis,
1619 771 1813 803 liberalitatis
1829 779 1861 803 et
1885 773 2118 804 misericordiae
2141 772 2347 814 parvissimis,
2364 772 2389 802 si
2406 779 2483 802 tunc

1374 826 1376 850 ζ,
1402 823 1478 847 sunt
1501 826 1599 856 opera
1622 816 1747 847 virtutis
1770 817 1971 857 integraliter,
1989 818 2092 848 relatis
2108 818 2140 848 in
2157 818 2274 853 Deum,
2291 817 2339 848 vir
2358 816 2483 857 sapiens

1402 860 1485 891 licite
1509 861 1595 891 subit
1618 860 1818 901 martyrium.

1456 905 1507 935 Ad
1527 905 1658 936 tertium
1673 905 1846 936 dicendum
1870 906 1961 946 quod
1979 905 2152 947 Gregorius
2167 906 2311 948 loquitur
2333 907 2373 937 de
2397 916 2484 947 prae-

1403 949 1502 990 ceptis
1527 949 1679 990 operibus
1703 950 1753 980 vel
1777 949 1946 990 prohibitis
1970 949 2174 987 affirmativis,
2198 952 2249 982 vel
2272 962 2289 982 a
2314 951 2382 982 iure
2398 951 2483 990 posi-

1402 994 1479 1031 tivo,
1505 1005 1587 1036 quae
1605 994 1735 1035 exigunt
1751 994 1872 1025 debitas
1887 995 2140 1026 circumstantias
2163 996 2203 1026 ad
2228 997 2290 1027 hoc
2313 996 2403 1037 quod
2422 996 2485 1027 sint

1402 1039 1527 1070 virtutis
1550 1049 1648 1080 opera
1669 1039 1806 1079 integra:
1833 1046 1868 1070 ut
1884 1046 1959 1070 sunt
1978 1039 2145 1076 ieiunium,
2170 1040 2217 1071 uti
2241 1040 2485 1081 praedicationis

1403 1084 1522 1121 officio,
1546 1092 1577 1115 et
1600 1084 1798 1115 huiusmodi.
1824 1084 1912 1115 Haec
1928 1084 2025 1121 enim,
2042 1084 2102 1115 nisi
2122 1085 2333 1125 prudentibus
2349 1080 2485 1116 circum-¹

1403 1129 1525 1160 stantiis
1549 1129 1733 1166 vestiantur,
1757 1139 1824 1159 non
1849 1136 1925 1160 sunt
1946 1129 2101 1160 virtutum
2125 1138 2239 1170 opera:
2264 1130 2420 1171 scriptum
2439 1137 2486 1162 est

1404 1173 1507 1211 enirn,
1533 1174 1726 1205 rationabile
1754 1174 1938 1214 obsequium
1968 1179 2129 1212 vestrum,
2155 1174 2199 1205 ad
2220 1174 2313 1206 Rom.
2330 1185 2372 1205 xri
2386 1174 2414 1206 ¹¹¹.
2444 1175 2486 1206 Et
2512 1184 2523 1195 ·

1404 1225 1572 1260 propterea
1602 1219 1697 1259 gratis
1729 1219 1936 1250 concedimus
1967 1219 2057 1260 quod
2088 1219 2162 1250 talia
2190 1219 2388 1261 quandoque
2411 1226 2487 1250 sunt

1403 1264 1488 1295 licita
1513 1271 1544 1295 et
1572 1264 1769 1305 quandoque
1799 1273 1875 1296 non.
1909 1264 1950 1294 Et
1978 1271 2147 1304 propterea
2171 1274 2238 1295 non
2262 1274 2389 1305 semper
2411 1271 2487 1295 sunt

1404 1319 1499 1340 causa
1524 1308 1684 1350 martyrii:
1709 1308 1784 1349 quia
1808 1318 1874 1339 non
1898 1318 2025 1349 semper
2048 1316 2123 1340 sunt
2145 1309 2301 1340 virtutum
2326 1318 2433 1350 opera.

1462 1354 1514 1384 IX.
1537 1354 1587 1384 Ad
1605 1353 1736 1384 secundi
1754 1353 1842 1384 dubii
1857 1351 2112 1393 argumentum*
2129 1353 2245 1385 dicitur
2259 1355 2349 1396 quod
2367 1354 2487 1385 mirum

1404 1405 1486 1430 esset
1509 1399 1549 1428 de
1571 1398 1630 1429 ista
1655 1397 1823 1438 negatione
1839 1398 2098 1439 consequentiae,
2116 1398 2176 1429 nisi
2192 1399 2256 1429 iarn
2273 1405 2432 1430 constaret
2450 1409 2488 1430 ex

1376 1468 1378 1491 Ξ
1404 1443 1496 1474 dictis
1511 1443 1529 1463 *
1551 1443 1642 1484 quod
1665 1443 1722 1474 iste
1747 1442 1939 1484 aequivocat
1969 1444 2008 1474 de
2032 1453 2130 1484 opere
2153 1443 2288 1475 virtutis.
2321 1443 2488 1482 Quoniam

1404 1491 1528 1520 Auctor
1550 1487 1695 1529 loquitur
1718 1488 1757 1518 de
1780 1487 1905 1518 virtutis
1924 1498 2021 1528 opere
2037 1488 2168 1529 integre,
2183 1489 2274 1530 quod
2290 1489 2432 1530 implicat
2451 1497 2489 1520 ex

1404 1533 1512 1574 aliqua
1536 1532 1774 1563 circumstantia
1798 1532 1942 1563 desinere
1961 1542 2029 1563 esse
2044 1533 2185 1564 bonum:
2211 1533 2268 1564 iste
2284 1544 2360 1565 vero
2375 1532 2490 1574 accipit

1405 1587 1489 1619 opus
1512 1577 1637 1608 virtutis
1657 1587 1694 1607 ex
1710 1587 1771 1608 suo
1791 1583 1917 1608 tantum
1934 1587 2057 1617 genere.
2084 1578 2124 1609 Et
2147 1585 2316 1619 propterea
2340 1578 2420 1610 ratio
2439 1578 2490 1610 lit·

1405 1630 1490 1654 terae
1514 1629 1575 1653 stat
1598 1621 1714 1652 solida.

1458 1667 1558 1705 Quod
1574 1673 1683 1698 autern
1699 1666 1752 1697 ille
1768 1666 1854 1702 dicit,
1867 1676 1935 1697 esse
1953 1667 2076 1698 malum
2092 1667 2225 1709 aliquod
2242 1668 2364 1700 seclusa
2377 1668 2491 1701 mortis

1405 1711 1652 1748 circumstantia,
1677 1711 1778 1752 quod,
1803 1711 1857 1742 illa
1880 1711 2038 1752 apposita,
2064 1722 2130 1742 non
2155 1720 2202 1744 est
2225 1713 2361 1751 malum,
2386 1713 2490 1755 dupli·

1405 1757 1483 1788 citer
1505 1763 1613 1797 potest
1635 1755 1778 1796 intelligi.
1811 1755 1939 1792 Panno,
1965 1757 2005 1787 de
2028 1763 2100 1788 actu
2126 1767 2183 1798 per
2205 1768 2239 1788 se
2262 1759 2360 1795 malo,
2385 1766 2422 1790 ut
2444 1765 2492 1789 est

1406 1801 1622 1837 mendacium,
1641 1800 1774 1836 furtum,
1792 1807 1851 1831 etc.
1875 1800 1917 1831 Et
1939 1801 1978 1831 de
1995 1801 2056 1832 hoc
2080 1808 2127 1833 est
2151 1801 2283 1834 falsum:
2307 1803 2384 1845 quia
2400 1804 2491 1846 quod

1406 1853 1453 1876 est
1481 1846 1662 1877 secundum
1685 1854 1718 1875 se
1742 1845 1866 1875 malum
1889 1845 2071 1882 moraliter,
2096 1847 2185 1878 nulla
2217 1855 2324 1889 potest
2355 1849 2492 1880 circum·

1407 1891 1521 1922 stantia
1545 1889 1611 1921 fieri
1637 1899 1702 1920 non
1728 1889 1868 1925 malum
1893 1889 2050 1930 quoniam
2069 1891 2109 1921 ad
2126 1892 2250 1923 malum
2273 1893 2406 1934 quilibet
2424 1894 2492 1926 sin·

1378 1937 1380 1966 ²,
1405 1936 1538 1976 gutur-is
1552 1934 1699 1975 defectus
1715 1932 1842 1970 sufficit,
1859 1940 1894 1964 ut
1917 1933 2094 1976 Dionysius
2118 1935 2203 1973 dicit,
2227 1947 2259 1968 tv
2275 1947 2345 1979 cap.
2362 1939 2403 1970 de
2415 1939 2491 1971 Diu.

1407 1979 1528 2011 Nom*
1543 1997 1564 2003 -
1582 1978 1731 2010 Secundo
1756 1985 1863 2019 potest
1885 1978 2019 2020 intelligi
2043 1979 2083 2010 de
2106 1987 2178 2011 actu
2202 1981 2259 2022 qui
2283 1989 2366 2014 esset
2389 1983 2494 2015 malus

1407 2024 1475 2056 sine
1499 2024 1554 2056 tali
1578 2022 1824 2055 circumstantia.
1855 2023 1954 2060 Puta,
1980 2023 2084 2055 dicere
2107 2024 2238 2067 aliquod
2262 2027 2398 2058 verbum
2425 2028 2494 2060 sine

1407 2069 1603 2100 necessitatis
1627 2076 1683 2099 aut
1706 2067 1850 2099 utilitatis
1875 2078 1980 2105 causa,
2006 2076 2054 2100 est
2077 2069 2220 2101 otiosum
2244 2077 2276 2102 et
2298 2072 2438 2104 malum:
2463 2079 2495 2104 et

1407 2115 1433 2145 si
1457 2124 1494 2145 ex
1518 2114 1627 2155 aliqua
1643 2113 1881 2144 circumstantia
1903 2112 1993 2144 fieret
2017 2115 2231 2146 necessarium
2251 2123 2306 2148 aut
2321 2117 2408 2155 utile,
2427 2127 2494 2149 non

1409 2166 1491 2190 esset
1518 2159 1673 2190 otiosum.
1706 2158 1746 2189 Et
1775 2159 1815 2188 de
1839 2158 1894 2189 tali
1918 2158 2005 2189 malo
2030 2169 2143 2190 verum
2174 2160 2306 2192 dicitur:
2332 2163 2387 2194 sed
2415 2162 2496 2194 nihil

1409 2205 1515 2235 obstat
1530 2203 1693 2235 doctrinae
1710 2203 1870 2234 Auctoris.
1896 2203 2063 2241 Quoniam
2080 2214 2140 2236 nos
2159 2205 2297 2238 dicimus
2320 2207 2411 2249 quod
2434 2217 2494 2249 pro

1409 2249 1559 2280 evitando
1575 2248 1674 2279 verbo
1691 2247 1810 2286 otioso,
1826 2247 1912 2278 salva
1927 2248 1986 2280 hac
2001 2249 2124 2280 ratione
2148 2251 2238 2292 quod
2262 2258 2340 2284 tunc
2356 2252 2396 2284 sit
2411 2251 2494 2284 otio-

1409 2303 1499 2331 sum,
1524 2293 1608 2325 licite
1639 2292 1759 2334 patitur
1781 2292 1854 2334 quis
1878 2293 2088 2334 martyrium,
2114 2294 2280 2327 referendo
2306 2297 2495 2329 vitationem

1409 2339 1495 2369 illius
1519 2337 1638 2379 peccati
1663 2338 1703 2368 ad
1727 2337 1844 2373 Deum,
1866 2343 1902 2368 ut
1926 2337 2124 2378 praedictum
2146 2346 2193 2370 est
2208 2339 2243 2370 *ε
2267 2349 2494 2381 argumentum
2522 2351 2533 2362 ·

1410 2390 1519 2414 autem
1536 2382 1700 2414 concludit
1715 2382 1805 2423 quod
1825 2391 1885 2423 pro
1900 2382 2032 2413 vitando
2047 2383 2146 2414 verbo
2169 2385 2259 2426 quod
2283 2385 2360 2417 alias
2385 2386 2496 2418 fuisset

1411 2429 1572 2464 otiosum,
1597 2435 1674 2458 tunc
1704 2434 1811 2458 tamen
1843 2437 1909 2458 non
1935 2434 1981 2458 est
2005 2427 2168 2465 otiosum,
2191 2439 2258 2460 non
2283 2437 2330 2461 est
2353 2431 2494 2463 morien-

1383 2501 1384 2504 ,
1411 2474 1500 2504 dum.
1526 2473 1626 2511 Quod
1650 2471 1745 2512 gratis
1764 2472 1990 2503 concedimus:
2014 2473 2091 2514 quia
2109 2480 2187 2505 tunc
2203 2484 2270 2506 non
2286 2474 2435 2508 imminet
2449 2476 2495 2508 vi-

1411 2518 1490 2550 tatio
1513 2517 1601 2549 verbi
1625 2517 1731 2548 otiosi.

1384 2590 1385 2606 ¹
1467 2563 1507 2594 X.
1533 2563 1584 2594 Ad
1607 2561 1689 2593 tertii
1713 2560 1836 2592 dubii*
1860 2561 2021 2592 novellam
2046 2559 2236 2603 sapientiam
2266 2563 2382 2596 dicitur
2404 2565 2495 2607 quod

1412 2614 1536 2639 constat
1553 2606 1757 2638 mendacium
1782 2613 1880 2636 omne
1903 2615 1971 2637 esse
1995 2614 2173 2646 peccatum,
2190 2617 2228 2639 ex
2244 2609 2438 2650 Augustino,
2462 2609 2495 2641 in

1384 2676 1386 2694 ι
1412 2653 1494 2684 libro
1510 2658 1625 2684 contra
1649 2651 1859 2682 Mendacium
1875 2650 1906 2688 *ς
1924 2661 1961 2682 ex
1981 2651 2140 2692 Gregorio
2155 2652 2200 2690 ¹⁸⁸¹,
2221 2663 2296 2684 cum
2321 2661 2433 2686 tractat
2456 2655 2496 2686 de

1384 2723 1386 2738 ÷
1412 2697 1582 2729 mendacio
1607 2695 1825 2732 obstetricum,
1839 2703 1875 2727 ut
1899 2703 1985 2737 patet
2007 2697 2155 2738 superius
2177 2697 2210 2728 in
2231 2708 2286 2740 qu.
2301 2698 2340 2729 de
2363 2699 2495 2731 Menda-

1413 2743 1463 2774 cio
1479 2743 1513 2779 *;
1539 2750 1569 2773 et
1593 2752 1629 2772 ex
1653 2741 1835 2778 Aristotele,
1849 2741 1882 2772 in
1899 2741 1941 2772 IV
1956 2741 2063 2773 Ethic.
2079 2741 2124 2779 ἢ,
2143 2742 2352 2775 Mendacium
2377 2749 2426 2776 est
2446 2754 2495 2776 se-

1384 2814 1386 2824 .,
1412 2788 1554 2820 cundum
1570 2796 1606 2818 se
1615 2796 1758 2828 pravum
1776 2784 1811 2828 (-
1835 2796 1912 2826 ergo
1927 2795 2055 2827 semper
2077 2793 2125 2818 est
2141 2797 2286 2828 pravum,
2310 2788 2386 2830 quia
2413 2799 2495 2820 nun-

1413 2843 1512 2874 quam
1537 2832 1640 2873 perdit
1664 2831 1806 2872 seipsum
1830 2841 1867 2862 ex
1887 2841 2095 2873 quacumque
2118 2832 2264 2873 apposita
2289 2833 2494 2865 circumstan-

1413 2876 1486 2920 tia);
1513 2884 1543 2908 et
1559 2887 1596 2908 ex
1620 2876 1752 2912 ratione,
1769 2875 1845 2917 quia
1869 2876 2073 2907 mendacium
2091 2883 2138 2908 est
2160 2884 2249 2908 actus
2269 2878 2384 2909 cadens
2399 2887 2496 2920 super

1413 2922 1587 2953 indebitam
1604 2920 1780 2958 materiam,
1799 2927 1834 2951 ut
1849 2920 1946 2952 habes
1962 2921 2109 2962 superius
2121 2921 2154 2952 in
2170 2921 2358 2964 quaestione
2371 2922 2453 2954 dicta
2464 2923 2493 2955 *.
2522 2925 2531 2934 ⁸

1470 2967 1606 2998 Constat
1625 2966 1721 2997 etiam
1746 2965 1836 3007 quod
1856 2972 2022 3006 peccatum
2040 2966 2163 2997 veniale
2186 2973 2234 2998 est
2257 2974 2366 2998 contra
2389 2967 2492 3009 legem

1414 3012 1483 3048 Dei,
1501 3011 1562 3043 hoc
1579 3019 1636 3048 est,
1654 3010 1853 3051 prohibitum
1873 3021 1890 3041 a
1905 3011 1973 3051 lege
1990 3010 2063 3042 Dei:
2080 3011 2228 3052 quamvis
2244 3021 2311 3042 non
2328 3011 2368 3043 sit
2383 3019 2494 3044 contra

1413 3057 1516 3097 legem
1534 3063 1569 3087 ut
1584 3056 1616 3098 ly
1633 3061 1747 3087 contra
1765 3054 1970 3095 distinguitur
1993 3065 2010 3086 a
2028 3060 2165 3096 praeter
2179 3056 2294 3097 legem.
2318 3056 2404 3094 Quia
2420 3067 2494 3098 pro·

1414 3101 1590 3132 bibitorum
1622 3110 1678 3141 per
1700 3100 1805 3141 legem
1829 3100 1888 3131 Dei
1912 3099 2044 3142 aliquod
2067 3099 2151 3132 tollit
2173 3100 2351 3138 caritatem,
2377 3109 2407 3133 et
2431 3101 2493 3134 hoc

1414 3154 1460 3177 est
1484 3152 1595 3177 contra
1617 3146 1722 3186 legem
1746 3144 1821 3176 Dei:
1846 3151 1877 3175 et
1900 3144 2033 3186 aliquod
2058 3154 2124 3175 non
2149 3144 2232 3176 tollit
2248 3145 2422 3183 caritatem,
2438 3147 2493 3178 sed

1414 3190 1572 3222 fervorem
1596 3190 1683 3226 eius,
1708 3196 1739 3221 et
1770 3189 1832 3220 hoc
1855 3196 1902 3220 est
1933 3195 2056 3230 praeter
2082 3189 2185 3230 legem
2209 3189 2278 3222 Dei.
2312 3190 2493 3233 Utrumque

1414 3243 1521 3267 tamen
1552 3235 1595 3267 ita
1619 3241 1743 3266 constat
1766 3243 1834 3265 esse
1858 3240 1968 3265 contra
1991 3233 2095 3274 legem
2119 3233 2178 3265 Dei
2209 3241 2245 3266 ut
2275 3245 2334 3275 pro
2359 3245 2398 3266 eo
2423 3246 2494 3267 mo·

1414 3281 1563 3312 riendum
1582 3279 1636 3311 sit:
1662 3286 1698 3310 ut
1720 3286 1807 3320 patet
1829 3278 1934 3314 Extra,
1950 3278 2001 3309 De
2014 3278 2064 3309 his
2078 3288 2163 3319 quae
2177 3280 2210 3309 νι·
2232 3285 2375 3311 metusve
2393 3290 2492 3312 causa

1404 3325 1508 3367 fiunt,
1525 3335 1594 3365 cap.
1609 3323 1719 3355 Sacris
1726 3331 1738 3361 ‚·
1761 3330 1792 3355 et
1811 3333 1847 3354 ex
1863 3322 1985 3354 ratione
2005 3322 2093 3363 prius
2109 3322 2127 3343 '⁸‘
2149 3323 2252 3360 allata,
2273 3324 2348 3365 quia
2367 3325 2492 3357 bonum

1415 3369 1524 3405 moris.
1542 3369 1677 3401 relatum
1693 3368 1726 3398 in
1742 3368 1859 3404 Deum,
1879 3374 2180 3409 quantumcumque
2196 3368 2379 3407 minimum,
2404 3379 2492 3411 prae-

1415 3414 1549 3446 stantius
1573 3420 1620 3444 est
1643 3421 1742 3453 quarn
1766 3413 1891 3443 bonum
1915 3411 1996 3443 vitae
2021 3412 2205 3453 corporalis.

1472 3458 1566 3489 Unde
1589 3457 1742 3488 eiicienda
1766 3463 1813 3487 est
1835 3457 1948 3497 procul
1971 3457 2010 3487 ab
2029 3457 2239 3489 ecclesiastica
2263 3458 2358 3490 etiam
2383 3458 2492 3500 dispu-

1415 3502 1535 3534 tatione
1559 3501 1778 3542 praesumptio
1801 3500 1859 3532 ista
1880 3501 1990 3532 volens
2010 3502 2174 3533 mendacia
2191 3512 2339 3534 excusare
2355 3502 2492 3534 totaliter

1416 3557 1434 3577 a
1457 3553 1598 3587 peccato.
1630 3545 1791 3586 Scriptum
1815 3553 1861 3577 est
1888 3545 1974 3576 enim
2005 3547 2094 3587 quod
2122 3547 2228 3587 proles
2259 3554 2307 3578 est
2330 3547 2448 3578 diaboli
2463 3547 2490 3584 *,

1416 3590 1531 3632 procul
1554 3601 1572 3621 a
1595 3589 1784 3622 Christianis
1807 3590 1982 3622 abiicienda
2006 3590 2132 3623 finibus,

2537 1183 2606 1205 Vero.
2622 1188 2639 1204 1.

2514 1366 2525 1376 ⁸
2538 1364 2612 1386 Num.
2626 1369 2664 1386 ιιι.

2513 1452 2611 1475 ’Nm
2625 1458 2648 1474 v.

2520 1991 2530 2002 ’
2536 1990 2562 2013 S.
2567 1989 2732 2013 nnuman.

2547 2349 2620 2374 Nun.
2633 2355 2683 2373 vm.

2522 2569 2533 2580 ⁸
2546 2567 2621 2591 Num·
2634 2574 2667 2591 iv.

2521 2657 2544 2696 ἶ·
2594 2662 2738 2706 ‘0¹r'·⁸1.¹¹‘ns.

2521 2737 2543 2760 ιι
2566 2743 2591 2760 π
2613 2716 2737 2760 afflui?

2523 2751 2738 2792 ·'Qu.'‹:x‚m.42

2521 2790 2693 2868 aarum
2713 2817 2736 2840 ⁶-

2634 2844 2687 2866 Ioct.
2695 2833 2735 2866 ‘xv-

2520 3333 2530 3344 ’
2545 3332 2617 3355 Num.
2632 3338 2663 3355 vi.

2520 3552 2528 3560 ·
2543 3551 2609 3573 lom.
2620 3556 2672 3579 cap.
2682 3556 2732 3575 vui.

2520 3583 2579 3599 vern.
2593 3584 2633 3604 4⁴·
