2768 4198
44 845 56 858 ⁸
69 845 136 867 νει-ε.
152 852 175 872 4,
190 851 210 873 5.

45 1222 174 1247 ’Van-².

45 1542 58 1555 ⁹
71 1541 138 1565 ven.
153 1541 175 1565 ⁶.

941 269 1208 316 QUAESTIO
1240 270 1416 318 CXXIX,
1446 269 1744 307 ARTlCULUS
1773 269 1823 306 VI

1110 389 1432 431 ARTlCULUS
1461 389 1672 431 SEXTUS

813 480 968 511 UTRUM
993 480 1169 511 quctA
1193 481 1440 512 PERTINEAT
1464 481 1523 511 AD
1547 481 1955 512 MAGNANIMITATEM

1047 555 1078 580 111
1098 555 1182 584 Sent„
1203 556 1260 580 dist.
1280 563 1365 587 xxxm,
1386 563 1430 588 qu.
1450 563 1487 586 111,
1507 561 1555 581 art.
1576 554 1600 586 3,
1620 555 1670 588 qu*
1694 563 1717 581 1.

285 901 411 934 autem
439 896 622 933 habemus
652 908 724 945 per
751 897 879 933 Iesum
913 896 1102 933 Christum
1131 896 1183 933 ad
1209 896 1358 932 Deum.-

286 962 361 987 non
391 949 494 998 quod
517 962 648 987 sumus
674 950 901 998 sufficientes
929 950 1132 1000 cogitare²
1159 949 1305 998 aliquid
1335 961 1358 986 a
1385 952 1386 955 ’

287 1003 404 1049 nobis,
421 1004 531 1052 quasi
549 1015 599 1040 ex
618 1004 735 1040 nobis.
761 1003 839 1041 Sed
857 1003 934 1040 hoc
952 1003 1104 1040 videtur
1125 1014 1207 1039 esse
1228 1010 1360 1039 contra
1386 1012 1388 1048 ξ

287 1058 472 1095 rationem
494 1057 828 1105 magnanimitatis.
850 1057 952 1104 Ergo
973 1056 1115 1093 fiducia
1134 1056 1183 1093 ad
1204 1067 1360 1103 magna-

288 1111 500 1148 nimitatem
530 1123 609 1148 non
637 1111 810 1160 pertinet.

289 1218 430 1267 posita:
462 1220 677 1256 secundum
710 1218 801 1256 illud
831 1217 950 1255 Isaiae
978 1215 1079 1253 x11*:
1116 1215 1363 1252 Fiducialiter

287 1283 419 1322 agam,
449 1278 485 1309 et
511 1284 587 1310 non
615 1273 765 1309 timebo.
805 1271 882 1308 Sed
917 1280 1046 1308 carere
1075 1269 1211 1306 timore
1240 1268 1362 1328 magis

288 1333 464 1374 pefflnes
469 1326 519 1362 ad
539 1325 812 1362 fortitudinem.
833 1324 937 1373 Ergo
958 1329 995 1360 et
1013 1322 1156 1360 fiducia
1171 1321 1293 1382 magis
1312 1322 1362 1359 ad
1388 1333 1390 1343 ’

289 1378 558 1416 fortitudinem
575 1379 737 1428 pertinet
766 1389 884 1426 quam
913 1377 962 1414 ad
991 1375 1360 1436 magnanimitatem.

345 1433 379 1470 3.
411 1433 646 1478 mmmm,
675 1431 892 1482 praemium
913 1443 992 1468 non
1018 1428 1179 1467 debetur
1198 1429 1269 1467 nisi
1288 1429 1363 1467 vir-

288 1486 368 1523 tuti.
390 1485 468 1524 Sed
483 1485 648 1523 fiduciae
664 1485 825 1523 debetur
844 1484 1080 1534 praemium:
1102 1483 1239 1521 dicitur
1258 1483 1362 1520 enim

287 1539 390 1577 Heh.
419 1550 456 1576 111
469 1538 502 1586 ¹⁸³,
530 1539 637 1589 quod
665 1551 735 1576 nos
760 1551 892 1576 sumus
915 1539 1050 1575 domus
1082 1537 1231 1584 Christi,
1260 1538 1294 1574 si
1308 1538 1363 1586 fi-

287 1592 439 1630 duciam
467 1598 505 1629 et
528 1593 696 1643 gloriam
733 1592 815 1642 spei
842 1603 959 1641 usque
987 1592 1024 1628 in
1051 1591 1177 1640 finem
1196 1592 1360 1640 firmam

287 1646 527 1683 retineamus.
558 1647 660 1695 Ergo
689 1646 832 1684 fiducia
853 1654 908 1683 est
927 1645 1120 1696 quaedam
1148 1644 1269 1682 virtus
1290 1645 1364 1683 dis-

288 1699 401 1737 tincta
421 1711 443 1736 a
462 1699 786 1748 magnanimitate.
802 1722 826 1728 -
847 1700 965 1747 Quod
991 1699 1106 1737 etiam
1123 1698 1277 1736 videtur
1295 1711 1365 1748 per

287 1753 364 1845 goe
397 1753 505 1829 q¹ss⁰d
543 1753 767 1791 Macrobius
805 1766 891 1791 eam
932 1752 1233 1802 magnanimitati
1272 1765 1393 1809 con-g

195 1812 259 1842 δάι’
315 1806 423 1844 ividit

343 1861 418 1898 sm>
447 1872 594 1898 CONTRA
623 1872 689 1897 EST
717 1861 824 1909 quod
851 1860 1014 1906 Tullius,
1050 1859 1087 1896 in
1121 1871 1189 1896 sua
1224 1859 1363 1896 Rheto-

1382 627 1571 668 veniens
1593 640 1637 664 ex
1657 627 1783 676 aliqua
1804 627 2109 665 consideratione
2139 640 2238 676 quae
2264 628 2352 666 facit
2369 630 2487 666 vehe-

1383 698 1384 701 ¹
1412 689 1583 718 mentem
1620 681 1845 730 opinionem
1876 681 1924 718 de
1954 682 2060 718 bono
2089 682 2356 730 assequendo,
2395 683 2485 720 inde

399 783 408 790 ἦ
433 720 589 772 ’”.ιει1ι
626 735 756 771 Potest
790 733 893 772 enim
923 734 1059 794 aliquis
1087 735 1230 772 habere
1258 735 1357 772 fidu·
1383 755 1385 769 3

431 801 438 814 ²
468 788 596 825 <ciam
626 800 705 825 non
734 789 860 825 solum
890 789 937 826 de
967 788 1113 838 seipso,
1143 789 1211 826 sed
1241 789 1356 825 etiarn
1384 791 1385 796 ’

286 843 334 881 de
354 827 448 879 alio:
469 842 684 879 secundum
705 842 796 879 illud
818 843 848 878 11
869 842 921 878 ad
939 842 1027 879 Cor.
1050 854 1085 879 ιιι
1099 841 1137 864 *·
1128 842 1357 879 ‚Fiduciam
1384 845 1385 854 ¹

1413 743 1468 772 est
1497 734 1604 784 quod
1632 734 1775 771 fiducia
1804 736 1852 772 ad
1881 735 2236 783 magnanimitatem
2265 737 2439 785 pertinet.

1467 790 1526 825 Αι)
1555 800 1694 825 ramum
1722 800 1821 825 ERGO
1851 800 2036 826 mer-:noum
2066 791 2194 838 quod,
2233 790 2330 827 sicut
2358 790 2487 828 Philo-

1413 842 1558 891 sophus
1579 841 1678 889 dicit,
1700 842 1737 879 in
1759 842 1811 878 IV
1828 843 1949 879 Ethic.
1965 842 1997 890 ²⁸²,
2019 843 2067 880 ad
2088 844 2381 892 magnanimum
2402 856 2487 894 per·
2516 856 2524 864 ·

1413 895 1505 933 tinet
1524 895 1627 932 nullo
1648 895 1820 945 indigere
1835 896 1866 942 *‚
1885 895 1974 945 quia
1988 897 2064 933 hoc
2085 896 2295 934 deficientis
2315 906 2389 935 est:
2411 899 2488 935 hoc

1413 957 1543 986 tamen
1583 947 1697 986 debet
1725 948 1880 997 intelligi
1908 950 2122 987 secundum
2150 951 2314 989 modum
2350 953 2487 989 huma-

1415 1013 1530 1046 num;
1560 1002 1664 1038 unde
1694 1001 1810 1048 addit,
1840 1002 1900 1038 vel
1926 1003 2004 1040 vix.
2039 1004 2126 1039 Hoc
2155 1003 2257 1041 enim
2288 1013 2343 1042 est
2372 1018 2487 1054 supra

1415 1054 1626 1100 hominem,
1647 1062 1689 1091 ut
1709 1055 1868 1092 omnino
1890 1056 1993 1092 nullo
2015 1056 2191 1104 indigeat.
2221 1058 2367 1106 indiget
2387 1059 2488 1096 enim

1386 1141 1389 1162 ἵ
1416 1107 1544 1146 omnis
1570 1108 1704 1155 homo,
1733 1108 1860 1157 primo
1881 1109 2051 1157 quidem,
2084 1110 2214 1146 divino
2243 1112 2400 1149 auxilio:
2432 1125 2489 1149 se-

343 1176 379 1201 2.
401 1165 643 1212 PRAETEREA,
674 1165 817 1202 fiducia
843 1163 996 1201 videtur
1022 1162 1150 1199 timori
1180 1174 1264 1198 esse
1294 1173 1362 1210 op-
1387 1163 1388 1171 ¹

1417 1160 1601 1199 cundario
1630 1159 1644 1182 δ
1682 1169 1812 1198 autem
1849 1162 1964 1199 etiam
1999 1163 2137 1199 auxilio
2167 1164 2361 1213 humano,
2400 1166 2488 1214 quia

1415 1216 1537 1252 homo
1567 1222 1624 1251 est
1653 1215 1871 1252 naturaliter
1908 1216 2050 1253 animal
2080 1216 2241 1264 sociale,
2281 1231 2326 1254 eo
2356 1220 2488 1267 quod²

1417 1268 1488 1306 sibi
1516 1280 1596 1305 non
1625 1268 1763 1305 sufficit
1790 1269 1838 1305 ad
1858 1268 1990 1306 vitam.
2023 1271 2252 1319 inquantum
2284 1284 2374 1320 ergo
2395 1273 2490 1310 indi-

1416 1329 1478 1371 get
1506 1321 1599 1368 aliis,
1629 1321 1683 1358 sic
1712 1322 1760 1359 ad
1782 1323 2072 1370 magnanimum
2093 1323 2255 1372 pertinet
2282 1333 2325 1362 ut
2351 1326 2491 1363 habeat

1388 1381 1390 1404 1
1416 1375 1600 1413 fiduciam
1621 1375 1668 1412 de
1690 1375 1789 1412 aliis.
1819 1375 1907 1425 quia
1926 1377 2002 1414 hoc
2023 1377 2138 1424 etiam
2159 1378 2208 1414 ad
2228 1379 2491 1416 excellentiam

1389 1469 1391 1477 ss
1416 1428 1585 1467 hominis
1613 1428 1787 1489 pertinet,
1818 1429 1925 1478 quod
1951 1431 2091 1467 habeat
2119 1431 2214 1468 alios
2243 1432 2280 1469 in
2309 1442 2491 1493 promptu

1417 1482 1484 1533 qui
1513 1495 1602 1519 eum
1631 1482 1780 1543 possint
1810 1484 1952 1521 iuvare.
1990 1485 2222 1544 Inquantum
2252 1495 2381 1524 autem
2411 1486 2491 1536 ipse

1390 1551 1391 1555 ¹
1418 1536 1561 1585 aliquid
1589 1543 1726 1585 potest,
1748 1536 1936 1574 intantum
1957 1538 2005 1575 ad
2027 1539 2380 1598 magnanimitatem
2409 1553 2492 1589 per-

1390 1618 1391 1632 2
1418 1590 1511 1628 tinet
1538 1590 1681 1627 fiducia
1710 1602 1827 1640 quam
1857 1591 1973 1628 habet
2001 1591 2049 1629 de
2079 1592 2216 1641 seipso.

1473 1646 1531 1681 Αι)
1561 1656 1753 1682 SECUNDUM
1773 1656 1959 1683 DicENDUM
1989 1646 2106 1695 quod,
2136 1646 2231 1684 sicut
2260 1647 2411 1696 supra*
2440 1648 2493 1685 di·
2522 1657 2531 1665 ·
2565 1655 2577 1667 “
2627 1656 2651 1668 ‘²‘
2710 1663 2724 1677 u

2521 1689 2585 1709 xxm,
2601 1687 2643 1704 art.
2658 1673 2682 1707 ἀς
2694 1674 2732 1711 qui

2521 1716 2557 1736 xv...
2572 1713 2614 1731 art.
2629 1717 2652 1735 4.

1420 1706 1522 1735 ctum
1554 1706 1621 1745 est,
1653 1711 1742 1735 cum
1763 1698 1811 1736 de
1830 1699 2074 1748 passionibus
2094 1709 2279 1749 ageretur,
2302 1714 2390 1750 spes
2411 1701 2492 1749 qui-

1420 1752 1508 1789 dem
1526 1752 1667 1789 directe
1687 1752 1896 1802 opponitur
1913 1753 2183 1802 desperationi,
2199 1767 2299 1804 quae
2321 1762 2376 1792 est
2397 1755 2494 1792 circa

1391 1810 1393 1819 ¹
1419 1805 1523 1843 idem
1553 1806 1761 1853 obiectum,
1783 1806 1922 1844 scilicet
1942 1806 2040 1844 circa
2065 1808 2231 1845 bonum:
2262 1809 2330 1845 sed
2359 1821 2494 1846 secun-

1419 1859 1513 1897 dum
1535 1859 1842 1897 contrarietatem
1863 1860 2104 1898 obiectorum
2126 1862 2335 1911 opponitur
2353 1862 2491 1909 timori,

2585 854 2712 879 .111,11.26.
2720 865 2729 869 -

2595 895 2600 901 .
2616 881 2667 902 lect.
2683 887 2705 902 x.

2517 912 2525 921 ⁸
2534 896 2568 933 ι).
2585 911 2638 939 679.

133 1845 242 1870 eno-au

45 1922 262 1946 ‘Delma-Rhe-
287 1914 369 1951 rica
383 1914 415 1962 ²¹²,
443 1914 596 1952 videtur
614 1926 760 1963 ponere
789 1914 972 1952 fiduciam
1002 1890 1089 1950 l'oco
1111 1913 1364 1961 magnanimi-
1390 1893 1393 1933 l

45 1949 261 2032 {go-{nument
288 1968 384 2008 tatis.
414 1975 456 2004 ut
484 1967 634 2016 supra*
662 1967 805 2005 dictum
836 1975 902 2005 est.

65 2028 67 2030 ,
92 2008 213 2031 n-‹anmu
229 2008 245 2024 ι

1420 1912 1527 1950 cuius
1556 1913 1750 1950 obiectum
1772 1922 1828 1951 est
1849 1915 2008 1952 malum.
2041 1914 2198 1953 Fiducia
2219 1924 2348 1953 autern
2369 1917 2493 1965 quod-

1390 1966 1508 2004 darn
1538 1967 1656 2004 robur
1684 1967 1764 2016 spei
1794 1967 1986 2017 importat.
2023 1969 2071 2005 Et
2099 1969 2186 2006 ideo
2216 1969 2424 2019 opponitur
2452 1971 2494 2007 ti-

47 2029 68 2052 6-
344 2011 572 2058 Responnsso
601 2033 788 2059 mcENDUM
817 2021 923 2071 quod
953 2032 1098 2058 nornen
1115 2020 1288 2068 fiduciae
1316 2032 1361 2057 ex
1390 2003 1392 2046 l
1420 2020 1529 2068 mori,
1559 2021 1656 2058 sicut
1685 2029 1721 2058 et
1750 2033 1849 2071 spes.
1890 2022 1967 2059 Sed
1997 2022 2086 2071 quia
2119 2023 2300 2060 fortitudo
2338 2024 2493 2074 proprie

278 2074 363 2123 fide
396 2082 638 2124 assumptum
680 2088 762 2112 esse
792 2074 953 2112 videtur.
992 2074 1053 2112 Ad
1083 2074 1203 2111 fidem
1233 2082 1361 2111 autem
1390 2054 1391 2114 l
1418 2075 1547 2112 firmat
1566 2074 1767 2112 hominem
1790 2074 1950 2112 contrat
1980 2076 2091 2123 mala,
2112 2077 2409 2126 magnanimitas
2429 2091 2493 2115 au-
2620 2080 2635 2110 ζ

289 2127 451 2178 pertinet
479 2128 621 2177 aliquid
651 2136 687 2166 et
706 2129 816 2166 alicui
836 2128 1003 2166 credere.
1034 2127 1203 2164 Pertinet
1231 2134 1362 2165 autem
1389 2131 1391 2172 l
1418 2136 1496 2165 tem
1517 2128 1617 2166 circa
1637 2128 1950 2188 prosecutionem
1971 2129 2186 2176 bonorum3
2208 2130 2296 2168 inde
2318 2139 2372 2168 est
2387 2132 2493 2180 quod

47 2983 232 3012 ’ΛΠ-μκή.

52 3568 61 3578 ·
80 3568 116 3589 De
133 3567 266 3596 Magnani-

50 3594 139 3616 nitate.

52 3622 62 3632 ⁸
76 3620 185 3643 eoncim.
195 3627 215 3642 2.

289 2181 431 2219 fiducia
453 2181 503 2219 ad
524 2194 652 2232 spem:
682 2182 896 2220 secundum
922 2181 1011 2218 illud
1032 2182 1103 2218 Iob
1116 2193 1151 2218 xl
1167 2180 1203 2217 *ε
1230 2181 1362 2218 Habe-

1389 2181 1560 2233 fiducia
1589 2182 1711 2230 magis
1744 2183 1900 2231 proprie
1929 2183 2090 2231 pertinet
2126 2185 2174 2222 ad
2203 2185 2494 2233 magnanimita-

289 2235 345 2272 bis
358 2235 555 2284 fiduciam,
568 2236 766 2285 proposita
786 2235 853 2272 tihi
869 2247 944 2284 spe.
975 2235 1024 2272 Et
1044 2234 1132 2272 ideo
1153 2246 1298 2272 nomen
1319 2234 1363 2272 fi·
1389 2252 1391 2269 ι
1418 2243 1496 2272 ιειιι
1526 2248 1646 2284 quam
1667 2236 1717 2273 ad
1738 2235 2012 2273 fortitudinem.
2045 2238 2122 2275 Sed
2148 2238 2237 2286 quia
2257 2250 2344 2287 spes
2365 2246 2496 2276 causat

291 2288 425 2326 duciae
439 2286 544 2326 hocfl
563 2288 821 2350 principaliter
841 2288 1055 2338 significare
1073 2288 1237 2334 videtur,
1254 2289 1391 2342 quod

289 2341 422 2392 aliquis
450 2354 560 2391 spem
591 2342 780 2392 concipiat
799 2355 845 2380 ex
865 2343 940 2380 hoc
961 2342 1067 2391 quod
1098 2341 1216 2379 credit
1234 2341 1391 2379 verbis

289 2395 447 2433 alicuius
467 2395 649 2434 auxilium
669 2396 972 2446 promittentis-
948 2396 1067 2433 -Sed
1087 2396 1177 2456 quia
1196 2395 1294 2433 fides
1309 2396 1363 2433 di-

287 2502 380 2553 quid
408 2503 662 2541 vehementer
688 2504 835 2554 opinari
865 2516 945 2541 non
964 2505 1091 2541 solum
1113 2516 1158 2541 ex
1179 2516 1226 2541 eo
1255 2503 1362 2552 quod

289 2565 344 2594 est
372 2556 421 2594 ab
451 2557 524 2594 alio
546 2557 702 2605 dictum,
732 2557 800 2595 sed
821 2557 934 2596 etiam
955 2570 1001 2595 ex
1030 2570 1076 2594 eo
1103 2558 1208 2607 quod
1228 2556 1265 2594 in
1287 2557 1361 2595 alio

289 2610 554 2648 consideratur
567 2616 601 2648 Y:
629 2611 718 2649 inde
739 2619 795 2649 est
813 2612 919 2660 quod
940 2611 1083 2649 fiducia
1104 2611 1216 2648 etiam
1236 2619 1363 2660 potest

289 2664 361 2702 dici
391 2677 467 2713 qua
487 2664 623 2714 aliquis
652 2677 760 2715 spem
781 2665 938 2702 alicuius
968 2665 1021 2702 rei
1046 2665 1211 2714 concipit
1232 2677 1276 2702 ex
1296 2665 1362 2702 ali-

288 2730 365 2767 quo
396 2718 660 2764 considerato;
699 2718 934 2768 quandoque
963 2718 1123 2768 quidem
1152 2718 1190 2755 in
1220 2718 1360 2768 seipso,

288 2825 353 2863 diu
381 2825 594 2872 victurum;
634 2826 868 2876 quandoque
906 2834 1035 2863 autem
1068 2826 1106 2863 in
1135 2826 1231 2872 alio,
1269 2834 1363 2875 puta

288 2986 443 3024 Dictum
481 2995 537 3024 est
573 2995 703 3024 autem
733 2986 882 3038 supra*
921 2988 1024 3036 quod
1064 2986 1362 3035 magnanimitas

287 3040 440 3091 proprie
477 3049 533 3078 est
562 3041 661 3089 circa
689 3054 799 3090 spem
834 3041 992 3078 alicuius
1021 3040 1140 3078 ardui.
1181 3041 1229 3077 Et
1258 3041 1360 3087 ideo,

289 3094 377 3143 quia
409 3094 551 3132 fiducia
579 3095 761 3144 importat
789 3095 987 3144 quoddam
1018 3095 1136 3131 robur
1164 3094 1245 3143 spei
1274 3107 1362 3143 pro-

1417 2289 1632 2336 audaciam,
1663 2302 1763 2339 quae
1783 2289 1946 2339 pertinet
1966 2290 2015 2327 ad
2035 2290 2311 2339 fortitudinem,
2331 2292 2420 2330 inde
2441 2300 2496 2330 est

1417 2342 1525 2403 quod
1550 2343 1692 2381 fiducia
1713 2343 1762 2380 ad
1782 2343 2044 2381 fortitudinem
2076 2357 2120 2381 ex
2142 2346 2391 2395 consequenti
2411 2359 2495 2396 per-

1389 2429 1391 2435 .
1417 2396 1522 2434 tinet.

288 2449 384 2486 citur
403 2449 516 2486 etiam
537 2450 669 2499 opinio
689 2451 922 2496 vehemens;
944 2449 1126 2498 contingit
1145 2457 1274 2487 autern
1297 2449 1362 2486 ali·
1389 2457 1391 2497 ζ

1469 2452 1529 2487 Αι)
1549 2462 1712 2488 τεκτιυΜ
1732 2463 1919 2488 ιιιεεΝιιυΜ
1940 2451 2045 2500 quod
2066 2452 2220 2500 fiducia,
2237 2452 2333 2490 sicut
2348 2453 2493 2491 dictum

1389 2504 1390 2542 ἲ
1418 2511 1474 2542 est
1487 2503 1519 2551 *‚
1550 2504 1734 2553 importat
1762 2505 1957 2554 quendam
1980 2506 2142 2543 modum
2173 2506 2274 2555 spei:
2306 2515 2363 2544 est
2391 2507 2494 2544 enirn

1389 2591 1390 2600 ,
1417 2557 1559 2595 fiducia
1593 2570 1682 2607 spes
1716 2559 1897 2596 roborata
1927 2571 1972 2595 ex
2000 2559 2128 2607 aliqua
2155 2560 2269 2597 firma
2299 2561 2492 2609 opinione.

1389 2610 1562 2662 {Modus
1600 2619 1730 2649 autem
1769 2612 1961 2649 adhibitus
1999 2613 2109 2649 alicui
2139 2613 2331 2650 affectioni
2368 2621 2494 2663 potest

1389 2686 1390 2717 3
1415 2665 1607 2714 pertinere
1629 2666 1676 2703 ad
1698 2666 2079 2703 commendationem
2101 2666 2218 2715 ipsius
2239 2675 2356 2714 actus,
2387 2676 2429 2705 ut
2449 2680 2493 2704 ex

1389 2735 1390 2738 ¹
1416 2719 1492 2756 hoc
1521 2719 1568 2756 sit
1597 2719 1833 2757 meritorius:
1869 2732 1947 2757 non
1976 2728 2106 2757 tamen
2137 2733 2182 2757 ex
2211 2721 2286 2758 hoc
2317 2721 2494 2758 determi-

286 2780 380 2821 puta
409 2784 498 2809 cum
527 2772 672 2822 aliquis,
702 2772 840 2810 videns
869 2786 909 2810 se
938 2785 1098 2819 sanum,
1133 2772 1293 2810 confidit
1321 2786 1361 2810 se
1389 2785 1390 2788 ¹
1417 2781 1529 2810 natur
1544 2774 1592 2810 ad
1614 2773 1783 2822 speciem
1803 2773 1964 2820 virtutis,
1986 2775 2054 2811 sed
2076 2786 2120 2810 ex
2141 2774 2311 2811 materia.
2339 2776 2387 2812 Et
2407 2775 2493 2812 ideo
2550 2802 2555 2809 ,

1389 2834 1391 2875 ζ
1417 2826 1560 2864 fiducia
1589 2839 1668 2864 non
1697 2835 1834 2876 potest,
1864 2827 2020 2876 proprie
2050 2828 2262 2877 loquend0,
2293 2828 2493 2866 nominare

289 2891 378 2916 cum
407 2879 562 2929 aliquis,
600 2880 845 2918 considerans
884 2880 1001 2917 alium
1040 2879 1209 2916 amicum
1247 2892 1361 2917 suurn
1389 2902 1391 2928 Ξ

289 2945 372 2970 esse
388 2941 425 2970 et
442 2941 654 2983 potentem,
670 2933 853 2972 fiduciam
873 2934 989 2971 habet
1004 2933 1176 2971 adiuvari
1195 2933 1244 2970 ab
1265 2946 1362 2971 eo.-
1389 2929 1391 2942 '

1417 2881 1587 2929 aliquam
1618 2880 1812 2927 virtutem,
1844 2881 1913 2918 sed
1942 2889 2068 2930 potest
2087 2882 2290 2919 nominare
2311 2882 2495 2920 conditio-

1417 2947 1508 2971 nem
1545 2934 1706 2971 virtutis.
1748 2935 1795 2982 Et
1833 2942 1991 2984 propter
2024 2936 2100 2972 hoc
2138 2944 2361 2973 numeratur
2398 2936 2494 2973 inter

1389 3017 1391 3030 .
1415 2995 1543 3037 partes
1564 2987 1805 3036 fortitudinis,
1832 3001 1911 3026 non
1931 2988 2040 3038 quasi
2059 2989 2181 3026 virtus
2201 2989 2379 3027 adiuncta
2408 2989 2493 3036 (nisi

1417 3041 1632 3078 secundum
1670 3041 1777 3091 quod
1815 3041 1999 3091 accipitur
2033 3055 2103 3091 pro
2132 3043 2442 3091 magnanimitate
2472 3055 2493 3080 a

1416 3095 1545 3132 Tullio
1557 3095 1605 3142 ²¹⁸),
1623 3095 1691 3132 sed
1711 3095 1807 3132 sicut
1827 3108 1915 3144 pars
1935 3096 2138 3144 integralis,
2155 3104 2196 3133 ut
2212 3097 2354 3134 dictum
2372 3105 2427 3134 est
2441 3096 2492 3134 *ἦ

342 3210 370 3242 α)
389 3211 523 3244 cogitare.
535 3224 554 3230 -
573 3211 636 3236 Om.
655 3211 907 3244 ABDEFHILpCK.

343 3245 369 3278 β)
389 3246 447 3272 hoc.
459 3261 478 3266 -
497 3246 540 3272 hic
559 3247 589 3272 Ρ.

341 3283 367 3316 γ)
387 3282 414 3306 in
433 3282 488 3308 alio
504 3283 707 3308 consideratur.
721 3297 739 3302 -
757 3287 798 3308 est
816 3283 842 3308 in
862 3283 918 3308 alio
935 3283 1139 3308 consideratum
1161 3283 1208 3308 Pa.

1478 3210 1504 3243 ὃ)
1523 3212 1696 3237 secundario.
1709 3226 1727 3230 -
1745 3212 1864 3237 secundo
1884 3212 1953 3236 PDa.

1479 3247 1501 3278 ε)
1522 3247 1604 3279 quod.
1617 3261 1635 3266 -
1655 3247 1717 3272 Om.
1737 3248 1792 3273 AB.

1478 3282 1504 3315 ζ)
1522 3287 1629 3308 contra.
1642 3297 1660 3302 -
1678 3283 1753 3309 circa
1772 3284 1801 3309 Ρ.

971 3361 1308 3394 Commentaria
1331 3361 1588 3395 Caxfflnalis
1613 3361 1816 3395 Caietam

322 3452 341 3472 N
365 3442 499 3472 articulo
523 3449 611 3473 sexto
636 3443 779 3473 eiusdem
802 3443 1008 3485 quaestionis,
1033 3443 1065 3473 in
1090 3443 1299 3483 responsione
1323 3443 1362 3472 ad

295 3454 461 3522 Itertium‚
475 3496 534 3526 pro
551 3493 672 3527 quanto
687 3487 733 3518 ibi
748 3487 862 3518 dicitur
878 3488 967 3539 quod
982 3487 1108 3524 fiducia,
1126 3497 1184 3528 pro
1202 3498 1257 3529 spe
1281 3494 1364 3519 certa

290 3531 323 3561 in
340 3531 470 3562 materia
486 3531 764 3571 magnanimitatis,
777 3542 843 3563 non
858 3539 906 3563 est
918 3533 1028 3569 virtus,
1041 3533 1097 3563 sed
1112 3532 1254 3563 conditio
1269 3532 1366 3563 virtu-

291 3576 340 3612 tis,
359 3575 494 3606 dubium
511 3586 547 3606 ex
563 3575 702 3606 Martino
718 3576 864 3613 occurrit,
878 3577 911 3607 in
931 3577 1046 3608 eodem
1061 3577 1228 3608 tractatu*
1230 3587 1307 3618 ,qu.
1327 3572 1394 3607 de

292 3620 455 3651 Fiducia*
457 3621 635 3660 ,probante
651 3619 767 3660 primo,
781 3621 869 3661 quod
886 3628 932 3652 est
948 3622 1067 3661 species
1084 3621 1363 3662 magnanimitati&

1420 3443 1540 3473 Primo.
1565 3443 1696 3474 Fiducia
1715 3443 1896 3474 continetur
1910 3445 1969 3475 sub
1986 3445 2092 3486 aliqua
2107 3445 2222 3476 virtute
2239 3453 2275 3476 ut
2289 3446 2420 3477 inferius
2437 3447 2495 3477 sub

1393 3486 1584 3528 superiore
1609 3488 1777 3519 essentiali.
1803 3488 1865 3519 Sed
1889 3489 1977 3520 nulla
2001 3497 2048 3520 est
2071 3490 2131 3520 alia
2155 3490 2214 3520 nisi
2238 3491 2493 3531 magnanimitas.

1392 3533 1517 3573 Ergo.
1533 3550 1556 3556 -—
1572 3532 1679 3563 Minor
1695 3540 1795 3573 patet.
1816 3533 1892 3574 quia
1908 3534 2047 3565 restricta
2063 3541 2110 3565 est
2129 3535 2168 3565 ad
2188 3535 2354 3566 materiam
2370 3546 2495 3576 magna·

1392 3604 1393 3621 3
1420 3577 1582 3608 nimitatis.
1607 3595 1628 3600 -
1652 3577 1756 3608 Maior
1779 3579 1941 3618 probatur.
1967 3579 2052 3616 Quia
2069 3586 2157 3610 actus
2173 3579 2307 3610 fiduciae
2331 3587 2378 3611 est
2407 3587 2494 3611 actus

1392 3631 1477 3662 per
1500 3632 1532 3652 se
1556 3621 1727 3653 virtuosus.
1759 3622 1845 3663 Ergo
1870 3623 1996 3654 habitus
2021 3631 2067 3655 est
2095 3635 2151 3664 per
2175 3635 2207 3655 se
2231 3625 2341 3655 virtus.

2524 2518 2533 2527 ⁸
2548 2516 2573 2538 ln
2589 2522 2694 2544 corpore.

2521 3056 2598 3078 ’.Loc
2607 3056 2660 3078 cim
2654 3057 2676 3078 ιιι
2688 3063 2734 3084 arg.

2521 3083 2571 3104 Sed
2586 3086 2648 3105 cont.

2535 3110 2613 3138 Qu.
2639 3116 2683 3132 cxx
2685 3117 2734 3132 νιιι.
