2768 4198
75 635 84 643 ·
95 633 183 655 Hamil.
195 632 246 659 ΧΧς
257 633 287 654 al.

74 660 113 682 lib.
119 659 148 686 ΙΙ,
154 659 234 682 homil.
241 665 288 681 vni.

75 687 85 697 ⁴
98 686 150 708 Lib.
162 685 203 712 Vl,
215 686 286 707 libell.

74 719 90 740 i,
105 719 127 734 n.
143 719 165 741 9.

63 955 83 970 '⁶
96 958 132 982 Cf.
147 965 211 982 num.
226 965 258 982 tv.

924 306 1190 351 QUAESTIO
1221 308 1468 357 CLXXXIX,
1497 313 1791 351 ARTICULUS
1822 316 1869 351 Ill

2424 324 2490 369 541

315 381 450 429 aliquis
478 394 519 419 se
547 381 708 418 totaliter
729 382 864 418 divinis
886 384 1079 432 obsequiis
1098 386 1289 434 mancipet
1317 400 1386 435 per
1410 392 1413 430 ξ
1439 399 1724 438 consequuntur
1743 393 1962 440 religionem
1983 394 2233 442 ingredientes
2261 410 2377 445 quam
2408 413 2496 437 con-

315 434 505 482 religionis
534 436 768 483 ingressum,
802 447 901 484 quae
937 437 1082 474 excedit
1121 451 1236 476 omne
1265 452 1384 487 genus
1410 451 1411 484 ξ
1438 451 1650 490 sequuntur
1679 445 1867 493 baptizati.

314 488 589 535 satisfactionis,
620 488 734 524 etiam
765 488 940 536 publicae
962 490 1229 538 poenitentiae,
1251 501 1291 529 ut
1319 494 1385 530 ha-
1409 489 1411 527 1

314 541 424 577 betur
452 541 490 578 in
519 541 704 587 Decretis,
725 541 886 578 XXXIII
914 554 1028 589 caus,
1058 556 1122 593 qu,
1140 557 1174 591 11,
1205 558 1286 594 cap.
1307 547 1383 583 Ad-

314 606 492 638 monere;
526 594 623 630 sicut
656 594 770 631 etiam
798 595 1067 633 holocaustum
1098 599 1244 635 excedit
1272 600 1384 636 sacri-

313 647 460 694 ficium,
489 655 530 684 ut
557 647 765 695 Gregorius
794 647 895 694 dicit,
924 660 1038 696 super
1063 651 1197 698 Ezech.
1218 651 1238 672 ’¹‘
1270 652 1381 689 Unde

312 700 349 736 in
386 700 477 737 Vitis
503 701 661 737 Parrum
681 700 701 722 ’¹‘
729 701 862 749 legitur
894 702 1000 749 quod
1030 705 1193 740 eandem
1223 705 1381 752 gratiam

1492 496 1531 532 Si
1560 504 1689 534 tamen
1710 511 1787 534 non
1808 500 2098 538 absolverentur
2125 514 2193 550 per
2220 503 2295 539 hoc
2324 505 2372 540 ab
2393 506 2496 542 omni

1437 557 1542 585 reatu
1567 562 1726 597 poenae,
1748 552 1992 590 nihilominus
2012 554 2201 602 ingressus
2221 556 2407 604 religionis
2428 558 2495 594 uti-

1408 625 1410 643 2
1435 600 1505 637 lior
1534 611 1590 639 est
1617 615 1733 651 quam
1754 606 2003 653 peregrinatio
2024 608 2168 645 Terrae
2189 610 2350 646 Sanctae
2379 623 2496 659 quan-

1408 647 1409 703 }
1435 661 1517 690 turn
1546 656 1594 692 ad
1622 658 1907 704 promotionem
1929 660 1965 696 in
1986 661 2150 698 bonum:
2181 675 2278 711 quae
2306 675 2496 712 praepon—

1407 705 1410 735 ἶ
1437 707 1542 744 derat
1570 709 1798 747 absolutioni
1826 724 1847 747 a
1875 724 2012 760 poena.

983 815 1318 850 Commentaria
1341 818 1591 853 Cardinalis
1615 821 1814 855 Caietam

316 921 363 983 ΙΝ
387 910 521 942 articulo
545 911 638 943 tertio
656 912 799 943 eiusdem
822 912 953 943 ultimae
969 914 1174 954 quaestionis,
1194 915 1227 945 in
1250 926 1379 956 respon·
1406 918 1408 923 ¹

344 955 434 986 sione
457 956 498 986 ad
521 956 675 995 primum,
691 957 827 987 dubium
851 957 990 988 occurrit
1005 957 1031 988 *.
1057 959 1144 989 Tum
1169 960 1244 1000 quia
1268 968 1380 992 votum

312 1009 378 1031 non
402 999 511 1030 minus
526 1000 603 1040 ligat
618 1011 717 1041 quarn
740 1001 966 1032 iuramentum.
989 1005 1035 1033 Ac
1052 1013 1108 1043 per
1124 1003 1195 1040 hoc,
1213 1004 1293 1035 sicut
1309 1013 1379 1045 pot·

311 1052 358 1075 est
382 1044 454 1083 cogi
477 1044 549 1085 quis
572 1045 612 1075 ad
636 1046 828 1076 servandum
851 1045 1084 1085 iuramentum,
1110 1048 1152 1078 ita
1182 1055 1287 1088 potest
1310 1050 1380 1090 cogi

311 1089 351 1119 ad
375 1089 567 1120 servandum
590 1095 721 1120 votum:
756 1097 792 1121 ut
815 1090 909 1121 etiarn
936 1098 1021 1131 patet
1043 1092 1076 1122 in
1101 1102 1168 1132 cap.
1192 1093 1247 1123 Ex
1271 1099 1378 1133 parte,

310 1133 416 1169 Extra,
440 1133 480 1164 de
505 1133 672 1165 Censibus.

366 1177 455 1208 Tum
478 1177 554 1218 quia
569 1187 606 1208 ex
624 1188 664 1209 eo
683 1179 773 1220 quod
789 1178 847 1210 iste
866 1180 1028 1220 presbyter
1046 1181 1194 1210 vovendo
1214 1183 1381 1222 resignavit

309 1220 482 1259 beneficio,
509 1229 656 1253 censetur
677 1223 817 1254 voluisse
840 1224 978 1255 totaliter
1002 1231 1125 1255 mutare
1149 1226 1245 1256 vitam
1270 1236 1377 1257 suam:

309 1265 397 1297 iuxta
419 1276 489 1307 cap.
513 1267 730 1307 Beneficium,
753 1268 794 1299 de
815 1268 1046 1310 Regularibus,
1069 1269 1103 1299 in
1126 1269 1230 1306 Sexto,
1255 1271 1309 1301 ubi
1332 1272 1380 1302 di-

273 1335 293 1337 -
304 1310 510 1352 εὶιυῒφῑόἆ
518 1308 625 1351 potest
647 1311 736 1343 alteri
760 1312 895 1343 conferri
911 1312 1101 1344 beneficium
1125 1314 1247 1350 novitii,
1263 1316 1292 1346 si
1307 1325 1380 1346 con-

308 1359 372 1386 stet
393 1355 479 1396 quod
502 1356 641 1387 voluerit
663 1357 808 1388 absolute
831 1358 927 1388 vitam
951 1364 1089 1389 mutare.

365 1399 454 1430 Tum
478 1400 555 1440 quia
579 1401 685 1431 minus
702 1411 880 1432 consonam
903 1403 1053 1442 pastorali
1069 1402 1177 1434 officio
1200 1404 1380 1443 responsio—

307 1453 384 1475 nem
413 1444 536 1475 dedisse
565 1445 691 1476 videtur
719 1445 865 1477 Pontifex
894 1446 962 1483 ille,
987 1447 1105 1479 scilicet
1134 1448 1312 1478 Alexander
1335 1448 1378 1485 11,

307 1488 421 1526 XVII‘,
438 1499 494 1527 qu.
518 1499 550 1525 11,
575 1499 644 1530 cap.
671 1489 863 1522 Consaldus.

365 1533 404 1564 11.
427 1533 464 1564 ln
488 1534 601 1564 eadem
624 1534 832 1574 responsione
855 1535 895 1565 ad
918 1535 1081 1575 primum,
1105 1536 1241 1567 dubium
1269 1546 1380 1567 occur-

308 1577 380 1608 rit*
403 1578 443 1608 de
466 1577 597 1609 vinculo
621 1578 764 1620 episcopi
787 1578 932 1611 habentis
955 1587 1068 1611 votum
1094 1581 1276 1620 religionis:
1305 1581 1381 1622 quia

308 1622 392 1653 male
407 1621 534 1653 videtur
548 1623 634 1663 Papa
651 1623 816 1654 consulere
832 1623 876 1654 illi
894 1624 1056 1664 episcopo.
1077 1625 1165 1655 Tum
1185 1625 1260 1666 quia
1276 1626 1379 1656 maius

307 1666 474 1698 vinculum
497 1667 582 1698 tollit
605 1667 722 1699 minus.
754 1667 890 1699 Constat
911 1675 1020 1699 autem
1043 1669 1208 1700 vinculum
1237 1670 1379 1711 episcopi

307 1721 376 1742 esse
405 1711 510 1742 maius
539 1721 639 1752 quam
669 1712 804 1753 simplex
826 1720 940 1744 votum
970 1714 1060 1754 quod
1089 1713 1178 1754 prius
1201 1714 1316 1745 fecerat
1338 1715 1378 1745 ad

306 1755 513 1796 religionem:
545 1766 618 1787 cum
643 1757 684 1787 sit
706 1757 786 1788 adeo
817 1757 1045 1797 obligatorium
1069 1765 1104 1788 ut
1135 1768 1201 1789 non
1224 1759 1316 1789 liceat
1338 1759 1378 1789 ad

306 1800 494 1840 religionem
524 1801 703 1838 transire*;
728 1808 759 1832 et
782 1801 822 1832 sit
850 1802 1019 1843 episcopus
1050 1812 1188 1843 sponsus
1218 1803 1376 1840 ecclesiae,

306 1844 350 1877 im
365 1845 455 1886 quod
468 1851 516 1875 est
527 1845 690 1886 spirituale
706 1845 948 1876 matrimonium
964 1854 1162 1878 contractum
1175 1847 1256 1878 inter
1269 1847 1377 1887 ipsum

307 1896 345 1921 et.
361 1889 526 1920 ecclesiam
540 1891 568 1921 *.

362 1933 404 1964 Et
427 1932 643 1965 confirmatur.
669 1933 753 1971 Quia
777 1934 897 1965 habens
912 1942 1027 1965 votum
1051 1935 1234 1975 simpliciter
1250 1935 1375 1975 religio-

301 1971 356 2009 nis
379 1978 531 2015 arctioris,
556 1978 582 2008 si
604 1977 772 2018 profitetur
800 1979 838 2009 de
862 1978 945 2009 facto
968 1979 1137 2016 laxiorem,
1162 1990 1229 2010 non
1252 1988 1377 2012 tenetur

306 2023 347 2054 ad
370 2022 552 2054 arctiorem:
579 2029 615 2053 ut
638 2029 724 2063 patet
747 2023 779 2053 in
804 2033 872 2063 cap.
900 2023 966 2060 Qui
982 2029 1068 2064 post,
1085 2024 1126 2054 de
1143 2024 1374 2065 Regularfflus,

306 2067 339 2098 in
363 2067 470 2098 Sexto.
494 2067 600 2098 Multo
624 2077 700 2107 ergo
724 2067 824 2107 magis
848 2068 903 2108 qui
927 2074 1052 2099 tenetur
1074 2076 1151 2099 voto
1175 2069 1311 2109 simplici
1336 2071 1375 2100 ad

306 2118 425 2143 statum
443 2111 726 2152 imperfectiorem,
751 2112 777 2142 si
801 2112 839 2142 de
863 2112 947 2143 facto
972 2112 1138 2153 profitetur
1164 2120 1283 2144 statum
1306 2125 1375 2154 per-

306 2155 488 2193 fectiorem,
513 2166 578 2187 non
611 2156 710 2187 teneri
740 2157 834 2187 debet
863 2157 902 2186 ad
932 2157 1210 2197 imperfectiorem.
1239 2158 1315 2195 Sed,
1341 2166 1376 2190 ut

274 2223 279 2234 ,
306 2207 392 2242 patet
421 2211 459 2232 ex
487 2211 582 2241 supra
597 2201 615 2220 *
639 2200 744 2237 dictis,
769 2208 868 2232 status
896 2201 1055 2241 religionis
1086 2209 1132 2232 est
1161 2202 1376 2242 imperfectior

272 2250 278 2261 ··
306 2252 389 2276 statu
413 2245 599 2286 episcopali.
623 2245 655 2276 Si
678 2245 774 2285 igitur
797 2245 959 2286 professus
983 2253 1030 2276 est
1053 2246 1092 2276 de
1115 2246 1198 2277 facto
1213 2247 1286 2287 quis
1310 2248 1375 2288 epi-

306 2290 469 2330 scopalem
497 2297 627 2326 statum,
651 2299 719 2320 non
747 2297 873 2320 tenetur
902 2291 942 2320 ad
971 2290 1174 2330 implendum
1200 2298 1313 2322 votum
1337 2293 1376 2323 de

306 2341 390 2366 statu
412 2334 650 2374 imperfectiori,
674 2334 792 2365 scilicet
807 2334 846 2365 de
870 2334 1031 2374 religione.

362 2379 414 2410 111.
440 2379 475 2409 In
499 2379 611 2410 eadem
634 2379 842 2418 responsione
866 2379 906 2409 ad
929 2379 1082 2419 primum,
1106 2379 1241 2410 dubium
1269 2390 1378 2411 occur-

246 2444 253 2450 .
305 2423 346 2454 rit
362 2423 396 2460 *,
416 2423 493 2464 quia
514 2426 638 2454 Auctor
659 2431 773 2454 votum
797 2423 939 2463 episcopi
955 2423 1139 2464 aequiparat
1152 2431 1230 2455 voto
1246 2425 1376 2466 presby-

305 2468 382 2504 teri,
407 2477 444 2498 ex
466 2467 522 2499 illo
553 2468 716 2508 arguendo
747 2468 787 2498 ad
809 2468 904 2499 istud.
937 2468 978 2500 Et
1001 2475 1108 2499 tamen
1136 2468 1168 2499 in
1197 2469 1282 2500 dicto
1307 2480 1376 2510 cap.

305 2512 370 2543 Per
391 2512 518 2543 litteras
527 2512 554 2549 ²¹¹,
575 2512 690 2543 dicitur
712 2522 855 2552 expresse
879 2513 968 2553 quod
993 2513 1163 2553 episcopus
1179 2521 1309 2544 voverat
1325 2524 1378 2544 so-

306 2556 453 2587 lemniter
467 2563 504 2587 ut
525 2556 615 2587 fieret
637 2556 831 2587 monachus:
856 2564 887 2587 et
909 2557 948 2587 de
971 2558 1156 2598 presbytero
1173 2568 1239 2588 non
1264 2558 1378 2589 dicitur

306 2601 396 2641 quod
411 2601 534 2631 voverit
555 2608 612 2631 aut
634 2601 814 2641 promiserit
837 2601 917 2637 Deo,
935 2602 990 2631 sed
1014 2602 1103 2642 quod
1117 2602 1300 2642 promiserit
1322 2604 1376 2633 ab·

306 2645 428 2682 solute;
444 2652 559 2676 votum
573 2652 685 2676 autem
698 2655 764 2676 non
785 2652 832 2676 est
847 2645 1007 2686 quaelibet
1030 2646 1212 2686 promissio,
1232 2647 1287 2677 sed
1303 2657 1375 2687 pro-

306 2689 417 2720 missio
442 2689 523 2720 facta
546 2690 626 2726 Deo,
652 2696 688 2720 ut
710 2696 796 2729 patet
816 2699 852 2720 ex
876 2700 972 2730 supra
986 2689 1003 2709 *
1019 2690 1119 2721 dictis.

362 2734 416 2765 1v.
440 2734 491 2764 Ad
508 2734 650 2774 primum
666 2734 802 2764 dubium
817 2733 835 2754 *
858 2734 972 2764 dicitur
987 2735 1075 2775 quod
1092 2734 1195 2766 littera
1218 2744 1284 2764 non
1301 2735 1376 2766 dicit

306 2779 526 2820 presbyterum
557 2778 650 2808 illum
679 2778 814 2819 ligatum
841 2785 918 2809 voto
951 2778 1086 2818 simplici
1118 2789 1184 2809 non
1214 2789 1308 2819 posse
1336 2780 1376 2811 de

306 2824 375 2855 iure
399 2823 470 2862 cogi
486 2823 525 2853 ad
539 2823 701 2862 religionis
721 2822 909 2862 ingressum,
928 2830 963 2853 ut
982 2823 1119 2854 obiectio
1136 2823 1374 2863 interpretatur:

306 2869 362 2900 sed
386 2867 462 2898 dicit
484 2868 574 2908 quod
598 2877 665 2898 non
689 2868 799 2898 debeat
815 2867 854 2897 de
873 2867 942 2898 iure
966 2867 1046 2907 cogi,
1072 2875 1107 2899 ut
1130 2868 1318 2904 monachus,
1335 2869 1376 2899 ad

306 2912 538 2944 remanendum
561 2912 594 2942 in
625 2912 831 2942 monasterio.
861 2912 923 2943 Ubi
947 2912 1013 2942 duo
1042 2919 1160 2952 puncta
1190 2919 1375 2951 tanguntur.

306 2957 462 2993 Primum,
486 2957 574 2997 quod
599 2966 664 2987 non
689 2957 782 2987 debet
805 2956 877 2996 cogi
901 2956 1147 2987 utmonachus.
1177 2956 1276 2994 Quod
1299 2967 1375 2987 con-

307 3008 368 3033 stat
390 3011 458 3032 esse
481 3011 604 3032 verum.
635 3001 676 3031 Et
698 3001 760 3031 hoc
784 3010 926 3040 expresse
950 3000 1085 3031 intendit
1107 3001 1203 3031 etiam
1230 3001 1315 3040 Papa
1341 3001 1375 3032 in

306 3046 360 3077 illa
382 3046 607 3086 responsione:
632 3053 668 3076 ut
690 3052 776 3085 patet
798 3044 831 3075 in
851 3045 973 3075 ratione
996 3045 1039 3075 ibi
1063 3045 1242 3083 subiuncta,
1258 3045 1375 3076 scilicet

307 3091 384 3132 quia
406 3100 472 3120 non
497 3097 562 3120 erat
591 3090 777 3120 monachus.
802 3107 824 3112 -
847 3089 1049 3125 Secundum,
1074 3090 1162 3130 quod
1193 3100 1258 3119 non
1283 3090 1375 3120 debet

309 3134 380 3175 cogi
403 3135 444 3164 ad
462 3135 693 3165 remanendum
717 3134 749 3164 in
774 3134 978 3164 monasterio.
1003 3134 1179 3171 Quoniam,
1203 3141 1239 3164 ut
1261 3133 1343 3164 infra
1357 3134 1375 3153 *

308 3179 438 3220 patebit,
461 3179 630 3210 adstrictus
653 3186 732 3209 voto
755 3178 891 3218 simplici
914 3188 979 3208 non
1003 3185 1128 3209 tenetur
1155 3187 1318 3208 remanere
1341 3178 1374 3208 in

308 3223 514 3260 monasterio,
539 3224 596 3254 sed
617 3230 732 3264 potest,
756 3222 836 3253 infra
861 3222 1056 3263 probationis
1080 3232 1211 3259 annum,
1236 3222 1328 3253 exire.
1352 3240 1370 3246 -

309 3268 396 3299 Cum
419 3274 558 3309 utroque
589 3275 696 3299 autem
721 3268 839 3298 horum
862 3275 922 3298 stat
945 3268 1034 3307 quod
1061 3266 1218 3307 potuisset
1240 3267 1279 3296 de
1305 3266 1374 3296 iure

309 3312 381 3352 cogi
397 3312 438 3342 ad
452 3313 632 3353 ingressum
647 3312 818 3352 religionis,
835 3319 870 3342 ut
893 3311 1084 3352 experiretur
1104 3311 1243 3341 novitius
1267 3310 1373 3340 illam:

308 3357 385 3398 quia
408 3356 448 3386 ad
471 3358 535 3388 hoc
558 3357 718 3397 obligatus
741 3363 808 3387 erat
830 3366 867 3387 ex
890 3364 968 3387 voto
993 3356 1138 3396 simplici.

365 3401 417 3432 Ad
441 3402 615 3432 secundam
638 3401 850 3432 obiectionem
881 3401 995 3432 dieitur
1021 3401 1110 3441 quod
1133 3400 1190 3430 iste
1213 3399 1376 3439 presbyter

309 3456 376 3476 non
401 3453 614 3486 assumpserat
628 3446 774 3476 habitum
797 3445 1029 3482 monachalem,
1046 3445 1142 3475 etiam
1165 3451 1200 3474 ut
1224 3443 1372 3474 novitius.

309 3490 351 3520 Et
373 3497 542 3531 propterea
570 3491 604 3520 in
627 3490 699 3530 ipso
731 3499 798 3520 non
828 3490 923 3521 habet
943 3490 1055 3520 Iocum
1085 3488 1224 3520 theorica
1253 3487 1306 3517 illa
1335 3487 1373 3517 de
1399 3511 1401 3532 ἑ
2461 3525 2469 3531 ⁶

1399 3537 1401 3543 ’
1428 3530 1536 3561 ceteris
1559 3530 1592 3560 in
1616 3529 1711 3560 simili
1736 3527 1839 3571 casu);
1864 3528 1997 3558 debebat
2022 3527 2155 3567 implere
2177 3533 2252 3557 vota
2279 3536 2336 3557 sua
2363 3533 2394 3556 et
2416 3526 2484 3555 reli-

309 3535 438 3566 volente
461 3534 560 3565 vitam
592 3542 732 3565 mutare:
765 3533 922 3574 quoniam
949 3533 1179 3574 praesupponit
1208 3532 1374 3562 hominem

1491 919 1542 949 Ad
1566 919 1689 950 tertiam
1713 921 1925 951 obiectionem
1942 922 2054 954 dicitur
2077 925 2166 964 quod
2190 925 2344 963 potuisset
2359 926 2494 956 Alexan-

1436 963 1490 992 der
1513 963 1539 993 11
1564 964 1752 1004 subiungere
1768 964 1847 995 illud
1871 967 1958 1006 quod
1979 969 2101 998 Auctor
2124 969 2272 1005 subdidit,
2288 970 2376 1009 quod
2401 970 2492 1001 Inno-

1436 1007 1557 1037 centius
1574 1008 1613 1038 111
1631 1009 1793 1039 consuluit
1815 1009 1966 1049 episcopo
1983 1011 2291 1053 Gratianopolitano‚
2306 1013 2339 1043 in
2355 1014 2493 1054 capitulo

1434 1051 1498 1081 Per
1525 1057 1607 1083 tuas.
1641 1053 1682 1083 Et
1705 1053 1815 1083 fuisset
1846 1054 1958 1084 melior
1987 1056 2162 1095 responsio.
2195 1057 2250 1087 Illa
2279 1064 2383 1088 tamen
2412 1069 2493 1099 quae

1435 1096 1505 1126 data
1529 1103 1584 1132 est,
1601 1106 1665 1127 non
1691 1096 1750 1127 fuit
1773 1097 1878 1128 minus
1902 1098 1995 1135 bona,
2020 1099 2080 1129 hoc
2104 1107 2163 1136 est,
2188 1101 2286 1131 mala:
2318 1101 2392 1141 quia
2415 1103 2492 1134 nihil

1434 1139 1604 1171 iniustitiae
1639 1143 1793 1177 continet,
1821 1148 1855 1172 ut
1885 1149 1970 1181 patet
1999 1153 2035 1173 ex
2065 1144 2242 1184 supradicta
2274 1145 2492 1178 declaratione.

1435 1184 1590 1221 Quamvis
1606 1184 1700 1215 fuerit
1715 1186 1821 1215 minus
1837 1186 1936 1216 bona:
1962 1186 2023 1217 hoc
2040 1195 2095 1223 est,
2113 1198 2178 1218 non
2201 1196 2266 1219 tam
2288 1190 2372 1220 bona
2395 1201 2492 1230 quam

1434 1228 1545 1259 fuisset
1575 1229 1600 1258 si
1631 1229 1836 1260 subiunctum
1860 1229 1971 1261 fuisset
2000 1231 2077 1271 quid
2108 1232 2177 1262 Deo
2209 1233 2334 1264 deberet
2365 1235 2492 1276 presby-

1434 1279 1480 1303 ter
1502 1273 1564 1304 ille.

1489 1317 1528 1347 V.
1553 1317 1602 1347 Ad
1625 1318 1801 1348 secuudum
1825 1318 1959 1349 dubium
1975 1319 2002 1356 *‚
2027 1326 2156 1359 propter
2179 1320 2245 1350 eius
2265 1320 2491 1359 difficultatem,

1434 1367 1470 1390 ut
1499 1361 1691 1401 opinionum
1719 1362 1850 1392 varIetas
1883 1363 1961 1393 circa
1993 1363 2055 1393 hoc
2087 1364 2238 1400 ostendit,
2270 1371 2306 1395 ut
2335 1366 2430 1396 habes
2458 1367 2491 1397 in

1434 1405 1518 1435 dicto
1543 1415 1611 1445 cap.
1635 1406 1698 1436 Per
1725 1410 1799 1436 tuas
1822 1417 1839 1436 a
1862 1407 2104 1444 Panormitano;
2135 1408 2298 1438 sciendum
2328 1417 2375 1440 est
2404 1411 2492 1450 quod

1433 1449 1513 1479 ratio
1538 1448 1728 1480 difficultatis
1744 1449 1776 1479 in
1800 1449 1858 1480 hac
1873 1451 2058 1491 quaestione
2073 1452 2215 1482 consistit
2237 1453 2269 1482 in
2286 1453 2492 1485 discernendo

1434 1503 1474 1523 an
1498 1493 1550 1523 ille
1574 1493 1743 1533 episcopus
1773 1501 1869 1530 esset,
1893 1494 1959 1525 sine
1989 1494 2042 1525 illa
2073 1496 2244 1532 Decretali‚
2269 1497 2426 1537 obligatus
2454 1499 2493 1530 ad

1433 1537 1678 1578 relinquendum
1703 1537 1864 1568 ecclesiam
1882 1546 1912 1569 et
1927 1538 2140 1579 profitendum
2157 1540 2339 1580 religionem
2359 1543 2495 1581 promis-

1433 1591 1518 1612 sam:
1543 1592 1583 1612 an
1607 1589 1736 1622 propter
1751 1582 1844 1612 istam
1867 1583 2062 1614 Decretalem
2078 1591 2232 1614 statutum
2255 1584 2349 1616 fuerit
2363 1586 2413 1616 ius
2436 1597 2493 1617 no-

1432 1636 1521 1662 vum,
1537 1633 1573 1657 ut
1595 1633 1739 1657 teneatur
1754 1626 1786 1656 in
1809 1626 1880 1657 foro
1905 1627 2113 1658 conscientiae
2132 1628 2307 1669 relinquere
2330 1630 2494 1662 ecclesiam

1433 1677 1464 1701 et
1486 1670 1621 1702 reddere
1639 1671 1803 1702 Altissimo
1826 1677 1899 1702 vota
1922 1681 1992 1702 sua.
2023 1673 2106 1702 Nam
2130 1672 2155 1702 si
2183 1673 2304 1703 dicatur
2326 1675 2415 1714 quod
2442 1675 2494 1706 ille

1432 1721 1556 1755 poterat
1572 1722 1602 1745 et
1625 1715 1790 1746 tenebatur
1810 1715 1843 1745 in
1860 1715 1930 1746 foro
1955 1716 2164 1747 conscientiae
2190 1717 2274 1748 adire
2297 1718 2492 1758 religionem,

1431 1759 1600 1799 insurgunt
1623 1759 1732 1789 allatae
1756 1758 1953 1790 difficultates
1977 1761 2015 1790 de
2038 1760 2215 1791 maioritate
2230 1762 2348 1792 vinculi
2372 1770 2403 1793 et
2425 1774 2491 1794 ma·

1430 1803 1583 1834 trimonio
1600 1803 1764 1843 spirituali.
1789 1803 1819 1834 Si
1840 1803 1914 1834 vero
1932 1814 1997 1834 non
2021 1805 2193 1842 tenebatur,
2210 1806 2264 1836 sed
2288 1815 2324 1836 ex
2339 1806 2402 1837 hoc
2424 1808 2492 1838 iure

1431 1858 1517 1878 novo
1534 1854 1681 1878 tenentur
1696 1849 1795 1878 modo
1819 1848 1970 1888 episcopi,
1987 1859 2053 1879 non
2076 1849 2208 1880 debebat
2222 1850 2308 1890 Papa
2327 1852 2491 1882 consulere

1431 1893 1489 1922 sub
1514 1892 1567 1923 tali
1583 1891 1766 1922 conditione
1788 1892 1825 1922 Si
1840 1894 1888 1923 uis
1901 1893 2031 1924 salvare
2050 1894 2192 1924 animam
2209 1899 2318 1925 tuam:
2341 1905 2414 1926 curn
2438 1896 2490 1926 ille

1430 1943 1502 1967 ante
1526 1936 1692 1967 conditum
1716 1937 1777 1967 hoc
1800 1937 1849 1967 ius
1872 1937 2016 1967 inciderit
2038 1937 2070 1967 in
2095 1948 2203 1968 casum
2226 1938 2321 1969 hunc.

1485 1980 1619 2011 Videtur
1642 1987 1749 2011 autern
1773 1980 1851 2011 mihi
1875 1991 1911 2011 ex
1941 1988 2052 2012 natura
2076 1981 2194 2012 vinculi
2217 1982 2404 2023 episcopalis
2428 1984 2490 2014 sol-

1430 2025 1530 2056 venda
1547 2025 1623 2055 haec
1642 2025 1796 2066 quaestio.
1818 2025 1868 2055 Ad
1884 2025 1974 2056 cuius
1991 2025 2180 2056 evidentiam
2191 2049 2198 2062 ,
2223 2026 2301 2057 scito
2318 2028 2406 2067 quod
2422 2027 2489 2058 vin—

1430 2070 1539 2100 culum
1563 2069 1628 2100 voti
1653 2069 1804 2109 simplicis
1819 2069 1913 2100 habet
1927 2070 1993 2100 vim
2013 2070 2246 2110 promissionis:
2271 2077 2301 2102 et
2316 2078 2435 2112 spectat
2451 2073 2490 2102 ad

1428 2113 1610 2144 fidelitatem
1634 2113 1774 2144 hominis
1796 2114 1835 2144 ad
1859 2114 1974 2145 Deum.
2003 2115 2175 2145 Vinculum
2198 2125 2273 2145 vero
2297 2115 2491 2146 matrimonii

1430 2158 1642 2189 consummati
1673 2158 1766 2188 habet
1794 2157 1858 2188 vim
1883 2158 2034 2189 alienatae
2063 2159 2284 2199 possessionis:
2315 2166 2345 2190 et
2372 2167 2490 2200 spectat

1430 2203 1470 2233 ad
1493 2202 1662 2238 iustitiam,
1680 2202 1722 2233 ita
1745 2203 1834 2243 quod
1857 2203 2043 2242 oppositum
2067 2203 2175 2243 rapina
2194 2210 2275 2234 esset
2297 2203 2415 2234 alienae
2435 2204 2488 2235 rei.

1429 2247 1604 2278 Vinculum
1618 2253 1726 2277 autem
1749 2246 1943 2278 matrimonii
1962 2247 2131 2287 spiritualis
2146 2248 2226 2278 inter
2249 2248 2436 2288 episcopum
2460 2255 2491 2279 et

1430 2292 1591 2322 ecclesiam
1616 2291 1759 2321 medium
1782 2291 2024 2332 quodammodo
2048 2298 2094 2322 est
2116 2291 2196 2322 inter
2218 2291 2290 2322 ista:
2320 2298 2351 2322 et
2373 2299 2491 2332 spectat

1429 2336 1468 2366 ad
1484 2335 1668 2366 fidelitatem
1682 2345 1780 2376 quam
1800 2335 1899 2365 homo
1917 2336 2009 2366 debet
2024 2335 2180 2366 ecclesiae.
2198 2336 2301 2366 Habet
2325 2336 2408 2366 enim
2425 2337 2491 2366 vim

1430 2380 1582 2410 alienatae
1604 2379 1824 2419 possessionis,
1844 2380 2036 2420 inquantum
2059 2380 2159 2410 homo
2182 2389 2215 2410 se
2238 2380 2323 2410 dedit
2345 2381 2491 2411 ecclesiae

1430 2424 1470 2455 ad
1486 2424 1822 2464 superintendendum,
1836 2430 1866 2454 et
1877 2423 2022 2464 alligatus
2035 2433 2080 2454 est
2095 2424 2151 2454 illi.
2169 2424 2204 2454 In
2218 2423 2281 2454 hoc
2292 2425 2412 2455 excedit
2427 2425 2492 2455 vim

1429 2468 1496 2499 voti
1516 2468 1677 2508 simplicis.
1702 2468 1743 2499 Et
1766 2475 1932 2508 propterea
1956 2478 2021 2499 non
2044 2475 2149 2508 potest
2171 2468 2339 2508 episcopus
2363 2469 2491 2499 transire

1429 2513 1469 2543 ad
1488 2513 1691 2552 religionem:
1716 2520 1746 2543 et
1770 2519 2000 2553 consequenter
2022 2522 2086 2543 non
2110 2519 2216 2552 potest
2237 2523 2352 2543 vovere
2375 2513 2491 2552 ingres-

1429 2567 1503 2588 sum
1526 2557 1697 2596 religionis.
1721 2557 1807 2594 Quia
1829 2564 1934 2587 tamen
1957 2557 2122 2587 vinculum
2137 2557 2222 2587 istud
2245 2557 2428 2587 dissolubile
2445 2564 2491 2588 est

1430 2602 1468 2632 de
1492 2611 1650 2632 consensu
1674 2601 1840 2638 Ecclesiae,
1865 2602 1926 2631 hoc
1950 2609 1996 2632 est
2019 2601 2143 2631 Summi
2165 2600 2336 2637 Pontificis,
2361 2601 2416 2641 qui
2440 2611 2490 2631 so—

1428 2646 1479 2676 lus
1503 2646 1642 2686 plenarie
1666 2655 1774 2676 curam
1797 2646 1891 2676 habet
1921 2645 2094 2681 Ecclesiae,
2119 2645 2303 2675 dissolubile
2327 2645 2398 2675 dico
2423 2655 2489 2675 non

1429 2690 1537 2721 solum
1560 2691 1667 2731 quoad
1692 2689 1973 2726 cohabitationem,
1998 2690 2052 2720 sed
2075 2689 2182 2729 quoad
2205 2689 2384 2725 vinculum;
2416 2689 2487 2719 ideo

1429 2734 1536 2765 minus
1559 2742 1606 2765 est
1628 2744 1725 2775 quam
1749 2734 1914 2764 vinculum
1938 2733 2131 2764 matrimonii
2155 2733 2317 2763 carnaliter
2340 2743 2488 2763 consum-

1428 2779 1524 2815 mati,
1549 2779 1638 2819 quod
1668 2778 1735 2808 sola
1765 2785 1868 2808 morte
1894 2779 2002 2818 quoad
2032 2777 2195 2808 vinculum
2223 2777 2412 2807 dissolvitur.
2448 2778 2489 2808 Et

1427 2830 1594 2863 propterea
1617 2830 1722 2863 potest
1745 2823 1930 2862 episcopus,
1959 2823 1998 2852 de
2025 2822 2212 2862 Apostolico
2242 2831 2411 2857 consensu,
2436 2831 2487 2852 ec-

1428 2868 1555 2898 clesiam
1579 2868 1719 2897 deserere
1743 2874 1773 2897 et
1796 2867 1981 2906 religionem
2003 2866 2132 2905 ingredi.

1484 2912 1568 2948 Quia
1591 2911 1687 2951 igitur
1710 2911 1888 2951 episcopale
1917 2911 2081 2941 vinculum
2112 2909 2354 2950 quodammodo
2384 2909 2486 2939 maius

1427 2963 1459 2986 et
1473 2956 1717 2997 quodammodo
1735 2955 1840 2986 minus
1858 2962 1904 2986 est
1918 2962 1995 2985 voto
2015 2954 2175 2993 religionis
2191 2953 2342 2994 simplici:
2367 2970 2388 2976 -
2412 2963 2485 2983 nam

1427 3001 1534 3030 minus
1550 3007 1596 3030 est
1612 3000 1719 3040 quoad
1743 3000 1814 3036 hoc,
1830 2999 1905 3040 quia
1920 2999 1999 3029 illud
2014 2999 2054 3028 ad
2076 2997 2258 3028 fidelitatem
2273 3007 2370 3037 quam
2386 2997 2486 3027 homo

1427 3045 1496 3075 Deo
1521 3045 1623 3080 debet,
1643 3044 1727 3074 istud
1752 3044 1789 3074 ad
1814 3043 1965 3074 iustitiam
1988 3043 2068 3073 inter
2082 3042 2246 3072 hominem
2270 3048 2300 3071 et
2323 3041 2486 3071 ecclesiam

1427 3095 1562 3129 spectat:
1595 3089 1699 3118 maius
1721 3098 1797 3118 vero
1821 3095 1883 3124 est,
1909 3088 1984 3128 quia
2006 3087 2084 3117 illud
2108 3086 2208 3116 solam
2232 3086 2326 3116 habet
2352 3085 2485 3125 promis-

1427 3133 1551 3163 sionem
1574 3142 1649 3162 suae
1673 3142 1842 3172 personae,
1866 3132 1951 3162 istud
1966 3141 2040 3161 vero
2057 3130 2280 3161 alienationem
2302 3129 2396 3159 habet
2411 3139 2486 3177 suae

1427 3185 1598 3217 personae:
1622 3193 1644 3199 —
1667 3176 1754 3212 ideo,
1779 3176 1923 3206 absolute
1951 3175 2130 3215 quuendo,
2155 3174 2319 3214 utriusque
2350 3173 2429 3204 ratio
2452 3173 2485 3203 in

1425 3220 1611 3251 huiusmodi
1634 3227 1711 3250 voto
1735 3227 1766 3250 et
1788 3220 1915 3250 vinculo
1940 3219 2081 3249 habenda
2105 3225 2158 3249 est.
2183 3218 2223 3248 Et
2245 3217 2298 3248 ille
2317 3217 2485 3258 episcopus

1426 3275 1492 3296 non
1516 3265 1680 3295 tenebatur
1702 3264 1785 3294 adire
1809 3264 1995 3303 religionem
2023 3263 2061 3293 de
2084 3263 2159 3292 iuris
2182 3262 2300 3301 rigore,
2325 3262 2379 3292 sed
2409 3271 2484 3301 poe-

1426 3309 1590 3340 nitentiam
1614 3318 1705 3348 agere
1733 3308 1842 3338 violati
1864 3307 1932 3338 voti
1956 3317 2062 3337 coram
2085 3307 2164 3337 Deo.
2199 3307 2324 3336 Tamen
2352 3315 2388 3336 ex
2418 3315 2485 3346 quo

1426 3353 1647 3384 rationabilem
1677 3353 1811 3382 habebat
1841 3361 1969 3382 causam
2002 3351 2128 3391 petendi
2158 3350 2318 3380 licentiam
2345 3349 2485 3386 cedendi,

1426 3398 1559 3428 debebat
1582 3397 1746 3427 consulere
1769 3396 1884 3427 Sedem
1907 3395 2143 3435 Apostolicam:
2167 3401 2203 3424 ut
2225 3394 2306 3424 fecit.
2333 3394 2374 3424 Et
2390 3394 2415 3423 si
2431 3403 2483 3424 ne-

1425 3449 1496 3482 gata
1520 3441 1631 3472 fuisset
1653 3441 1795 3477 licentia,
1820 3447 1908 3471 tutus
1938 3439 1970 3469 in
2001 3439 2184 3479 episcopatu
2215 3438 2424 3468 remansisset.
2453 3437 2485 3468 Si

1427 3493 1534 3517 autem
1551 3495 1710 3521 concessa,
1728 3491 1764 3515 ut
1787 3485 1825 3515 de
1842 3484 1924 3514 facto
1948 3483 2059 3514 accidit
2075 3483 2133 3513 sibi
2157 3481 2202 3525 (et
2225 3489 2354 3522 propter
2367 3482 2483 3521 ipsum,

309 3579 405 3609 talem
430 3588 496 3609 esse
519 3579 690 3615 novitium,
711 3585 747 3609 ut
769 3584 855 3618 patet
878 3578 982 3615 Extra,
997 3578 1038 3609 de
1051 3577 1280 3619 Regularibus,
1305 3587 1372 3617 cap.
1399 3573 1401 3603 ἱ
1427 3575 1556 3615 gionem
1579 3574 1673 3605 adire.
1699 3574 1754 3604 Est
1776 3573 1871 3613 igitur
1894 3582 1979 3602 novo
2003 3571 2093 3602 istius
2116 3570 2284 3601 Decretalis
2307 3571 2388 3605 iure,
2413 3579 2484 3599 con-

313 3623 461 3654 Consulti
484 3629 516 3653 et
537 3623 725 3654 statuimus.

1399 3641 1401 3657 3
1428 3619 1572 3655 sulendo,
1597 3625 1750 3649 statutum
1774 3624 1810 3648 ut
1833 3617 2001 3657 episcopus
2024 3616 2080 3657 qui
2102 3615 2166 3646 iam
2189 3615 2302 3646 fecerat
2320 3613 2484 3654 publicum

2519 1332 2526 1340 '
2542 1329 2612 1352 Num.
2628 1336 2654 1352 n.
