2768 4198
283 295 355 330 144

261 363 495 411 fabularum
519 365 683 411 fictores.
715 363 791 400 Sed
821 363 870 399 illi
899 362 963 411 qui
993 369 1081 397 sunt
1108 360 1228 408 magis
1258 372 1347 396 con-

276 416 390 453 iuncti
409 429 488 454 non
509 418 631 454 solent
649 416 740 454 vitia
760 417 972 464 propalare.
1003 415 1104 461 Ergo
1126 414 1173 450 ab
1196 413 1248 449 eis
1268 425 1346 449 non
1374 418 1376 462 ]
1403 425 1525 451 mines
1554 416 1736 452 honorari
1765 417 1813 454 ab
1842 417 1900 453 his
1939 417 2002 466 qui
2037 425 2198 466 possunt
2227 429 2294 454 eos
2323 416 2476 453 iuvare:

277 470 445 507 maxime
480 479 536 507 est
561 469 916 507 verecundandum.

330 536 367 570 4.
390 525 623 570 PRAETEREA,
646 523 914 570 Philosophus,
938 520 1094 566 ibidem,
1120 519 1209 556 dicit
1242 518 1377 567 quod
1376 532 1377 535 ¹

277 578 446 613 homines
475 577 644 614 maxime
671 575 975 612 verecundantur
1002 574 1051 610 ab
1070 573 1123 609 eis
1142 574 1239 609 inter
1257 583 1350 620 quos

279 631 316 667 in
353 630 455 667 nullo
491 631 725 678 defecerunt:
761 633 795 664 et
829 629 878 664 ab
911 627 963 663 eis
996 638 1020 663 a
1058 627 1191 674 quibus
1220 625 1349 673 primo

279 684 423 731 aliquid
443 683 654 731 postulant‚·
687 688 722 717 et
748 693 910 729 quorum
940 691 1041 717 nunc
1062 680 1192 728 primo
1222 678 1354 715 volunt

279 749 358 773 esse
385 736 508 772 amici.
548 734 781 771 Huiusmodi
812 742 942 771 autem
976 741 1065 770 sunt
1099 733 1227 770 minus
1262 735 1379 768 con-3

280 790 406 826 iuncti.
445 790 547 836 Ergo
583 801 661 825 non
691 787 812 836 magis
841 788 1124 824 verecundatur
1153 787 1273 823 homo
1303 785 1351 822 de

281 843 400 890 magis
430 842 652 878 coniunctis.

334 897 408 932 San
428 906 575 931 CONTRA
595 907 662 932 EST
680 895 786 942 quod
808 894 944 931 dicitur
963 894 1001 931 in
1023 895 1054 930 11
1071 893 1224 940 Rhet.*‚
1245 892 1352 943 quod

280 961 342 985 eos
356 949 422 997 qui
434 960 583 996 semper
596 949 770 994 aderunt,
786 948 957 985 homines
971 948 1097 998 magis
1117 948 1351 984 erubescunt.

333 1003 561 1039 RespoNnEo
603 1014 789 1039 DICENDUM
831 1003 958 1051 quod,
993 1013 1082 1038 cum
1120 1001 1353 1050 vituperium

280 1064 499 1104 opponatur
526 1056 678 1103 honori,
699 1056 795 1093 sicut
822 1056 949 1093 honor
976 1056 1158 1104 importat
1185 1055 1355 1091 testimo-

281 1109 386 1146 nium
415 1109 614 1158 quoddam
649 1110 696 1147 de
727 1110 948 1147 excellentia
976 1109 1150 1155 alicuius,
1182 1116 1218 1145 et
1246 1120 1356 1158 prae-

282 1163 391 1212 cipue
421 1175 520 1211 quae
542 1172 598 1201 est
616 1164 830 1201 secundum
850 1164 1050 1209 virtutem;
1081 1163 1131 1200 ita
1151 1163 1266 1199 etiam
1287 1174 1356 1211 op-

281 1217 497 1266 probrium,
528 1217 635 1254 cuius
664 1217 780 1254 timor
808 1226 865 1254 est
891 1217 1145 1263 verecundia,
1176 1216 1357 1265 importat

281 1270 544 1308 testimonium
570 1271 617 1309 de
638 1271 789 1308 defectu
809 1271 978 1317 alicuius,
1010 1279 1046 1308 et
1073 1270 1278 1319 praecipue
1299 1283 1357 1307 se-

141 1324 154 1357 β
284 1325 453 1362 cundum
485 1324 653 1373 aliquam
674 1326 839 1374 culpam.
871 1326 921 1362 Et
939 1325 1026 1361 ideo
1047 1331 1192 1375 quanto
1213 1322 1227 1353 β
1255 1324 1356 1362 testi-

283 1379 459 1415 monium
475 1378 633 1416 alicuius
650 1386 845 1428 reputatur
865 1378 1020 1416 maioris
1040 1378 1235 1428 ponderiS,
1251 1386 1357 1415 tanto

284 1434 332 1469 ab
363 1445 409 1469 eo
439 1432 575 1482 aliquis
602 1433 723 1481 magis
750 1433 1044 1470 verecundatur.
1075 1433 1206 1469 Potest
1229 1440 1359 1469 autem

139 1492 155 1518 Υ
284 1486 546 1524 testimonium
576 1486 733 1535 aliquod
762 1486 918 1524 maioris
947 1486 1129 1536 ponderis
1158 1486 1325 1535 reputari
1344 1491 1359 1513 Υ

284 1541 346 1577 vel
375 1547 531 1589 propter
559 1539 640 1577 eius
669 1540 934 1578 certitudinem
963 1540 1152 1586 veritatis;
1182 1541 1244 1576 vel
1273 1552 1361 1589 pro-

286 1602 370 1642 pter
394 1593 586 1631 effectum.
618 1594 814 1632 Certitudo
840 1602 968 1631 autem
987 1593 1153 1631 veritatis
1173 1593 1281 1630 adest
1309 1601 1361 1630 te-

286 1647 467 1685 stimonio
483 1647 640 1685 alicuius
660 1656 816 1698 propter
832 1648 922 1685 duo.
944 1647 1032 1685 Uno
1050 1647 1208 1697 quidem
1224 1647 1359 1694 modo,

38 909 49 919 ⁸
64 907 129 928 Ibid..
145 912 167 927 n.
183 907 213 928 18.

286 1709 443 1750 propter
463 1701 728 1738 rectitudinem
744 1701 888 1740 iudicii:
910 1701 1004 1738 sicut
1023 1709 1128 1750 patet
1148 1701 1195 1738 de
1212 1701 1361 1750 sapien·
1390 1701 1392 1726 ἶ

286 1755 386 1792 tibus
417 1763 452 1792 et
479 1754 680 1803 virtuosis,
710 1768 732 1792 a
761 1755 900 1805 quibus
933 1756 1052 1792 homo
1082 1762 1119 1791 et
1148 1755 1270 1803 magis
1299 1755 1363 1792 de-

288 1808 428 1846 siderat
465 1808 667 1854 honorari,
698 1816 734 1845 et
766 1808 886 1857 magis
918 1808 1213 1845 verecundatur.
1250 1808 1363 1845 Unde

288 1875 310 1900 a
338 1862 466 1911 pueris
496 1870 532 1899 et
566 1861 694 1899 bestiis
723 1863 848 1899 nullus
875 1861 1179 1922 verecundatur,
1210 1869 1365 1911 propter

289 1916 482 1954 defectum
503 1915 593 1952 recti
613 1915 742 1952 iudicii
762 1916 827 1966 qui
848 1923 903 1952 est
923 1915 961 1952 in
981 1916 1047 1952 eis.
1071 1937 1095 1944 -
1121 1915 1208 1952 Alio
1230 1915 1363 1976 modo,

289 1978 445 2020 propter
475 1969 734 2018 cognitionem
764 1981 901 2007 eorum
938 1970 985 2007 de
1015 1969 1154 2019 quibus
1183 1976 1239 2006 est
1267 1969 1367 2006 testi-

290 2023 484 2061 monium:
515 2023 605 2072 quia
635 2024 890 2084 unusquisque
917 2024 1011 2060 bene
1030 2024 1172 2061 iudicat
1190 2034 1288 2072 quae
1307 2035 1369 2060 co-

49 2116 62 2137 ¹
50 2089 170 2141 &⁰5⁰¹
185 2088 261 2110 Etnic
289 2078 486 2128 gnoscit.
454 2076 474 2099 ’¹‘
517 2078 566 2114 Et
595 2076 648 2114 sic
678 2077 798 2138 magis
818 2077 1129 2115 verecundamur
1148 2090 1171 2114 a
1192 2077 1369 2126 personis

138 2121 205 2165 f?
217 2121 262 2164 T'ii'
293 2131 518 2178 coniunctis,
547 2143 648 2180 quae
677 2131 799 2180 magis
829 2131 927 2168 facta
949 2140 1080 2168 nostra
1109 2131 1367 2169 considerant.

50 2171 54 2188 Ι
57 2149 107 2191 e'.5ct
117 2175 151 2191 ιιι.

296 2292 522 2330 cundamur.

296 2399 477 2449 ponderis
510 2407 666 2448 propter
699 2399 966 2437 iuvamentum
994 2400 1056 2436 vel
1091 2407 1371 2437 nocumentum

352 2523 377 2557 β)
397 2528 506 2557 quanto.
518 2537 537 2544 -
555 2525 664 2557 quando
683 2523 824 2557 ΑΒΡΚρΕ,
844 2523 915 2556 quod
934 2523 982 2556 pC.
1002 2527 1132 2556 quantum
1152 2524 1182 2548 L.

351 2563 377 2594 γ)
398 2560 557 2592 reputari.-
570 2559 707 2592 reportari
727 2559 765 2589 ΡΙ,
786 2559 921 2591 reperturi
940 2558 1009 2592 BpC.

935 282 1204 329 QUAESTIO
1235 279 1409 327 CXLIV,
1438 282 1737 321 ARTICULUS
1768 283 1819 320 1V

1403 361 1453 419 ab
1482 374 1528 397 eo
1557 363 1802 410 proveniens.
1833 364 1882 400 Et
1901 363 1989 401 ideo
2013 363 2134 411 magis
2163 363 2381 400 desiderant
2408 364 2476 400 ho-

1405 474 1440 503 et
1470 468 1590 515 magis
1617 470 1927 507 verecundantur
1955 471 2002 507 ab
2033 471 2086 507 eis
2122 470 2187 520 qui
2220 478 2381 520 possunt
2410 482 2478 507 no·

1406 531 1503 557 cere.
1528 522 1576 557 Et
1596 521 1683 558 inde
1705 530 1760 559 est
1780 523 1894 560 etiam
1917 524 2035 572 quod,
2057 532 2244 584 quantum
2260 524 2307 561 ad
2324 523 2478 572 aliquid,

1404 574 1525 620 magis
1553 576 1862 613 verecundamur
1890 589 1912 614 a
1940 578 2112 626 personis
2138 578 2359 625 coniunctis,
2391 589 2480 614 eum

1406 626 1544 675 quibus
1570 639 1723 676 semper
1744 637 1878 666 sumus
1904 632 2182 669 conversaturi:
2211 632 2318 680 quasi
2342 643 2386 668 ex
2406 632 2482 668 hoc

1407 679 1519 716 nobis
1548 689 1777 728 perpetuum
1808 683 2011 730 proveniat
2039 684 2322 722 detrimentum.
2362 684 2481 732 Quod

1407 740 1537 770 autem
1575 742 1754 781 provenlt
1791 747 1813 771 a
1850 748 2059 784 peregrlnls
2097 746 2134 775 et
2174 739 2481 786 transeuntibUS,

1408 786 1515 836 quasi
1545 796 1618 823 elto
1647 795 1858 836 pertranSlt.

1462 842 1521 877 Ao
1555 852 1693 878 PRIMUM
1727 853 1826 878 ERGO
1860 853 2047 879 DlCENDUM
2084 844 2191 892 quod
2223 844 2355 882 similis
2389 844 2483 882 ratio

1409 902 1466 930 est
1499 902 1655 943 propter
1683 907 1800 944 quam
1829 896 2142 933 verecundamur
2170 897 2218 934 de
2247 898 2484 947 melioribus,

1410 955 1447 984 et
1481 947 1529 984 de
1558 947 1680 996 magis
1703 946 1717 970 δ
1747 948 1968 986 coniunctis.
2008 949 2110 996 Quia
2148 950 2243 987 sicut
2280 953 2485 989 meliorum

1409 1001 1672 1038 testimonium
1699 1010 1895 1051 reputatur
1923 1002 2044 1051 magis
2064 1003 2200 1040 efficax
2228 1012 2386 1053 propter
2403 1005 2486 1043 uni-

1410 1055 1599 1092 versalem
1621 1056 1879 1103 cognitionem
1910 1068 2029 1105 quam
2059 1057 2202 1094 habent
2231 1057 2279 1095 de
2300 1059 2426 1106 rebus,
2449 1066 2487 1096 et

1411 1109 1690 1146 immutabilem
1714 1110 1940 1147 sententiam
1961 1122 1983 1146 a
2002 1110 2182 1158 veritate3
2212 1111 2263 1148 ita
2292 1111 2406 1149 etiam
2435 1112 2487 1149 fa-

1413 1162 1618 1199 miliarium
1639 1175 1891 1212 personarum
1911 1163 2175 1202 testimonium
2195 1164 2348 1202 videtur
2368 1165 2489 1214 magis

1413 1216 1548 1253 efficax
1577 1224 1734 1266 propter
1762 1218 1836 1254 hoc
1870 1217 1959 1266 quia
1988 1218 2109 1266 magis
2139 1226 2377 1267 cognoscunt
2404 1231 2491 1268 par-

1412 1270 1581 1307 ticularia
1610 1283 1710 1319 quae
1739 1271 1838 1308 circa
1867 1283 1939 1308 nos
1968 1279 2066 1308 sunt.

1467 1325 1527 1361 An
1556 1336 1749 1362 SECUNDUM
1782 1336 1969 1363 mCENDUM
2006 1325 2112 1374 quod
2141 1325 2405 1363 testimonium
2427 1338 2492 1364 eo-

1415 1390 1500 1415 rum
1537 1378 1602 1438 qui
1641 1386 1728 1415 sunt
1766 1378 1877 1415 nobis
1913 1378 2104 1416 coniuncti
2140 1379 2180 1417 in
2212 1379 2458 1418 similitudine
2477 1384 2491 1401 ⁸

1415 1431 1583 1481 peccati,
1615 1444 1693 1469 non
1729 1431 2046 1479 reformidamus,
2077 1433 2166 1482 quia
2200 1445 2279 1470 non
2315 1434 2491 1472 aestima-

1416 1498 1503 1523 mus
1522 1486 1630 1534 quod
1650 1485 1841 1522 defectum
1862 1494 2035 1524 nostrum
2057 1486 2349 1558 apprehendant
2366 1495 2408 1525 ut
2428 1487 2492 1525 ali-

1417 1539 1510 1588 quid
1538 1547 1661 1589 turpe.

1471 1595 1530 1630 An
1565 1604 1727 1630 Teanum
1767 1604 1954 1631 DICENDUM
1996 1594 2102 1642 quod
2145 1606 2167 1631 a
2204 1594 2495 1644 propalantibus

1417 1647 1727 1684 verecundamur
1755 1654 1912 1696 propter
1931 1654 2208 1685 nocumentum
2236 1647 2326 1685 inde
2355 1661 2496 1698 prove-

1419 1701 1541 1748 niens,
1572 1701 1677 1750 quod
1707 1708 1762 1737 est
1791 1700 2004 1737 diffamatio
2034 1701 2139 1750 apud
2169 1702 2323 1739 multos.

1472 1757 1532 1791 AD
1552 1765 1728 1797 QUARTUM
1748 1766 1935 1792 ιιιεΕΝιιυΜ
1962 1754 2068 1803 quod
2092 1754 2206 1792 etiam
2232 1756 2281 1792 ab
2302 1755 2372 1792 illis
2402 1755 2498 1794 inter

1421 1820 1519 1857 quos
1557 1807 1648 1844 nihil
1685 1808 1775 1845 mali
1810 1807 1992 1854 fecimus,
2022 1808 2145 1857 magis
2173 1809 2497 1858 verecundamur,

1421 1868 1578 1911 propter
1606 1869 1885 1898 nocumentum
1914 1873 2097 1911 sequens:
2137 1862 2226 1911 quia
2261 1862 2402 1901 seilicet
2429 1875 2500 1914 per

1420 1916 1496 1952 hoc
1520 1914 1731 1952 amittimus
1752 1914 1896 1952 bonam
1916 1914 2141 1963 opinionem
2171 1927 2288 1965 quarn
2319 1916 2367 1954 de
2387 1917 2500 1955 nobis

1422 1969 1627 2006 habebant.
1659 1969 1707 2005 Et
1736 1968 1849 2005 etiarn
1880 1968 1970 2017 quia
1995 1968 2198 2017 contraria,
2228 1969 2330 2007 iuxta
2359 1983 2400 2007 se
2428 1982 2499 2020 po-

1422 2023 1510 2070 sita,
1540 2022 1689 2060 maiora
1716 2021 1911 2060 videntur:
1948 2022 2051 2060 unde
2086 2033 2176 2060 cum
2209 2022 2344 2073 aliquis
2373 2023 2500 2062 subito

1424 2077 1471 2114 de
1496 2076 1624 2126 aliquo
1654 2088 1770 2126 quem
1791 2076 1940 2113 bonum
1961 2075 2189 2125 aestimavit,
2219 2075 2362 2126 aliquid
2390 2085 2502 2128 turpe

1396 2172 1397 2177 ¹
1422 2130 1603 2180 percipit,
1634 2129 1887 2179 apprehendit
1922 2130 1997 2167 hoc
2030 2137 2072 2168 ut
2099 2130 2256 2180 turpius.
2287 2151 2312 2159 -
2340 2132 2402 2169 Ab
2430 2130 2502 2170 illis

292 2187 327 2222 A
356 2184 564 2234 peregrinis
593 2192 722 2222 autem
753 2192 790 2222 et
817 2185 978 2222 omnino
1007 2185 1162 2233 ignotis,
1193 2185 1242 2223 ad
1272 2197 1370 2234 quos
1397 2190 1398 2195 ’

293 2239 390 2276 facta
420 2246 550 2275 nostra
584 2251 663 2275 non
697 2238 947 2287 perveniunt,
978 2239 1081 2276 nullo
1111 2239 1232 2276 modo
1261 2251 1371 2276 vere·
1398 2241 1399 2266 ἶ
1425 2250 1591 2287 quorum
1620 2249 1721 2274 nunc
1751 2237 1876 2286 primo
1905 2238 2089 2275 volumus
2119 2250 2203 2276 esse
2233 2238 2358 2287 amici,
2380 2239 2502 2288 magis

1398 2306 1399 2310 ¹
1425 2291 1748 2337 verecundamur,
1771 2298 1928 2340 propter
1951 2299 2231 2329 nocumentum
2255 2293 2345 2330 inde
2365 2305 2505 2342 prove-

349 2347 407 2383 Ex
424 2345 562 2382 effectu
578 2353 706 2383 autem
725 2353 780 2382 est
794 2346 950 2394 aliquod
966 2345 1228 2383 testimonium
1242 2346 1372 2394 magni
1399 2347 1400 2384 ζ
1426 2345 1557 2393 niens,
1586 2344 1693 2393 quod
1723 2352 1778 2381 est
1806 2344 2128 2394 impedimentum
2158 2345 2379 2395 implendae
2409 2346 2504 2396 peti—

1399 2416 1401 2436 :
1426 2399 1539 2436 tionis
1569 2406 1604 2435 et
1633 2397 1821 2435 amicitiae
1851 2399 2192 2436 consummandae.

1424 2192 1555 2222 autern
1584 2196 1607 2221 a
1626 2184 1766 2232 quibus
1795 2183 1938 2233 aliquid
1967 2183 2015 2222 de
2035 2196 2142 2222 novo
2166 2185 2419 2234 postulamus,
2439 2185 2503 2224 vel

1484 2522 1510 2555 ὃ)
1529 2523 1563 2548 de
1582 2522 1678 2556 magis.
1691 2535 1711 2541 -
1728 2522 1762 2547 de
1781 2522 1859 2546 malis
1878 2521 2040 2554 BEFpACK.
2061 2521 2148 2554 magis
2168 2521 2241 2546 PGa.

1485 2559 1508 2591 ε)
1528 2558 1713 2584 similitudine.
1725 2570 1745 2576 -
1762 2557 1966 2582 similitudinem
1985 2557 2088 2582 codices
2108 2562 2134 2582 et
2151 2564 2178 2582 a.

1092 2678 1414 2748 ARTICULUS
1443 2704 1720 2757 QUARTUS

649 2800 805 2831 UTRUM
830 2800 967 2831 ETIAM
992 2800 1034 2830 IN
1059 2798 1553 2832 VIRTUOSIYHOMINIBUS
1577 2799 1726 2831 POSSIT
1750 2799 1850 2831 ESSE
1875 2799 2159 2831 VERECUNDIA

1111 2880 1142 2905 In
1161 2880 1261 2906 Psalm.
1281 2879 1375 2911 XL111;
1395 2879 1429 2904 1v
1450 2880 1545 2911 ahie„
1565 2880 1625 2905 lect.
1643 2886 1705 2904 xvu.

325 3086 445 3117 ,πη
456 3054 488 3109 f
518 3068 765 3106 verecundia.
795 3068 1087 3106 Contrariorum
1108 3069 1211 3106 enim
1233 3076 1380 3106 contra—

326 3117 338 3127 ”
364 3099 508 3156 (affixis
520 3122 564 3160 rii
592 3130 681 3160 sunt
709 3122 878 3160 effectus.
918 3122 996 3159 Sed
1025 3122 1075 3159 illi
1107 3122 1173 3171 qui
1203 3130 1291 3160 sunt
1319 3135 1380 3160 su-

307 3175 607 3225 perabundantis
644 3176 808 3214 malitiae
842 3188 921 3214 non
954 3177 1284 3214 verecundantur:
1324 3189 1381 3214 se-

309 3229 479 3266 cundum
516 3230 608 3268 illud
647 3231 782 3268 Ierem.
807 3243 843 3268 111
867 3229 908 3267 *ε
947 3230 1095 3279 Species
1120 3235 1137 3252 ‘²
1175 3230 1382 3268 meretricis

298 3284 410 3331 facta
443 3288 495 3320 est
529 3284 614 3321 tibi:
653 3283 800 3321 nescisti
831 3284 1062 3321 erubescere.
1100 3284 1203 3332 Ergo
1232 3283 1282 3321 illi
1317 3284 1380 3333 qui

311 3345 397 3373 sunt
424 3336 584 3374 virtuosi
612 3337 734 3386 magis
761 3338 1084 3375 verecundantur.

366 3401 399 3426 2.
431 3391 665 3438 PRAETEREA,
695 3391 954 3441 Philosophus
983 3390 1084 3438 dicit,
1112 3390 1150 3428 in
1172 3392 1204 3428 11
1224 3390 1381 3437 Rhet.*,

67 3242 75 3251 ⁴
92 3240 157 3262 Vere.
172 3245 191 3268 3.

166 3275 182 3292 α

71 3401 79 3408 ·
94 3398 149 3426 Cap.
165 3403 196 3424 vt,
214 3403 235 3419 n.
252 3402 281 3418 αι,

392 2982 396 2991 =
425 2992 477 3008 ,χ
488 2986 492 2996 s
518 2973 540 2999 n
561 2973 736 3004 QUARTUM
755 2973 809 2998 sm
830 2972 1072 2999 artocem-run.
1092 2961 1254 2999 Videtur
1273 2962 1379 3011 quod
1406 2961 1409 2999 l
1434 2961 1541 3022 quod
1573 2961 1744 2998 homines
1781 2972 1856 2998 non
1889 2960 2012 2997 solum
2047 2961 2272 2997 erubescunt
2302 2959 2415 3006 vitia,
2444 2961 2511 2998 sed

373 2994 634 3052 ‘QZ-fxetiam
655 3015 693 3052 in
712 3014 892 3052 virtuosis
912 3014 1136 3052 hominibus
1156 3015 1277 3075 possit
1296 3027 1380 3052 esse
1407 3016 1408 3046 l
1434 3015 1547 3052 etiam
1575 3015 1688 3065 signa
1717 3014 1907 3051 vitiorum.
1948 3014 2062 3061 Quae
2089 3013 2247 3063 quidem
2284 3013 2466 3073 contingit
2494 3011 2510 3043 β

1435 3068 1550 3106 etiam
1581 3079 1664 3105 esse
1692 3067 1730 3105 in
1758 3067 1948 3105 virtuosis.
1978 3067 2081 3115 Ergo
2110 3066 2150 3104 in
2177 3066 2357 3104 virtuosis
2384 3074 2511 3116 potest

1436 3134 1520 3159 esse
1547 3121 1794 3159 verecundia.

1492 3176 1527 3213 3.
1557 3176 1801 3222 Puerum,
1831 3172 2065 3212 verecundia
2096 3179 2154 3210 est
2186 3173 2300 3210 timor
2327 3173 2510 3224 ingloria-

1435 3229 1546 3267 tionis
1563 3229 1595 3266 *.
1626 3228 1705 3266 Sed
1733 3227 1916 3276 contingit
1944 3226 2094 3276 aliquos
2111 3226 2306 3264 virtuosos
2333 3226 2548 3276 inglorio-·

1436 3295 1499 3320 sos
1533 3295 1636 3320 esse:
1674 3289 1767 3331 puta
1794 3281 1826 3319 si
1853 3281 1949 3319 falso
1977 3279 2210 3318 infamantur
2238 3285 2270 3328 Υ,
2301 3281 2364 3318 vel
2393 3280 2508 3319 etiam

1436 3336 1590 3385 indigne
1633 3334 1840 3385 opprobria
1881 3333 2082 3383 patiantur.
2131 3334 2234 3383 Ergo
2276 3334 2511 3372 verecundia

1437 3397 1563 3439 potest
1590 3401 1674 3426 esse
1703 3388 1741 3425 in
1769 3387 1928 3425 homine
1956 3387 2142 3425 virtuoso.

366 3523 393 3554 α)
415 3522 560 3555 Speciem·
579 3523 665 3548 mons
685 3523 769 3548 DGsA
790 3529 815 3548 et
833 3530 859 3551 α.
880 3524 967 3548 Horis
986 3524 1106 3549 muueris
1125 3523 1191 3553 Pac.
1203 3529 1271 3557 spat.
1284 3530 1341 3548 vac.
1353 3523 1383 3548 F.
1541 3521 1547 3528 ⁶

368 3558 393 3591 β)
413 3565 480 3591 quae
502 3558 608 3591 quidem
635 3559 775 3591 contingit.
794 3572 811 3577 -
835 3559 906 3591 quod
934 3559 1039 3591 quidem
1067 3559 1201 3593 contingit
1223 3558 1383 3590 CDEHIKL,

312 3594 505 3655 giguessqluidem
524 3594 684 3627 contingunt
703 3594 736 3624 Ρ;
755 3594 836 3619 etiam
856 3601 911 3619 esse
929 3602 981 3619 om.
1007 3595 1042 3625 C;
1068 3602 1124 3620 esse
1141 3603 1197 3620 om.
1218 3593 1335 3626 DEH1L;
1356 3593 1382 3618 in

1490 3521 1517 3555 γ)
1538 3521 1716 3555 infamantur.
1726 3534 1746 3540 -
1758 3521 1950 3554 consumantur
1962 3520 2101 3553 ABFpCK.
2115 3521 2312 3554 confirmantur
2324 3520 2354 3551 E.
2368 3520 2512 3555 diffaman-

1438 3561 1484 3583 tur
1503 3557 1589 3582 DGsK
1609 3561 1634 3582 et
1652 3564 1677 3587 a,
1699 3556 1873 3590 diffamentur
1893 3557 1920 3581 Ρ.

2561 3236 2659 3260 Ari-tot.
2676 3235 2752 3259 M.

2537 3263 2602 3313 ’.ι’
2625 3269 2752 3313 :aaz

2538 3317 2590 3340 leet.
2604 3323 2661 3340 xvu.

2636 3353 2654 3380 t
