2768 4198
66 728 75 737 ”
90 726 162 748 Num.
178 732 205 748 ιι.

60 1258 69 1266 ·
84 1256 143 1278 Ibid.

59 1358 68 1367 ⁸
91 1357 127 1378 De
154 1356 202 1378 Cin.
226 1356 274 1377 Dei

58 1383 98 1405 lib.
105 1383 269 1411 X1X‚eap.xix.

58 1411 67 1420 ⁸
73 1410 130 1438 Reg.
138 1410 203 1431 Part.
213 1413 269 1438 part.

57 1437 86 1463 11,
106 1443 156 1464 cap.
174 1443 190 1458 ι.

308 258 385 293 442

309 326 452 361 alterum,
470 325 685 365 comparando
703 324 828 354 easdem
843 323 875 352 in
893 322 1016 358 merito,
1035 328 1065 351 et
1081 321 1130 351 hic
1148 328 1194 350 est
1210 321 1378 356 secundus,

309 370 384 410 quia
408 369 597 400 accidentale
631 376 676 399 est
704 375 777 409 post
801 366 1014 397 substantiale.
1045 366 1084 395 Et
1111 372 1217 395 tamen
1251 365 1284 394 in
1307 365 1378 404 ipso

308 415 448 445 secundo
473 413 605 444 articulo
638 413 751 453 probat
775 414 895 441 Auctor
919 410 1007 450 quod
1038 409 1101 439 vita
1132 408 1379 448 contemplativa

309 459 486 489 secundum
509 467 541 487 se
566 464 611 487 est
627 456 755 486 maioris
779 454 882 485 meriti
903 464 1002 494 quam
1021 453 1085 483 vita
1109 453 1219 489 activa,
1237 453 1313 492 quia
1333 452 1379 482 di-

307 503 401 543 ligere
426 503 531 532 Deum
555 508 602 531 est
624 499 751 530 maioris
774 498 877 528 meriti
901 508 999 538 quam
1024 497 1152 537 diligere
1183 497 1377 538 proximum,

306 548 371 578 vita
394 554 502 577 autem
533 543 776 583 contemplativa
809 543 925 572 directe
954 542 1119 572 ordinatur
1148 543 1187 572 ad
1218 541 1377 572 caritatem

307 591 431 621 divinae
455 589 602 627 veritatis,
627 588 728 618 activa
743 597 818 616 vero
843 587 882 616 ad
907 586 1068 617 caritatem
1085 586 1238 626 proximi:
1264 596 1378 627 quam—
1404 585 1406 618 ἑ

306 636 351 665 vis
379 645 415 665 ex
445 641 532 674 parte
561 631 698 672 agentis,
723 631 851 661 maioris
885 631 1080 671 quandoque
1112 630 1215 661 meriti
1246 630 1286 661 sit
1315 630 1377 661 vita

306 679 404 710 activa
429 688 526 718 quam
551 675 805 716 contemplativa.

358 724 395 755 V.
410 723 459 752 Ad
475 721 647 752 secundam
661 720 678 738 *
690 730 764 750 vero
783 719 895 750 dicitur
912 719 1000 759 quod
1014 719 1132 755 maior,
1148 719 1274 754 scilicet,
1289 719 1378 750 Illud

305 773 351 798 est
372 767 560 806 simpliciter
583 765 697 795 melius
719 764 804 804 quod
827 769 874 794 est
899 764 1014 794 melius
1037 763 1114 793 bene
1137 763 1308 804 dispositis,
1331 770 1378 794 est
1403 795 1405 811 ⁴

304 822 374 841 vera
398 811 436 840 de
465 811 544 840 bene
575 808 735 848 dispositis
769 808 946 838 secundum
978 807 1176 838 conditiones
1207 808 1376 845 naturales,
1403 815 1405 841 ῑ

303 865 385 896 quae
409 855 447 884 ad
471 853 609 894 speciem
630 853 771 892 corporis
787 853 837 883 vel
860 852 985 883 animae
1005 859 1149 892 spectant
1172 852 1374 892 simpliciter:

302 910 367 929 non
392 906 499 929 autem
525 898 562 928 de
586 898 666 928 bene
683 897 844 937 dispositis
869 897 908 927 ad
931 897 993 927 hoc
1009 897 1059 927 vel
1083 897 1163 927 illud
1178 896 1374 936 particulare.
1403 926 1404 936 ,

301 944 341 974 Et
364 943 407 973 sic
431 953 466 973 ea
491 942 590 973 utitur
606 941 832 982 Philosophus
858 944 1004 981 Arguens
1019 948 1126 972 autern
1143 941 1282 982 applicat
1306 951 1376 971 earn
1403 937 1404 963 l

301 988 339 1018 ad
364 988 444 1017 bene
468 986 639 1027 dispositos
671 987 710 1016 ad
735 986 855 1027 aliquid
879 985 1088 1026 particulare,
1112 993 1190 1026 puta
1214 986 1254 1015 ad
1278 986 1375 1016 susci—

300 1032 454 1072 piendum
478 1031 617 1071 regimen
638 1031 817 1061 animarum
842 1031 874 1061 in
899 1041 972 1061 casu
998 1030 1181 1066 coactionis,
1199 1037 1256 1061 etc.
1283 1031 1376 1061 Unde
1402 1057 1404 1062 .

300 1076 468 1117 proposito
485 1077 591 1107 dicens
615 1076 705 1116 quod
720 1077 836 1106 melius
859 1075 980 1106 homini
1002 1074 1154 1116 disposito
1169 1075 1212 1106 ad
1228 1076 1374 1116 regimen

299 1122 483 1151 animarum
509 1126 539 1151 et
562 1126 689 1158 coacto,
715 1126 762 1151 est
790 1120 905 1151 melius
934 1121 1143 1160 simpliciter,
1167 1119 1310 1160 implicat
1342 1120 1375 1150 in
1402 1139 1403 1158 ;

299 1165 439 1196 adiecto:
466 1165 621 1206 quoniam
638 1165 772 1195 assumit
795 1165 975 1195 subiectum
995 1165 1172 1195 secundum
1197 1164 1275 1205 quid
1299 1174 1375 1195 con-

300 1210 502 1246 ditionatum,
528 1218 557 1241 et
581 1209 798 1250 praedicatum
822 1209 915 1250 ponit
939 1209 1133 1250 simpliciter.

354 1254 407 1285 VI.
425 1255 475 1285 Ad
490 1255 617 1285 tertiam
634 1252 650 1269 *
666 1254 780 1285 dicitur
801 1254 890 1295 quod
907 1254 1012 1284 minor
1029 1253 1207 1294 propositio
1224 1260 1271 1284 est
1287 1253 1373 1284 falsa.
1402 1259 1403 1291 ff

299 1299 464 1336 Quoniam
489 1299 583 1330 statui
608 1299 826 1339 praelatorum
843 1309 909 1329 non
933 1305 1008 1329 sunt
1031 1298 1160 1339 propria
1181 1308 1278 1338 opera
1293 1298 1375 1329 vitae

299 1343 432 1374 activae:
458 1344 512 1374 sed
533 1344 627 1375 statui
644 1354 757 1374 eorum
772 1343 967 1374 conveniunt
984 1350 1015 1373 et
1032 1353 1130 1383 opera
1144 1343 1226 1373 vitae
1246 1342 1374 1379 activae,

299 1395 329 1418 et
353 1398 451 1429 opera
473 1388 556 1419 vitae
581 1388 858 1429 contemplativae,
882 1395 917 1418 ut
940 1387 1142 1428 Augustinus
1165 1387 1183 1407 *
1206 1394 1237 1418 et
1252 1387 1375 1427 Grego-
1401 1407 1402 1410 =

298 1433 362 1463 rius
377 1433 395 1452 '¹‘
415 1443 558 1473 expresse
582 1433 701 1464 dicunt.
726 1433 766 1463 Et
790 1439 967 1473 propterea,
993 1432 1073 1464 sicut
1097 1439 1195 1463 status
1217 1432 1373 1472 praelato-

943 242 1211 290 QUAESTIO
1243 241 1475 289 CLXXXII,
1503 243 1803 280 ARTICULUS
1834 244 1866 280 11

1434 330 1507 350 rum
1531 331 1635 362 neque
1659 322 1778 353 activus
1795 333 1900 364 neque
1924 323 2191 364 contemplativus
2215 331 2271 360 est,
2289 325 2343 355 sed
2359 335 2396 356 ex
2421 332 2507 357 utro-

1434 375 1497 404 que
1513 365 1630 396 mixtus
1648 365 1708 408 (est
1732 367 1814 397 enim
1833 369 1963 398 tertium
1982 369 2108 399 vivendi
2121 378 2238 410 genus,
2257 375 2292 400 ut
2307 370 2508 410 Augustinus

1405 411 1408 455 i
1435 409 1509 439 dicit
1524 407 1570 452 *);
1594 409 1638 440 ita
1654 411 1767 450 procul
1784 411 1883 442 dubio
1908 423 1991 452 opus
2009 412 2154 449 mixtum,
2172 412 2261 454 quod
2278 420 2324 444 est
2340 414 2507 455 proprium
2536 418 2687 467 {1:2⁰2}an
2689 419 2752 474 9⁰5⁶

2570 459 2577 467 .
2644 462 2650 471 ,
2706 462 2711 467 .
2743 463 2749 474 ‚

1405 458 1407 509 ἰ
1433 453 1590 493 praelatiS,
1615 454 1732 485 scilicet
1748 456 1957 496 contemplari
1982 464 2012 487 et
2035 467 2136 497 agere,
2154 457 2324 498 perfectius
2340 465 2387 489 est
2410 469 2507 500 quam

1405 524 1406 537 ἶ
1433 507 1516 537 opus
1546 499 1832 538 contemplativum
1860 507 1892 531 et
1921 511 2020 541 quam
2055 511 2138 542 opus
2170 501 2320 533 activum.
2354 503 2448 534 Unde
2479 511 2508 534 et

1405 555 1406 584 ᾗ
1432 542 1594 572 Dominus
1627 553 1695 573 non
1725 543 1803 574 dixit
1826 544 1865 575 de
1888 545 1988 575 Maria
2019 547 2108 586 quod
2138 548 2292 586 optimum
2317 546 2375 577 sibi
2405 548 2507 588 elegit,

1404 621 1406 648 l

1404 705 1405 719 χ
1432 675 1546 706 melius
1571 682 1617 705 est
1640 675 1747 716 ipsum
1771 683 1894 714 totum,
1919 679 2008 718 quod
2032 679 2199 719 proprium
2231 687 2277 711 est
2301 681 2396 711 statui
2421 692 2509 721 prae-

1404 721 1405 741 ῑ
1431 720 1581 750 latorum.
1607 720 1700 750 Unde
1723 720 1786 751 hoc
1809 722 1905 760 gratis
1930 723 2173 754 concedendum
2197 731 2252 755 est.

1487 764 1554 794 vn.
1580 764 1621 794 Et
1644 764 1721 795 haec
1747 764 1904 796 sufficiant
1928 766 2023 797 etiam
2046 768 2155 808 quoad
2178 769 2357 799 secundum
2385 776 2415 800 et
2438 769 2507 800 reli—

1432 818 1515 849 quos
1539 808 1635 839 huius
1659 809 1855 850 quaestionis
1879 810 2039 841 articulos.
2071 812 2192 843 Notent
2214 819 2322 844 tamen
2348 814 2404 854 qui
2428 814 2508 844 alios

1431 852 1464 882 in
1483 852 1534 883 via
1550 853 1609 883 Dei
1633 853 1796 885 instruunt
1811 855 1851 884 ad
1868 855 2049 895 profectum
2073 856 2280 897 spiritualem,
2297 864 2328 888 et
2343 858 2509 898 diligenter

1432 896 1568 928 efficiant
1593 904 1628 928 ut
1657 898 1745 938 prius
1769 898 1802 929 in
1826 898 1890 930 vita
1914 899 2015 930 activa
2030 900 2165 931 exerceri
2188 900 2305 933 faciant
2324 910 2407 943 quos
2431 903 2507 934 edo-

1432 948 1503 972 cent
1535 951 1590 972 seu
1622 941 1800 980 instruunt,
1829 953 1928 984 quarn
1961 943 2002 974 ad
2035 945 2314 985 contemplationis
2345 945 2507 987 fastigium

1431 986 1594 1017 suadeant.
1619 986 1758 1027 Oportet
1780 987 1939 1029 siquidem
1963 989 2051 1029 prius
2075 989 2239 1029 passiones
2263 990 2396 1021 domare
2420 991 2507 1022 habi-

1430 1031 1514 1061 tibus
1538 1032 1810 1069 mansuetudinis,
1836 1033 2021 1073 patientiae,
2046 1041 2122 1070 etc.,
2147 1034 2357 1071 liberalitatis,
2382 1034 2508 1066 humili-

1430 1075 1512 1112 tatis,
1530 1082 1600 1112 etc„
1625 1083 1656 1107 et
1675 1077 1792 1113 sedare,
1813 1087 1912 1118 quam
1928 1078 1968 1108 ad
1988 1078 2272 1118 contemplativam
2286 1079 2384 1110 vitam
2401 1089 2508 1111 ascen-

1431 1120 1513 1151 dere.
1538 1120 1580 1151 Et
1603 1121 1646 1151 ob
1670 1121 1830 1152 defectum
1855 1122 1961 1159 huius,
1986 1122 2094 1159 multi,
2120 1133 2187 1154 non
2210 1124 2427 1161 ambulantes,
2452 1126 2507 1155 sed

1430 1164 1577 1195 saltantes
1601 1165 1634 1195 in
1654 1165 1704 1196 via
1719 1166 1789 1202 Dei,
1809 1173 1983 1208 postquam
1998 1167 2140 1198 multum
2157 1168 2311 1208 temporis
2334 1168 2416 1199 vitae
2431 1178 2507 1201 suae

1431 1209 1696 1250 contemplationi
1721 1210 1885 1248 dederunt,
1911 1211 2003 1242 vacui
2025 1211 2195 1243 virtutibus
2218 1212 2433 1250 inveniuntur,
2451 1213 2507 1244 im-

1430 1253 1593 1294 patientes,
1620 1254 1774 1292 iracundi,
1800 1255 1938 1295 superbi,
1955 1255 2031 1286 siin
2046 1256 2234 1287 huiusmodi
2257 1263 2441 1297 tanguntur.
2466 1258 2507 1290 Et

1401 1294 1403 1326 i
1430 1305 1598 1339 propterea
1621 1299 1698 1329 tales
1726 1309 1784 1330 nec
1815 1300 1951 1331 activam
1984 1311 2041 1331 nec
2069 1301 2351 1342 contemplativam
2381 1311 2439 1334 nec
2469 1312 2507 1334 ex

1431 1350 1569 1383 utroque
1593 1344 1807 1384 compositam
1830 1344 2025 1382 habuerunt,
2048 1346 2104 1376 sed
2126 1355 2225 1386 super
2247 1356 2381 1378 arenam
2395 1346 2506 1387 sabri—

1431 1393 1549 1418 carunt
1561 1388 1588 1419 *.
1614 1389 1655 1419 Et
1677 1388 1802 1419 utinam
1826 1399 1893 1420 non
1917 1389 1958 1420 sit
1981 1389 2130 1431 frequens
2154 1390 2295 1422 defectus
2318 1391 2386 1422 iste.

1244 1521 1419 1528 ΜᾺᾹΝ
1428 1520 1505 1527 *new-c

1070 1594 1392 1637 ARTICULUS
1424 1594 1726 1637 SECUNDUS

649 1689 806 1719 UTRUM
830 1688 935 1719 VITA
961 1687 1126 1719 ACTIVA
1150 1687 1217 1718 srr
1241 1687 1420 1718 MA1oms
1444 1677 1596 1718 MERITI
1621 1687 1748 1725 QUAM
1773 1688 2151 1722 CONTEMPLATIVA

495 1773 526 1797 111
548 1773 630 1802 Sent„
652 1772 710 1798 dist.
730 1780 785 1802 xxx,
806 1777 852 1797 art.
866 1767 897 1803 ⁸4,
918 1771 949 1795 ad
970 1778 999 1801 23
1021 1771 1079 1796 dist.
1100 1778 1174 1801 xxxV,
1194 1778 1239 1803 qu.
1258 1778 1276 1800 1,
1296 1775 1343 1796 art.
1362 1778 1387 1802 4,

1407 1769 1458 1804 qu·
1479 1778 1510 1802 ²3
1532 1771 1629 1802 Quodl.
1650 1772 1667 1803 Ι,
1688 1779 1732 1805 qu.
1751 1779 1795 1803 vn,
1817 1777 1864 1797 art.
1885 1779 1915 1802 2;
1937 1772 1977 1803 111,
1997 1781 2042 1805 qu.
2062 1781 2096 1803 νι,
2116 1779 2162 1799 art.
2184 1774 2208 1804 3,
2228 1775 2260 1799 ad
2279 1773 2303 1800 ὁ.

1433 587 1487 616 sed
1511 587 1600 627 quod
1631 587 1725 626 elegit
1748 587 1807 618 sibi
1830 590 1982 629 optimam
2007 596 2136 630 partem
2151 592 2177 622 *.
2208 590 2323 622 Melior
2345 598 2392 622 est
2422 593 2507 623 enim
2535 597 2749 625 ‘Luc-unnen-

1404 649 1406 678 1'
1432 641 1503 671 pars
1529 631 1777 671 contemplativa
1792 642 1891 672 quam
1906 643 1978 673 pars
1998 634 2112 665 activa:
2138 642 2273 676 utraque
2297 642 2404 667 tamen
2420 643 2508 677 parte
2566 639 2572 645 '

2532 1398 2543 1409 ⁸
2558 1397 2638 1420 umti.
2646 1403 2697 1426 enp-
2705 1404 2747 1425 vn,

2532 1430 2591 1447 ven.
2606 1424 2644 1447 26.

348 1900 357 1908 .
381 1877 390 1890 ι
415 1893 430 1908 Ὺ,
446 1883 464 1911 3-
510 1869 532 1894 D
549 1868 741 1894 SECUNDUM
756 1867 809 1893 sle
825 1867 1070 1892 paocamrua.
1091 1854 1253 1892 Videtur
1267 1854 1374 1902 quod
1398 1878 1400 1898 ³
1426 1855 1571 1892 Moral.
1592 1854 1632 1891 *z
1663 1856 1818 1905 Magna
1845 1862 1932 1893 sunt
1959 1857 2106 1894 activae
2132 1857 2232 1894 vitae
2258 1858 2412 1895 merita:
2438 1859 2506 1896 sed
2530 1864 2632 1916 'HQ
2650 1872 2745 1917 52¹3.

363 1909 371 1917 ‘
509 1910 588 1947 vita
609 1910 733 1947 activa
754 1909 799 1946 sit
819 1909 974 1946 maioris
993 1907 1118 1946 meriti
1142 1921 1260 1956 quam
1283 1920 1372 1945 con·
1426 1909 1740 1957 contemplativae
1762 1910 1927 1958 potiora.
2529 1908 2613 1942 κέναι·
2640 1909 2646 1921 ’

327 1965 434 2012 ,⁵5⁷4
455 1963 744 2013 (templativa.
785 1963 969 2000 Meritum
1008 1962 1111 1999 enim
1145 1962 1282 1999 dicitur
1317 1974 1374 1999 re-
1482 1963 1711 1999 RESPONDEO
1746 1974 1933 2000 mCENDUM
1963 1964 2070 2013 quod
2108 1963 2214 2001 radix
2242 1965 2418 2003 merendi
2448 1973 2505 2003 est

351 1993 450 2054 ἑῖἶ39)
464 2010 498 2054 N
511 2026 643 2067 spectu
663 2016 863 2054 mercedis.
889 2017 1040 2053 Merces
1060 2023 1191 2053 autern
1211 2016 1374 2054 debetur
1398 2026 1399 2040 ¹
1427 2015 1561 2053 caritas
1579 2015 1610 2062 *,
1632 2016 1729 2053 sicut
1757 2028 1872 2066 supra
1891 2016 1932 2039 ²¹¹*
1959 2017 2132 2054 habitum
2152 2025 2219 2054 est.
2250 2018 2351 2055 Cum
2371 2026 2502 2057 autem
2530 2022 2731 2079 ζῦῥξθιω

57 2076 66 2085 ·
80 2075 147 2097 Vers·
162 2075 183 2097 8·
296 2071 438 2108 labori:
469 2071 684 2109 secundum
705 2071 795 2108 illud
816 2071 830 2106 Ι
851 2070 903 2106 ad
927 2070 1013 2107 Cor.
1037 2081 1071 2106 111
1091 2069 1131 2106 *ε
1167 2069 1372 2118 Unusquis-
1427 2069 1562 2106 caritas
1582 2070 1764 2107 consistat
1783 2070 1821 2107 in
1841 2070 2043 2108 dilectione
2063 2071 2136 2108 Dei
2157 2078 2193 2108 et
2213 2071 2391 2121 proximi,
2409 2072 2503 2110 sicut
2529 2079 2572 2099 *η-
2616 2067 2628 2105 ’ῑ
2641 2075 2671 2131 ξ·
2688 2067 2744 2106 ““ἶ

295 2137 367 2174 que
389 2126 590 2174 propriam
619 2124 829 2162 mercedem
849 2123 1007 2172 accipiet
1027 2123 1232 2160 secundum
1260 2135 1371 2160 suum
1426 2135 1541 2172 supra
1561 2122 1582 2145 '¹‘
1609 2123 1784 2161 habitum
1814 2131 1881 2171 est,
1904 2123 2057 2172 diligere
2079 2125 2207 2162 Deum
2228 2125 2442 2163 secundum
2461 2137 2503 2164 se

297 2179 478 2216 laborem.
509 2179 586 2216 Sed
605 2178 707 2215 vitae
727 2177 874 2215 activae
904 2176 1118 2214 attribuitur
1140 2177 1260 2224 labor,
1282 2189 1373 2214 con·
1426 2185 1483 2214 est
1510 2177 1633 2225 magis
1661 2177 1900 2214 meritorium
1929 2190 2046 2226 quam
2076 2178 2229 2227 diligere
2266 2179 2501 2228 proximum,

297 2232 543 2280 templativae
561 2244 656 2269 vero
678 2231 808 2279 quies:
839 2230 927 2268 dicit
947 2230 1049 2267 enim
1070 2230 1290 2278 Gregorius,
1310 2242 1371 2267 su-
1398 2251 1399 2267 η
1425 2238 1467 2266 ut
1495 2242 1541 2267 ex
1570 2243 1686 2279 supra
1705 2230 1725 2252 ’¹‘
1754 2231 1861 2268 dictis
1880 2239 1994 2280 patet.
2025 2232 2075 2269 Et
2094 2232 2182 2269 ideo
2206 2231 2299 2270 illud
2319 2234 2427 2282 quod
2447 2233 2501 2277 diff
2529 2236 2602 2286 ἐφ’·
2617 2243 2680 2261 *Μ
2700 2241 2736 2261 ¹³

57 2292 269 2342 figioffsshffiffi
292 2297 366 2334 per
392 2286 527 2334 Ezech.
548 2284 584 2321 *z
627 2285 757 2322 Omnis
785 2284 850 2332 qui
877 2284 929 2321 ad
956 2284 1080 2320 Deum
1120 2284 1370 2330 convertitur,
1426 2283 1564 2342 rectius
1587 2284 1764 2343 ‚pertinet
1798 2284 1847 2321 ad
1883 2284 2128 2322 dilectionem
2162 2285 2256 2333 Dei,
2286 2286 2408 2335 magis
2446 2295 2503 2325 est

135 2337 140 2347 '
292 2339 403 2388 prius
431 2350 579 2375 necesse
607 2344 659 2375 est
688 2343 728 2374 ut
754 2337 906 2374 desudet
930 2337 966 2373 in
988 2337 1128 2383 labore,
1150 2337 1242 2373 idest
1258 2338 1371 2374 Liam
1426 2344 1666 2374 meritorium
1687 2348 1732 2374 ex
1761 2349 1832 2374 suo
1852 2349 1992 2385 genere
2020 2350 2139 2386 quam
2158 2338 2196 2376 id
2223 2340 2331 2387 quod
2360 2339 2502 2378 directe

59 2664 69 2673 ⁸
83 2662 148 2684 Vera.
164 2667 196 2683 22.

60 2719 101 2768 2:112
103 2719 182 2768 έιίῧηυ
193 2718 270 2741 Tract.

61 2930 71 2939 ”
84 2928 139 2950 Loc.
155 2927 194 2950 cit.

62 3254 71 3262 ·
86 3252 136 3274 Lib.
154 3251 172 3278 1,
191 3251 271 3273 homil.

298 2392 479 2440 accipiat,
511 2397 550 2428 ut
570 2397 659 2440 post
684 2391 736 2428 ad
758 2391 959 2428 videndum
982 2390 1214 2439 principium
1235 2390 1272 2427 in
1292 2391 1371 2428 Ra-

299 2445 380 2482 clzel
406 2444 643 2494 amplexibus
672 2445 890 2493 requiescat.
921 2444 1024 2492 Ergo
1053 2443 1131 2489 vita
1164 2443 1287 2481 activa
1316 2451 1373 2481 est
1397 2461 1398 2471 π

299 2499 453 2535 maioris
482 2498 606 2535 meriti
635 2510 753 2547 quam
783 2497 1094 2546 contemplativa.

353 2564 387 2589 2.
418 2553 654 2599 PRAETEREA,
675 2551 753 2588 vita
773 2551 1068 2599 contemplativa
1098 2558 1153 2587 est
1176 2550 1370 2599 quaedam

297 2605 489 2642 inchoatio
510 2605 658 2642 futurae
674 2604 871 2642 felicitatis.
892 2604 1005 2642 Unde
1021 2617 1138 2653 super
1156 2603 1248 2641 illud
1266 2605 1369 2641 loan.

297 2659 362 2696 ult.
384 2658 416 2706 ²¹⁸,
445 2659 507 2696 Sic
534 2671 620 2696 eum
648 2659 734 2696 volo
763 2670 920 2695 manere
947 2658 1066 2695 donec
1092 2658 1256 2703 veniam,
1282 2657 1372 2694 dicit
1396 2672 1398 2708 ξ

297 2713 533 2760 Augustinus
552 2711 589 2749 *ε
618 2714 709 2750 Ηοε
737 2712 903 2760 apertius
931 2711 1006 2748 dici
1027 2716 1170 2760 potest:
1198 2711 1371 2760 Petfecta
1396 2733 1398 2760 3

298 2778 358 2803 me
375 2772 556 2815 sequatur
569 2767 679 2812 actio,
697 2767 903 2814 informata
919 2777 1027 2802 meae
1040 2764 1230 2813 passionis
1244 2776 1370 2801 exem·
1396 2766 1398 2792 ἵ

293 2819 378 2869 plo.-
408 2820 582 2857 inchoata
602 2831 693 2857 vero
713 2819 975 2867 contemplatio
996 2823 1149 2855 maneat
1173 2818 1292 2855 donec
1310 2829 1371 2855 ve-

299 2873 373 2918 nio,
398 2874 632 2922 perficienda
661 2885 747 2910 cum
777 2884 928 2909 venero,
960 2873 1008 2909 Et
1037 2871 1244 2920 Gregorius
1270 2871 1370 2918 dicit,

297 2938 410 2975 super
436 2927 572 2976 Ezech.
592 2926 631 2974 ³¹⁸,
661 2926 767 2976 quod
804 2925 1094 2975 contemplativa
1122 2925 1199 2962 vita
1228 2924 1289 2962 hic
1317 2925 1371 2962 in-

298 2981 445 3028 cipitur,
467 2980 562 3017 utin
582 2980 733 3017 caelesti
745 2980 873 3028 patria
888 2979 1123 3027 perficiatur.
1156 2979 1233 3015 Sed
1254 2978 1292 3015 in
1311 2978 1372 3015 illa
1396 3001 1398 3028 ᾗ

298 3034 423 3070 futura
441 3033 521 3071 vita
541 3045 619 3070 non
641 3033 709 3070 erit
728 3041 845 3070 status
866 3032 1051 3079 merendi,
1073 3032 1140 3069 sed
1165 3031 1370 3081 recipiendi

298 3099 367 3135 pro
397 3086 551 3124 meritis.
591 3088 693 3135 Ergo
722 3086 799 3123 vita
829 3085 1126 3135 contemplativa
1160 3085 1287 3122 minus
1314 3085 1370 3122 vi-

300 3141 408 3177 detur
436 3140 578 3178 habere
600 3139 647 3177 de
667 3140 814 3177 ratione
835 3139 959 3176 meriti
980 3151 1097 3188 quarn
1126 3139 1205 3176 vita
1224 3138 1369 3176 activa:

301 3194 367 3230 sed
395 3194 479 3242 plus
508 3194 624 3231 habet
653 3193 701 3231 de
731 3192 876 3230 ratione
905 3193 1077 3242 praemii.

356 3247 390 3283 3.
411 3248 646 3294 PRAETEREA,
677 3246 884 3295 Gregorius
915 3246 1013 3294 dicit,
1042 3257 1156 3295 super
1182 3246 1318 3295 Ezech.
1338 3245 1370 3294 ²¹²,

301 3300 405 3348 quod
426 3300 570 3337 nullum
597 3300 826 3348 sacrificium
846 3306 901 3337 est
917 3301 1000 3338 Deo
1025 3299 1149 3349 magis
1176 3305 1370 3349 acceptum

301 3364 415 3401 quam
444 3354 543 3402 zelus
579 3354 811 3391 animarum.
853 3354 931 3391 Sed
958 3366 1029 3403 per
1065 3353 1191 3390 zelum
1226 3353 1371 3390 anima-

302 3417 386 3442 rum
415 3406 549 3455 aliquis
578 3419 618 3443 se
648 3406 834 3444 convertit
861 3407 911 3444 ad
935 3407 1058 3444 studia
1086 3406 1233 3444 activae
1257 3406 1370 3443 vitae.

303 3459 405 3507 Ergo
440 3459 592 3496 videtur
626 3460 732 3507 quod
769 3460 847 3497 vita
883 3459 1182 3510 contemplativa
1219 3472 1298 3497 non
1327 3459 1373 3496 sit

302 3511 457 3549 maioris
486 3511 608 3549 meriti
637 3525 753 3560 quarn
784 3513 918 3550 activa.

357 3566 432 3603 SED
461 3577 607 3603 CONTRA
635 3577 701 3602 EST
736 3566 840 3614 quod
878 3566 1086 3614 Gregorius
1116 3565 1223 3613 dicit,
1254 3565 1292 3602 in
1319 3564 1370 3602 VI

1425 2389 1587 2438 pertinet
1617 2391 1665 2428 ad
1695 2390 1939 2428 dilectionem
1973 2391 2137 2440 proximi
2173 2400 2330 2442 propter
2357 2393 2500 2431 Deum.

1424 2443 1511 2480 Vita
1541 2451 1671 2481 autem
1701 2444 2002 2493 contemplativa
2039 2445 2181 2483 directe
2211 2453 2247 2483 et
2282 2445 2500 2484 immediate

1425 2497 1587 2546 pertinet
1615 2497 1664 2534 ad
1695 2497 1937 2535 dilectionem
1968 2498 2059 2535 Dei:
2091 2498 2179 2536 dicit
2199 2498 2303 2536 enim
2323 2499 2501 2548 Augusti-

1426 2563 1516 2598 nus,
1547 2551 1637 2588 XIX
1666 2551 1712 2588 de
1745 2552 1824 2588 Civ.
1862 2552 1939 2589 Dei
1955 2551 1994 2598 *,
2025 2552 2132 2600 quod
2169 2553 2287 2590 otium
2314 2558 2500 2600 sanctum,
2528 2557 2539 2567 ⁴

1425 2604 1567 2641 scilicet
1595 2604 1916 2654 contemplativae
1944 2605 2067 2652 vitae,
2098 2606 2248 2654 quaerit
2272 2607 2413 2644 caritas
2439 2618 2501 2645 ve·

1425 2657 1563 2704 ritatis‚
1593 2657 1732 2694 scilicet
1762 2658 1936 2705 divinae3
1974 2659 2034 2696 cui
2063 2659 2262 2708 potissime
2298 2659 2374 2697 vita
2411 2665 2502 2698 con-

1425 2765 1549 2802 activa
1569 2765 1767 2802 ordinatur
1787 2765 1964 2803 directius
1985 2766 2035 2803 ad
2055 2765 2297 2804 dilectionem
2318 2766 2499 2816 proximi:

1426 2818 1515 2867 quia
1547 2818 1690 2869 satagit
1722 2819 1824 2856 circa
1851 2820 2039 2868 frequens
2076 2820 2346 2866 ministerium,
2376 2827 2418 2858 ut
2446 2820 2501 2858 di·

1426 2871 1520 2909 citur
1540 2873 1634 2909 Luc.
1655 2884 1679 2909 x
1697 2871 1729 2909 ²¹¹.
1760 2874 1809 2910 Et
1828 2872 1916 2910 ideo
1946 2885 1992 2910 ex
2011 2885 2082 2911 suo
2102 2885 2242 2922 genere
2267 2874 2501 2922 contempla-

1425 2925 1503 2962 tiva
1537 2926 1617 2963 vita
1646 2933 1702 2963 est
1732 2926 1888 2963 maioris
1927 2926 2051 2964 meriti
2089 2939 2207 2976 quarn
2237 2926 2362 2964 activa
2388 2925 2420 2963 ¹⁸⁸.
2451 2927 2501 2964 Et

1424 2979 1499 3016 hoc
1536 2987 1591 3016 est
1635 2979 1742 3027 quod
1779 2979 1988 3028 Gregorius
2033 2979 2139 3026 dicit,
2177 2979 2215 3017 in
2263 2979 2311 3016 111
2353 2979 2497 3018 Homil.

1396 3029 1398 3048 ¹
1424 3033 1582 3081 Ezech:
1631 3033 1930 3082 Contemplativa
1957 3039 2012 3070 est
2051 3033 2177 3071 maior
2207 3032 2341 3070 merito
2383 3045 2499 3082 quam

1425 3086 1569 3123 activa:
1598 3087 1688 3135 quia
1715 3087 1810 3124 haec
1837 3087 1875 3124 in
1905 3098 1974 3124 usu
2005 3085 2216 3135 praesentis
2243 3086 2368 3134 operis
2394 3087 2499 3125 labo-

1426 3146 1503 3186 rat,
1533 3139 1570 3176 in
1599 3151 1679 3188 quo
1708 3139 1849 3177 scilicet
1876 3151 2033 3177 necesse
2062 3146 2119 3176 est
2145 3138 2329 3188 proximis
2357 3141 2499 3178 subve-

1396 3225 1398 3238 ,
1426 3193 1528 3238 nire;
1558 3192 1622 3230 illa
1650 3204 1742 3230 vero
1775 3204 1913 3242 sapore
1949 3192 2079 3230 intimo
2108 3198 2307 3230 venturam
2334 3193 2411 3231 iam
2440 3205 2498 3231 re-

1425 3246 1550 3295 quiem
1578 3246 1762 3297 degustat,
1783 3245 1923 3283 scilicet
1949 3245 1988 3282 in
2008 3246 2330 3295 contemplatione
2359 3246 2442 3284 Dei.

1480 3300 1612 3337 Potest
1638 3307 1770 3337 tamen
1799 3299 2019 3346 contingere
2048 3300 2154 3348 quod
2175 3299 2310 3348 aliquis
2337 3300 2376 3338 in
2406 3312 2497 3350 ope-

1426 3353 1529 3390 ribus
1557 3352 1659 3390 vitae
1687 3351 1832 3390 activae
1865 3352 1951 3401 plus
1981 3361 2149 3390 meretur
2186 3365 2304 3402 quam
2332 3353 2427 3391 alius
2460 3353 2498 3391 in

1426 3406 1608 3455 operibus
1636 3405 1738 3443 vitae
1772 3405 2110 3454 contemplativae:
2147 3413 2240 3456 puta
2275 3406 2305 3443 si
2342 3413 2499 3456 propter

1426 3458 1701 3496 abundantiam
1731 3457 1848 3495 divini
1878 3459 2031 3506 amoris,
2054 3467 2096 3496 ut
2124 3459 2204 3497 eius
2222 3460 2400 3497 voluntas
2429 3459 2498 3496 im-

1425 3512 1574 3561 pleatur
1601 3518 1758 3560 propter
1780 3510 1897 3561 ipsius
1926 3513 2098 3561 gloriam,
2120 3513 2311 3551 interdurn
2341 3512 2499 3550 sustinet

1427 3577 1450 3602 a
1478 3563 1680 3602 dulcedine
1709 3563 1862 3602 divinae
1896 3566 2227 3616 contemplationis
2262 3566 2312 3604 ad
2345 3574 2497 3615 tempus

1424 2711 1647 2760 templativa
1674 2711 1819 2759 insistit,
1840 2712 1937 2749 sicut
1966 2712 2109 2750 dictum
2131 2720 2187 2750 est
2203 2712 2235 2750 ¹¹¹.
2265 2712 2352 2751 Vita
2371 2721 2499 2752 autem
2528 2716 2555 2770 ’ς
2591 2733 2597 2739 ·

2529 2879 2538 2890 ·
2552 2878 2620 2901 Vm.
2634 2885 2674 2907 ⁴0-

2527 2927 2537 2939 ·
2555 2927 2584 2950 D.
2608 2928 2641 2952 ηδ
2655 2945 2662 2956 ,
2683 2929 2740 2957 1186,

2527 2954 2582 2983 ¹¹87,
2647 2971 2653 2978 .
