2768 4198
72 1004 134 1025 ef
155 1010 181 1025 ca
223 1003 282 1025 Ieiu-

170 1036 200 1051 ar
188 1030 220 1051 rti
219 1029 282 1056 ,dist.

70 1031 174 1078 litxffi

70 1140 154 1162 ’.Εκοά
160 1146 209 1167 cap
213 1146 282 1167 xxxii,

70 1174 146 1216 ..Ἡ
149 1173 209 1221 33x

69 1248 198 1296 »mxumo-‚7
172 1280 222 1301 cap.
234 1280 280 1296 xiv.

69 1307 126 1322 ves.r
148 1307 188 1348 42v3
214 1300 280 1322 Deut.

68 1334 118 1376 calp.
134 1334 157 1353 ιι,
173 1333 232 1349 vers.
244 1333 280 1354 4²-

100 1361 170 1376 erem.
181 1360 231 1382 cap.
242 1360 283 1380 ιιι,

68 1387 127 1403 Vm
143 1387 196 1429 l2hl

69 1407 177 1430 ”Ioseh
214 1407 281 1430 eBeI-

69 1435 92 1456 Ιο
110 1434 134 1456 Iu
151 1435 219 1461 uico,
241 1435 281 1456 lib.

70 1461 120 1485 vn
132 1467 182 1489 cap.
194 1451 280 1487 ixss'id.

70 1488 102 1510 1u
89 1478 142 1515 ug'd
159 1491 218 1516 Ι-5551

196 1200 281 1219 xxxix,

69 1227 126 1242 vers
138 1227 163 1243 2:
178 1227 228 1247 cap.
240 1226 282 1247 ιιι,

322 278 390 313 162

315 422 466 447 merum
496 421 693 447 sacrorum
723 409 922 454 ordinum,
954 407 1016 456 qui
1046 406 1082 443 in
1114 408 1171 444 his
1204 408 1384 456 tempori-

314 465 385 500 bus
416 464 671 500 conferuntur.

367 519 425 554 AD
446 528 583 553 PRIMUM
604 527 702 552 ERGO
722 526 907 551 DlCENDUM
930 513 1032 561 quod
1064 512 1237 550 Christus
1265 513 1386 562 bapti-

314 583 399 607 smo
430 582 508 606 non
536 569 694 616 indiguit
723 575 878 616 propter
906 566 1088 614 seipsum,
1114 566 1183 602 sed
1211 574 1251 602 ut
1273 565 1384 603 nobis

314 623 546 672 baptismum
577 620 877 658 commendaret.
908 620 957 655 Et
976 619 1063 656 ideo
1084 618 1155 656 sibi
1175 631 1254 657 non
1279 631 1384 657 com-
1410 651 1413 670 .

313 677 465 725 petebat
493 683 533 711 ut
561 683 647 711 ante
678 673 912 722 baptismum
942 684 1057 708 suum
1086 672 1286 718 ieiunaret,
1317 673 1384 710 sed

312 737 399 779 post
429 728 673 777 baptismum,
694 734 734 762 ut
763 738 834 762 nos
864 725 1039 762 invitaret
1059 726 1106 762 ad
1133 725 1383 762 ieiunandum

313 790 398 819 ante
428 789 601 818 nostrum
631 779 879 828 baptismum.

364 838 423 871 Αι)
443 846 634 871 SECUNDUM
654 845 840 870 DICENDUM
870 832 975 882 quod
1006 832 1176 869 Ecclesia
1206 845 1284 869 non
1309 845 1386 869 ser-
1411 833 1413 842 ³

311 897 371 925 vat
400 887 538 924 ieiunia
567 894 733 935 quatuor
760 894 981 935 temporum
1017 898 1088 923 nec
1117 885 1277 923 omnino
1315 885 1384 922 eis—

312 942 400 979 dem
429 940 668 990 temporibus
710 941 850 989 quibus
880 939 1021 986 ludaei,
1051 951 1123 977 nec
1153 939 1267 976 etiarn
1296 951 1384 988 pro-

310 1003 392 1044 pter
408 1007 541 1031 causas
558 994 713 1031 easdem
730 994 762 1030 ²².
785 994 837 1030 Illi
859 994 960 1030 enim
977 992 1197 1030 ieiunabant
1216 994 1254 1029 in
1276 993 1384 1042 Iulio,

310 1048 375 1097 qui
405 1056 459 1084 est
488 1055 645 1098 quartus
674 1049 817 1084 mensis
847 1048 895 1084 ab
924 1047 1056 1096 Aprili,
1077 1058 1193 1096 quern
1213 1045 1383 1095 primum

310 1102 472 1139 habent:
503 1101 592 1150 quia
612 1109 702 1138 tunc
731 1101 901 1149 Moyses,
923 1100 1162 1138 descendens
1183 1099 1230 1136 de
1251 1108 1384 1138 monte

311 1156 414 1203 Sina,
430 1155 579 1192 tabulas
595 1155 686 1203 legis
702 1154 933 1203 confregit*;
950 1162 986 1191 et
1001 1154 1102 1190 iuxta
1117 1153 1320 1190 Ieremiam
1331 1153 1383 1201 **,

310 1209 409 1246 muri
433 1210 601 1258 primum
623 1208 721 1258 rupti
737 1216 823 1245 sunt
844 1207 1013 1245 civitatis.
1042 1209 1082 1244 In
1104 1207 1234 1256 quinto
1255 1215 1383 1244 autem

310 1273 456 1309 mense,
478 1263 542 1312 qui
564 1263 665 1312 apud
686 1274 757 1299 nos
775 1269 939 1299 vocatur
958 1263 1165 1309 Augustus,
1187 1273 1275 1298 curn
1295 1273 1383 1310 pro—

310 1325 394 1366 pter
426 1318 685 1366 exploratores
724 1315 859 1353 seditio
899 1323 999 1352 esset
1027 1322 1110 1352 orta
1149 1314 1186 1351 in
1224 1315 1383 1364 populo,

310 1370 400 1407 iussi
429 1378 517 1408 sunt
535 1370 574 1407 in
594 1377 765 1407 montem
787 1381 866 1406 non
886 1368 1094 1406 ascendere
1113 1367 1151 1405 *ε
1183 1375 1220 1405 et
1243 1368 1280 1405 in
1309 1369 1384 1406 hoc

311 1437 444 1461 mense
460 1436 482 1460 a
498 1423 864 1461 Nabuchodonosor
873 1421 904 1468 *‚
923 1430 959 1459 et
977 1430 1065 1472 post
1079 1434 1102 1459 a
1117 1421 1207 1459 Tito
1222 1421 1273 1469 Β,
1290 1429 1384 1459 tem-

310 1478 416 1527 plum
436 1477 717 1526 Hierosolymis
732 1484 789 1514 est
805 1477 1017 1513 incensum.
1035 1477 1077 1512 ln
1094 1475 1258 1524 septimo
1275 1487 1383 1523 vero,

362 1620 387 1651 κ)
407 1621 520 1644 essent...
542 1618 680 1642 immunes.
698 1631 716 1636 -
734 1620 830 1642 esset...
850 1616 975 1642 immunis
995 1615 1079 1646 PDH,
1098 1622 1181 1640 esse...
1202 1617 1333 1641 immunes
1351 1616 1383 1640 L.

1410 1506 1412 1518 ,
1440 1476 1567 1513 einum
1582 1475 1618 1513 *ε
1644 1477 1797 1514 Utinam
1817 1477 1924 1514 omni
1940 1482 2110 1526 tempore
2122 1477 2294 1516 ieiunare
2304 1476 2513 1528 poss‘imus!
2539 1472 2568 1519 ⁸.

1411 1351 1412 1360 ,
1440 1327 1462 1352 a
1489 1322 1650 1364 peccato
1675 1315 1869 1353 immunes
1888 1321 1926 1338 ’‘-

962 275 1231 322 QUAESTIO
1264 276 1455 324 CXLVII,
1485 279 1785 317 ARTICULUS
1814 279 1864 316 vl

315 357 380 408 qui
408 356 590 406 competit
620 356 772 393 cuilibet
790 355 964 403 tempori.
994 374 1019 382 -
1048 355 1118 391 Vel
1137 362 1294 403 propter
1317 368 1386 392 nu-
1411 364 1413 384 ἔ

1441 357 1505 406 qui
1534 359 1745 406 appellatur
1773 359 1956 407 October,
1987 359 2172 396 Godolias
2202 359 2350 396 occisus
2379 367 2447 402 est
2475 362 2510 397 et

1440 409 1621 459 reliquiae
1663 411 1795 471 populi
1838 411 2040 460 dissipatae
2073 412 2104 449 ⁸.
2145 414 2186 449 In
2225 413 2378 459 decimo
2416 424 2509 451 vero

1439 474 1585 509 mense,
1616 463 1680 512 qui
1709 465 1812 523 apud
1841 477 1912 502 nos
1933 465 2129 502 Ianuarius
2159 465 2313 514 dicitur,
2342 463 2510 515 populus

1440 527 1529 551 cum
1552 492 1781 553 E’zechiele
1772 530 1808 554 ιιι
1831 517 2045 567 captivitate
2065 519 2222 568 positus,
2244 519 2389 557 audivit
2416 527 2509 556 tem-

1438 567 1547 615 plum
1578 580 1660 605 esse
1689 570 1918 608 subversum
1942 571 1974 608 *.

1493 622 1552 657 AD
1580 631 1742 658 ‘reanum
1771 634 1956 661 menapum
1980 625 2088 672 quod
2111 625 2292 662 ieiunium
2313 626 2510 663 exultatio-

1440 674 1498 709 nis
1525 685 1570 709 ex
1599 673 1777 711 instinctu
1806 676 1966 724 Spiritus
1995 678 2123 714 Sancti
2145 679 2334 739 procedit,
2361 679 2424 728 qui
2455 687 2511 716 est

1441 725 1601 775 Spiritus
1620 727 1812 764 libertatis.
1843 727 1892 765 Et
1911 728 1999 766 ideo
2011 727 2116 767 hoc
2108 731 2290 769 ieiunium
2310 733 2381 769 sub
2402 745 2509 782 prae-

1441 787 1552 828 cepto
1574 780 1711 817 cadere
1740 793 1819 817 non
1849 781 1974 818 debet.
2005 783 2148 821 Ieiunia
2169 797 2259 833 ergo
2279 798 2378 835 quae
2399 799 2509 847 prae-

1441 840 1552 882 cepto
1582 833 1777 871 Ecclesiae
1806 833 2068 883 instituuntur,
2098 845 2186 875 sunt
2218 839 2338 887 magis
2370 840 2510 878 ieiunia

1440 886 1667 946 afflictionis,
1698 899 1797 936 quae
1826 899 1905 924 non
1935 888 2174 927 conveniunt
2184 889 2227 928 in
2246 891 2382 930 diebus
2407 893 2509 931 laeti—

1440 939 1524 976 tiae.
1555 940 1717 1000 Propter
1735 940 1854 990 quod,
1875 952 1954 978 non
1984 949 2040 979 est
2066 941 2251 981 ieiunium
2270 946 2319 1004 ab
2339 945 2510 984 Ecclesia

1440 992 1650 1030 institutum
1678 993 1716 1030 in
1745 1001 1826 1031 toto
1856 994 2028 1032 paschali
2056 1003 2252 1045 tempore,
2275 997 2363 1037 ’πιθα
2395 999 2508 1038 etiam

1440 1047 1479 1084 in
1508 1046 1643 1084 diebus
1668 1046 1881 1085 dominicis
1913 1049 1954 1085 In
1980 1048 2118 1098 quibus
2147 1049 2177 1086 si
2205 1049 2289 1099 quis
2303 1050 2508 1101 ieiunat-et,

1441 1108 1572 1138 contra
1593 1100 1911 1139 consuetudinem
1939 1102 2074 1152 populi
2102 1102 2316 1151 Christiani,
2337 1117 2450 1154 quae,
2469 1114 2511 1144 ut

1439 1154 1676 1202 Augustinus
1697 1153 1785 1192 dicit
1798 1154 1819 1176 *
1822 1160 1902 1202 ,est
1912 1167 1988 1204 pro
2003 1155 2088 1207 lege
2099 1156 2294 1200 habenda‚·
2312 1159 2374 1196 vel
2396 1158 2510 1199 etiam

1441 1220 1485 1244 ex
1514 1207 1643 1257 aliquo
1673 1219 1812 1255 errore,
1838 1209 1935 1245 sicut
1963 1209 2178 1248 Manichaei
2207 1209 2375 1259 ieiunant
2402 1212 2511 1261 quasi

1440 1261 1697 1298 necessarium
1717 1262 1819 1299 tale
1810 1262 1995 1299 ieiunium
2022 1255 2257 1324 arbitrantes,
2278 1275 2357 1302 non
2386 1273 2512 1305 essent

1962 1316 2140 1366 quamvis
2171 1317 2299 1367 ipsum
2326 1316 2509 1358 ieiunium

1440 1369 1655 1406 secundum
1676 1381 1717 1406 se
1738 1369 2021 1408 consideratum
2046 1370 2152 1408 omni
2170 1378 2346 1420 tempore
2367 1372 2413 1409 sit
2432 1373 2511 1411 lau·

1441 1422 1577 1470 dabile,
1603 1422 1818 1460 secundum
1839 1423 1944 1473 quod
1963 1422 2227 1473 Hieronymus
2251 1423 2351 1472 dicit,
2371 1426 2423 1463 ad
2435 1425 2512 1464 Lu—

995 1695 1330 1728 Commentario.
1353 1695 1605 1729 Car-dinalis
1626 1696 1830 1730 Caietam

314 1790 359 1853 IN
383 1779 517 1810 articulo
540 1778 674 1819 quinto,
707 1777 739 1807 in
768 1776 976 1816 responsione
1006 1776 1045 1806 ad
1077 1775 1221 1810 tertium.
1247 1776 1383 1806 dubium

341 1823 477 1854 occurrit
501 1823 539 1853 de
559 1822 679 1852 ieiunio
705 1821 926 1857 exultationis,
951 1830 991 1850 an
1015 1820 1056 1850 sit
1078 1820 1111 1850 in
1135 1827 1318 1860 praecepto.
1343 1821 1384 1850 Et
1407 1818 1410 1828 ⁴

309 1876 354 1899 est
378 1867 456 1898 ratio
482 1866 569 1898 dubii
601 1866 676 1907 quia
707 1866 739 1896 in
763 1865 863 1896 littera
889 1863 1002 1895 dicitur
1031 1871 1062 1895 et
1085 1864 1175 1905 quod
1200 1874 1266 1894 non
1291 1864 1383 1896 debet

308 1913 416 1943 cadere
446 1912 504 1942 sub
533 1917 722 1952 praecept0,
748 1917 778 1940 et
805 1910 895 1951 quod
919 1909 1059 1940 Ecclesia
1083 1918 1150 1939 non
1174 1909 1344 1950 praecepit.
1362 1926 1383 1932 -

309 1957 343 1988 In
360 1956 549 1998 oppositum
565 1962 673 1986 autem
691 1962 738 1986 est
760 1954 836 1995 quia
852 1954 1011 1985 ieiunium
1026 1953 1152 1994 vigiliae
1168 1953 1382 1990 Pentecostes‚

308 2009 338 2033 et
361 2008 500 2042 quatuor
523 2008 709 2041 temporum
731 1999 813 2030 infra
837 1999 1073 2030 hebdomadam
1097 1999 1312 2034 Pentecostes‚
1337 2004 1385 2029 est

308 2046 465 2077 ieiunium
490 2045 711 2081 exultationis,
735 2043 890 2086 quoniam
916 2051 962 2075 est
989 2043 1023 2074 in
1051 2050 1197 2084 tempore
1221 2042 1378 2074 paschali:

308 2091 339 2121 in
356 2091 447 2122 cuius
466 2090 605 2131 signum,
627 2100 693 2120 non
720 2088 802 2120 fiunt
825 2096 902 2120 tunc
920 2088 953 2119 in
979 2087 1121 2119 Ecclesia
1144 2087 1382 2129 prostrationes.

309 2136 348 2166 Et
372 2143 478 2167 tamen
503 2134 580 2166 haec
604 2133 722 2165 ieiunia
738 2133 780 2165 ita
796 2140 870 2164 sunt
894 2133 926 2164 in
951 2140 1121 2174 praecepto
1146 2132 1227 2163 sicut
1250 2132 1311 2163 alia
1325 2131 1384 2163 Ec·

309 2180 421 2211 clesiae
444 2179 572 2211 ieiunia.

366 2225 417 2256 Ad
436 2225 498 2255 hoc
515 2223 629 2255 dicitur
652 2223 741 2264 quod
761 2222 877 2253 ieiunia
894 2222 981 2258 haec,
999 2222 1176 2252 secundum
1196 2223 1382 2258 Auctorem,

309 2279 373 2300 non
399 2276 474 2299 sunt
496 2268 529 2299 in
553 2274 733 2309 praecepto.
765 2267 846 2298 Sunt
875 2274 981 2298 tamen
1012 2265 1239 2297 rationabiliter
1269 2273 1384 2297 statuta

309 2313 390 2344 infra
414 2313 494 2344 illud
518 2320 655 2354 tempus,
682 2320 717 2343 ut
740 2311 942 2343 exultationis
958 2311 1075 2342 ieiunia
1100 2310 1330 2351 principantem
1355 2317 1386 2342 et

1407 1775 1410 1791 l

1436 1776 1634 1812 secundario,
1659 1777 1745 1808 iuxta
1769 1777 1888 1808 Leonis
1901 1777 1928 1814 *‚
1953 1777 2024 1810 dist.
2041 1778 2183 1815 LXXVI,
2207 1788 2276 1819 cap.
2293 1779 2416 1820 Igitur,
2440 1789 2510 1813 sen-

1436 1820 1578 1856 tentiam,
1603 1821 1643 1851 ad
1667 1821 1847 1861 castiganda
1871 1821 1984 1853 delicta
2008 1832 2090 1863 quae
2114 1822 2195 1854 inter
2212 1823 2375 1855 Paschalia
2395 1823 2511 1864 gaudia

1437 1875 1473 1895 ex
1490 1864 1681 1905 negligentia
1705 1872 1735 1896 et
1758 1865 1968 1897 immoderata
1987 1865 2114 1898 licentia
2137 1866 2308 1898 commissa
2324 1875 2409 1905 sunt,
2427 1876 2463 1900 ut
2477 1867 2510 1900 in

1437 1908 1480 1940 IV
1497 1909 1597 1947 Sent„
1622 1908 1694 1940 dist.
1710 1919 1767 1946 xv,
1792 1919 1846 1951 qu.
1863 1920 1907 1946 111,
1932 1916 1988 1941 ert.
2009 1910 2037 1947 3,
2062 1913 2121 1952 qu⁸
2140 1921 2166 1948 ι,
2191 1910 2231 1942 ad
2258 1913 2290 1948 5,
2314 1911 2421 1944 habes.

2539 423 2636 445 ·.1erem
2645 429 2696 452 cap.
2703 430 2749 447 xu

2538 455 2597 471 vers.
2609 455 2624 478 ι,
2634 456 2654 476 2,
2664 456 2687 472 ιο
2698 456 2748 479 sqq.

2540 575 2548 584 ⁸
2571 574 2654 596 Ezeeh.
2678 580 2728 602 αιρ.

2538 606 2620 626 xxxin,
2631 606 2689 622 vers.
2698 607 2728 622 21.

2539 1793 2752 1843 ..555555

2538 1849 2597 1869 0⁰82.

1493 1953 1579 1990 Quia
1598 1963 1674 1984 vero
1699 1954 1900 1986 consuetudo
1925 1960 1956 1985 et
1974 1954 2057 1986 tollit
2081 1961 2112 1986 et
2134 1954 2209 1986 facit
2231 1955 2309 1996 legis
2327 1955 2511 1994 vinculum}
2556 1983 2559 1986 ,
2584 1948 2591 1961 ²

1437 2005 1469 2029 et
1492 1998 1707 2030 communiter
1729 1998 1878 2030 homines
1901 2005 2050 2040 reputant
2069 2009 2136 2030 non
2152 1999 2261 2031 minus
2276 2010 2344 2032 esse
2366 2000 2410 2032 in
2419 2004 2512 2042 pm!-

1437 2049 1531 2083 cepto
1556 2043 1633 2074 haec
1657 2053 1756 2084 quam
1779 2043 1840 2075 alia
1855 2050 1996 2085 quatuor
2019 2050 2204 2085 temporum
2226 2044 2362 2076 ieiunia:
2386 2044 2460 2082 ideo
2470 2055 2513 2083 et

1438 2087 1671 2119 consuetudine
1698 2095 1774 2119 sunt
1795 2088 1828 2119 in
1845 2095 2015 2130 praecepto
2034 2088 2117 2120 sicut
2140 2097 2258 2127 αιτιοι-ιη
2281 2089 2325 2121 ita
2340 2090 2432 2133 quod
2443 2089 2513 2124 ὼ.-

1437 2132 1549 2163 culum
1572 2132 1661 2174 quod
1685 2132 1735 2164 lex
1758 2143 1825 2164 non
1849 2132 1932 2170 fecit,
1957 2133 2158 2166 consuetudo
2174 2113 2291 2166 intulit.
2319 2133 2361 2169 Et
2383 2132 2514 2176 propter

1439 2176 1500 2207 hoc
1524 2179 1647 2208 Auctor
1669 2177 1701 2208 in
1725 2177 1828 2208 littera
1852 2184 1942 2209 caute
1965 2177 2093 2210 locutus
2110 2185 2166 2216 est,
2190 2176 2298 2210 dicens
2321 2177 2411 2222 quod
2434 2167 2514 2211 iasii-

1439 2222 1528 2252 nium
1546 2222 1756 2253 exultationis
1771 2231 1834 2253 non
1851 2222 1943 2254 debet
1964 2222 2082 2255 cadere
2095 2223 2155 2255 sub
2171 2228 2359 2265 praecepto,
2375 2230 2408 2255 et
2421 2221 2512 2266 quod

1438 2266 1479 2297 ab
1492 2265 1639 2298 Ecclesia
1656 2276 1720 2297 non
1744 2272 1790 2298 est
1807 2267 1999 2305 institutum,
2017 2267 2136 2299 scilicet
2150 2269 2210 2299 sub
2234 2275 2414 2310 praecepto,
2432 2269 2513 2301 ictu*-

1439 2311 1527 2341 nium
1553 2311 1585 2341 in
1610 2316 1675 2342 toto
1699 2311 1849 2342 Paschali
1872 2317 2023 2352 tempore.

1128 2480 1450 2524 ARTICULUS
1481 2480 1694 2524 SEXTUS

560 2576 716 2608 UTRUM
740 2575 1028 2614 REQUiRATUR
1052 2575 1110 2606 AD
1137 2574 1337 2606 ιΕιυΝιυΜ
1361 2574 1484 2612 QUOD
1510 2573 1641 2606 Homo
1665 2574 1807 2606 SEMEL
1831 2575 2021 2607 TANTUM
2045 2575 2260 2608 COMEDAT

809 2656 843 2680 1V
862 2655 946 2683 Sent„
967 2656 1026 2680 dist.
1045 2662 1100 2686 vm,
1120 2663 1165 2688 qu.
1184 2662 1201 2685 1,
1222 2661 1270 2680 art.
1287 2662 1312 2687 4.
1333 2654 1383 2688 qu*
1404 2662 1427 2686 2,
1447 2655 1479 2680 ad
1501 2662 1531 2685 2;
1551 2655 1611 2680 dist.
1630 2662 1671 2685 xv,
1691 2663 1736 2688 qu.
1756 2662 1792 2685 ιιι,
1811 2660 1859 2681 art.
1878 2650 1904 2687 4'.
1923 2654 1974 2689 qu⁸
1997 2663 2020 2682 ι.

343 2756 403 2799 {0³5¹
430 2766 498 2814 st«
522 2755 544 2780 D
577 2754 719 2780 sexi-um
746 2754 799 2779 Sic
829 2753 1070 2779 PROCEDITUR.
1091 2740 1252 2778 Videtur
1276 2741 1381 2790 quod

335 2785 493 2856 ἚίῗΔὶᾆ
523 2809 602 2834 ιιοιι
621 2795 832 2845 requiratur
857 2795 934 2832 ad
926 2794 1110 2832 ieiunium
1135 2794 1242 2843 quod
1259 2795 1381 2832 homo

327 2849 409 2927 Χ,
391 2864 449 2892 v
459 2834 491 2893 ’6,
506 2847 642 2887 semel
664 2857 811 2886 tantum
833 2849 1022 2886 comedat.
1055 2848 1242 2885 Ieiunium
1264 2848 1380 2895 enim,

328 2894 341 2905 ”
366 2877 565 2940 ’ῘΨ’)Χιιι
593 2903 736 2940 dictum
767 2910 822 2939 est
839 2902 871 2949 ²⁸,
902 2910 959 2939 est
986 2910 1092 2939 actus
1119 2901 1268 2939 virtutis
1297 2902 1382 2939 abs-

309 2956 506 2994 tinentiae:
536 2969 636 3006 quae
662 2956 819 3006 quidem
849 2968 928 2993 non
956 2955 1083 2992 minus
1108 2956 1289 2992 observat
1318 2955 1381 2992 de-

310 3010 428 3048 bitam
458 3010 709 3059 quantitatem
739 3009 811 3047 cibi
837 3021 953 3058 quarn
982 3008 1229 3046 comestionis
1249 3021 1382 3046 nume·
1408 3011 1410 3022 ¹

310 3076 408 3101 rum.
446 3064 537 3101 Non
567 3072 696 3101 autern
730 3071 878 3100 taxatur
906 3062 1161 3100 ieiunantibus
1193 3062 1382 3110 quantitas
1408 3086 1409 3090 =

311 3117 394 3154 cibi.
417 3118 520 3165 Ergo
536 3130 608 3154 nec
619 3123 636 3139 ²
656 3129 840 3154 numerus
856 3116 1103 3153 comestionis
1119 3115 1235 3153 taxari
1255 3115 1380 3153 debet.

366 3183 400 3207 2.
423 3171 667 3218 PRAETEREA,
698 3170 794 3207 sicut
821 3171 942 3207 homo
972 3169 1134 3210 nutritur
1156 3169 1254 3216 cibo,
1275 3169 1325 3206 ita
1346 3177 1383 3207 et

311 3232 415 3272 potu.
437 3224 549 3262 Unde
566 3232 602 3261 et
616 3232 729 3273 potus
744 3223 928 3261 ieiunium
945 3223 1076 3260 solvit:
1092 3230 1248 3272 propter
1263 3223 1380 3272 quod,

312 3285 398 3325 post
416 3285 551 3325 potum
581 3290 660 3315 non
680 3289 888 3327 possumus
909 3276 1174 3314 eucharistiam
1196 3276 1380 3325 accipere.

314 3330 389 3367 Sed
419 3343 496 3367 non
531 3339 585 3368 est
620 3331 853 3380 prohibitum
890 3330 982 3379 quin
1018 3329 1158 3379 pluries
1193 3330 1381 3378 bibamus,
1409 3341 1411 3364 a

313 3382 471 3420 diversis
499 3384 602 3420 horis
633 3385 718 3422 diei.
757 3385 859 3432 Ergo
897 3384 1012 3421 etiam
1042 3395 1121 3421 non
1150 3383 1265 3420 debet
1298 3396 1382 3421 esse
1409 3393 1410 3410 ³

314 3436 547 3485 prohibitum
575 3437 829 3475 ieiunantibus
857 3437 950 3486 quin
988 3437 1130 3487 pluries
1164 3436 1381 3474 comedant

370 3490 405 3526 3.
442 3490 686 3533 PRAETEREA,
730 3491 930 3528 electuaria
970 3491 1128 3539 quidam
1171 3490 1243 3527 cibi
1283 3497 1381 3527 sunt

368 3624 395 3651 α)
416 3627 501 3645 »ια-.-
520 3627 571 3644 non
592 3619 724 3652 ABFHpK
746 3625 769 3645 et
788 3628 805 3644 a
825 3626 849 3645 et
869 3626 926 3645 ante
947 3621 1021 3646 debet
1041 3622 1070 3646 L.

1438 2740 1549 2787 Quae
1577 2748 1707 2778 tamen
1728 2753 1751 2777 a
1770 2740 1925 2779 multis
1918 2753 1956 2778 ιιι
1975 2741 2139 2779 diebus*
2130 2741 2260 2780 ieiunii
2277 2750 2366 2803 post
2384 2755 2511 2782 come*

1437 2794 1601 2832 stionem
1631 2802 1845 2832 sumuntur.
1876 2794 1979 2843 Ergo
2008 2794 2133 2832 unitas
2161 2795 2407 2834 comestionis
2432 2808 2511 2867 non

1438 2855 1493 2885 est
1522 2848 1569 2885 de
1601 2847 1744 2886 ratione
1772 2847 1913 2885 ieiunii.
2446 2869 2450 2874 ·

1491 2901 1567 2939 San
1596 2913 1630 2939 m
1660 2913 1897 2939 αοΝτιιΑιιιυΜ
1931 2909 1988 2939 est
2017 2901 2236 2939 communis
2268 2903 2510 2940 consuetudo

1437 2955 1569 3004 populi
1600 2954 1818 2993 Christiani.

1491 3009 1719 3046 Responnno
1738 3020 1926 3046 nicenum«
1954 3007 2062 3056 quod
2089 3007 2292 3046 ieiunium
2290 3008 2351 3045 ab
2372 2974 2510 3046 Eccle-

1437 3061 1492 3099 sia
1530 3062 1755 3099 instituitur.
1768 3062 1818 3100 ad
1847 3061 2197 3111 concupiscentiam
2221 3061 2508 3107 refrenandam

1437 3115 1487 3152 ita
1515 3124 1645 3153 tamen
1674 3116 1781 3165 quod
1809 3123 1944 3153 natura
1970 3114 2252 3152 salvetursAd
2279 3114 2354 3152 hoc
2382 3122 2510 3153 autem

1438 3169 1614 3206 sufficere
1633 3169 1784 3207 videtur
1802 3169 1916 3207 unica
1935 3167 2136 3211 comesam
2153 3179 2227 3216 per
2248 3179 2365 3216 quam
2387 3168 2510 3207 homo

1437 3230 1563 3272 potest
1590 3231 1629 3260 et
1656 3231 1817 3260 naturae
1843 3222 2071 3268 satisfacere,
2101 3227 2138 3257 et
2164 3223 2295 3258 tamen
2329 3221 2510 3271 concupi*

1408 3279 1410 3297 2
1438 3275 1605 3314 scentiae
1633 3275 1778 3326 aliquid
1806 3274 1987 3321 detrahit,
2015 3273 2268 3311 diminuendo
2306 3274 2509 3312 comestio·

1437 3342 1531 3367 num
1551 3329 1666 3367 vices.
1702 3330 1751 3366 Et
1769 3328 1856 3366 ideo
1881 3327 2076 3365 Ecclesiae
2106 3327 2372 3365 moderatione
2395 3336 2509 3366 statu-

1437 3392 1518 3420 tum
1541 3391 1597 3420 est
1616 3390 1656 3419 ut
1677 3381 1824 3419 semel
1817 3393 1855 3418 ιιι
1875 3380 1936 3418 die
1956 3393 1979 3418 a
1997 3380 2261 3419 ieiunantibus
2271 3381 2508 3420 comedatur.

1492 3438 1552 3473 An
1581 3447 1719 3473 vamum
1748 3445 1847 3472 ERGO
1867 3445 2053 3472 DICENDUM
2083 3434 2189 3483 quod
2218 3433 2408 3487 quantitas
2436 3434 2508 3472 cibi

1440 3501 1519 3526 non
1548 3486 1670 3537 potuit
1694 3488 1828 3525 eadem
1851 3487 2031 3524 omnibus
2060 3487 2189 3535 taxari,
2209 3495 2365 3538 propter
2385 3485 2509 3525 diver·
