2768 4198
963 259 1233 307 QUAESTIO
1263 258 1438 305 CXX1V‚
1468 256 1768 295 ARTlcULUS
1798 255 1832 292 v
2449 264 2495 299 41

57 353 123 380 ‘Qu-
139 358 176 380 cx,
193 357 267 380 art-3·
296 352 362 390 est,
383 351 424 380 ut
442 342 588 391 supra*
607 341 781 378 habitum
803 348 870 388 est,
898 339 1031 376 vitatio
1059 338 1262 386 mendacii,
1280 350 1369 375 con·
1395 343 1397 375 Ξ
1424 337 1613 382 divinum,
1635 336 1742 384 quod
1763 343 1819 372 est
1837 334 1990 384 propria
2012 345 2126 370 causa
2151 332 2331 381 martyrii,
2354 340 2409 369 est
2432 345 2502 381 po-

295 405 351 434 tra
379 407 667 446 quamcumque
694 394 896 431 veritatem
926 393 983 439 sit,
1004 393 1231 442 inquantum
1262 403 1370 428 men·
1395 422 1397 442 ‚
1423 391 1496 428 tius
1526 402 1644 440 quarn
1669 390 1898 427 humanum.
1928 410 1952 416 -
1982 387 2085 435 Quia
2104 394 2235 423 tamen
2255 387 2403 423 bonum
2433 387 2502 423 hu—

152 459 168 482 η
295 450 448 488 dacium
483 457 540 486 est
566 455 769 498 peccatum
789 452 808 474 η
838 446 991 484 divinae
1020 446 1092 494 legi
1122 445 1369 492 contrarium,
1396 443 1397 451 ¹
1423 456 1583 482 manum
1614 451 1739 493 potest
1769 442 1867 480 effici
1897 441 2094 488 divinum,
2126 447 2166 476 ut
2195 439 2225 476 si
2255 440 2439 476 referatur
2466 439 2503 475 in

295 511 421 553 potest
450 515 532 540 esse
560 501 731 550 martyrii
760 513 887 538 causa.
1396 521 1398 532 ι
1425 499 1579 543 Deum;
1609 505 1736 547 potest
1768 508 1852 533 esse
1881 495 2156 545 quodcumque
2186 494 2334 530 bonurn
2368 493 2507 530 huma-

68 2977 78 2987 ·
99 2976 151 2998 Lib.
171 2975 221 3003 XI,
241 2982 279 3004 ep.

67 3009 154 3029 xxxiv,
180 3002 211 3025 ι1.
242 3008 280 3031 ep.

66 3030 279 3078 ¹}”¹¹i}z.....¹¹¹-¹¹5¹.z

66 3062 249 3133 iderant..

69 3158 79 3168 ⁸
89 3157 127 3179 Ad
137 3163 186 3185 arg.
193 3156 281 3178 Th0m.

69 3187 132 3207 cont.
143 3184 248 3205 conclus.
260 3190 281 3211 7.

0 3888 9 4198 *mr-›vaz-w-:ae-w-nqaw
0 3869 7 3883 ,ἡ
0 3848 6 3860 ,.
0 3799 9 3836 «μβ,

348 560 408 594 An
431 567 593 594 'suarium
621 566 810 593 DICENDUM
830 553 937 602 quod
961 554 1109 590 bonurn
1138 552 1369 601 reipublicae
1396 549 1399 603 ’ζ
1425 564 1520 589 num
1551 551 1721 599 martyrii
1761 562 1875 588 causa
1913 548 2126 586 secundum
2163 547 2270 596 quod
2299 546 2335 584 in
2375 547 2504 583 Deum

296 618 358 647 est·
380 609 632 659 praecipuum
657 608 753 645 inter
781 609 885 645 bona
913 608 1094 644 humana.
1125 606 1203 644 Sed
1222 607 1370 643 bonum

349 726 376 758 η)
394 728 545 758 peccatum.
557 739 577 744 -
591 727 732 757 peccatum
752 727 778 749 et
797 724 829 754 D,
848 732 902 749 om.
923 724 952 749 P.

1427 606 1599 642 refertur.

980 793 1319 827 Commenta-ia
1341 791 1596 824 cardinalis
1619 790 1825 824 Caietani

326 885 347 906 N
382 874 516 906 articulo
551 875 667 916 quinto
703 875 847 906 eiusdem
881 873 1373 915 centesimaevigesimaequartae

300 887 523 961 Iquaestionis
544 920 681 950 dubium
705 919 810 952 statim
826 919 859 950 in
882 919 976 950 titulo
1001 918 1147 955 occurrit,
1173 918 1212 949 de
1235 928 1302 959 quo
1321 927 1373 957 ge-

297 974 371 996 nere
392 974 506 995 causae
530 971 577 995 est
599 964 744 1005 quaestio
769 964 830 1001 hic,
848 973 923 995 cum
947 964 986 994 de
1002 973 1097 994 causa
1113 962 1254 1003 martyrii
1277 972 1373 1002 quae-

297 1008 375 1040 ritur
399 1016 507 1040 utrum
532 1009 572 1040 sit
595 1009 664 1040 sola
682 1008 771 1040 fides.
796 1008 933 1040 Constat
956 1008 1042 1038 enim
1065 1007 1155 1048 quod
1180 1017 1246 1037 non
1271 1007 1310 1037 de
1330 1006 1374 1037 ef-

297 1053 424 1084 fectiva:
450 1053 525 1095 quia
548 1053 607 1084 ista
631 1060 678 1084 est
696 1053 818 1091 caritas,
834 1059 892 1084 etc.
915 1053 983 1083 Nec
999 1053 1039 1083 de
1055 1051 1192 1088 formali,
1218 1058 1253 1082 ut
1276 1057 1373 1091 patet.

297 1098 364 1129 Nec
387 1098 426 1128 de
450 1098 622 1129 materiali:
647 1098 723 1139 quia
739 1097 870 1128 materia
885 1097 1038 1138 martyrii,
1056 1106 1131 1127 cum
1147 1096 1187 1126 sit
1206 1102 1294 1126 actus
1310 1095 1374 1126 for-

297 1142 461 1179 titudinis,
487 1150 562 1174 sunt
585 1143 625 1174 ad
649 1143 730 1174 intra
753 1142 934 1183 passiones,
959 1141 999 1171 ad
1023 1147 1108 1172 extra
1131 1150 1207 1171 vero
1236 1139 1376 1180 pericula

298 1187 421 1218 mortis.
445 1188 512 1219 Nec
535 1188 575 1218 de
599 1186 702 1218 finali:
727 1187 803 1228 quia
827 1186 1020 1227 inquantum
1035 1192 1083 1216 est
1105 1192 1194 1216 actus
1219 1183 1376 1215 fortitudi-

298 1232 356 1269 nis,
374 1232 468 1264 habet
487 1242 546 1273 pro
562 1231 626 1263 fine
642 1233 767 1263 bonum
782 1230 904 1272 proprii
919 1229 1065 1266 habitus;
1090 1229 1283 1270 inquantum
1299 1238 1375 1259 vero

299 1284 345 1308 est
368 1284 457 1308 actus
481 1276 564 1315 fidei,
578 1284 609 1307 et
633 1276 787 1312 caritatis,
811 1275 907 1306 habet
930 1284 989 1315 pro
1012 1273 1076 1304 fine
1098 1274 1224 1310 Deum,
1249 1273 1306 1314 qui
1330 1279 1377 1303 est

247 1345 268 1350 -‚
296 1320 542 1355 finis>0mnium
565 1320 808 1361 theologaliumr
822 1319 989 1350 virtutum.

354 1366 406 1397 Ad
429 1367 492 1398 hoc
516 1365 630 1399 dicitur
651 1365 742 1407 quod
765 1363 955 1404 martyrium
978 1363 1054 1394 dicit
1078 1362 1160 1393 duo:
1190 1361 1309 1393 scilicet
1332 1368 1376 1393 te—

299 1410 502 1448 stimonium3
527 1417 559 1441 et
581 1409 643 1441 tale
666 1408 905 1446 testimonium,
930 1407 1048 1445 scilicet
1075 1417 1132 1447 per
1154 1413 1304 1438 mortem.
1336 1406 1378 1438 Et

298 1456 388 1496 quod
417 1455 611 1496 inquantum
634 1461 681 1486 est
709 1453 948 1489 testimonium,
973 1452 1118 1493 quaestio
1143 1459 1190 1483 est
1218 1452 1258 1482 de
1282 1461 1378 1482 causa

297 1499 384 1531 finali
407 1500 570 1541 proxima:
594 1498 751 1540 quoniam
774 1497 1008 1534 testimonium,
1033 1503 1070 1528 ut
1084 1497 1138 1533 sic,
1155 1496 1322 1527 ordinatur
1337 1495 1377 1526 ad

298 1543 589 1576 manifestationem
602 1542 742 1574 veritatis
758 1549 795 1573 ut
809 1542 995 1582 proximum
1011 1541 1121 1573 finem.
1146 1541 1187 1572 Et
1210 1548 1378 1582 propterea

298 1589 461 1631 quaeritur
483 1595 592 1620 utrum
617 1587 685 1618 sola
705 1586 783 1618 fides
800 1587 841 1618 sit
864 1587 903 1617 ad
927 1596 1027 1628 quam
1043 1585 1311 1617 manifestandam
1327 1595 1378 1616 or-

298 1633 426 1667 dinetur
448 1632 671 1665 testimonium
691 1631 844 1673 martyrii.
869 1649 891 1655 -
916 1631 1112 1672 Inquantum
1137 1638 1246 1662 autem
1269 1629 1378 1662 testifi-

300 1678 383 1710 catio
412 1678 489 1709 haec
516 1676 552 1708 fit
581 1687 637 1718 per
659 1683 818 1713 mortem,
843 1683 890 1707 est
919 1675 1015 1707 etiam
1045 1675 1192 1717 quaestio
1220 1676 1260 1706 de
1283 1685 1379 1706 causa

297 1721 386 1755 finali
409 1722 551 1764 martyrii
575 1732 612 1753 ex
635 1728 723 1762 parte
743 1721 903 1753 materiae.
928 1721 1094 1758 Quoniam
1114 1720 1185 1751 finis
1202 1719 1379 1751 bonificans

299 1774 439 1799 mortem
454 1774 502 1799 est
520 1769 646 1798 bonum
661 1766 800 1798 veritatis
817 1766 868 1797 cui
884 1765 1069 1797 testificatur
1084 1773 1204 1807 martyr
1223 1775 1279 1806 per
1295 1775 1380 1796 mor-

299 1819 382 1844 tem:
406 1812 481 1844 ideo
498 1821 639 1853 namque
655 1821 743 1842 mors
758 1811 813 1842 illa
837 1817 883 1842 est
903 1811 998 1847 bona,
1015 1810 1091 1852 quia
1107 1817 1154 1841 est
1177 1818 1308 1850 propter
1322 1810 1381 1840 bo-

300 1867 381 1889 num
404 1857 456 1889 cui
481 1863 656 1888 attestatur.

357 1902 423 1934 Nec
447 1902 522 1933 huic
537 1902 643 1932 obstat
666 1900 756 1941 quod
779 1899 867 1930 Deus
884 1899 924 1930 sit
946 1898 1018 1930 finis
1042 1899 1208 1939 proximus
1225 1898 1381 1929 virtutum

301 1946 544 1987 theologalium.
570 1945 655 1984 Quia
679 1944 868 1985 martyrium
893 1954 960 1975 non
984 1950 1031 1975 est
1054 1950 1143 1974 actus
1167 1943 1300 1980 elicitus,
1325 1943 1381 1974 sed

302 1990 477 2032 imperatus
501 2001 519 2021 a
541 1989 778 2030 theologalibus
800 1988 982 2020 virtutibus.
1005 1988 1047 2020 Et
1069 1988 1143 2019 ideo
1167 1998 1233 2019 non
1251 1995 1298 2020 est
1321 1988 1381 2019 mi-

302 2045 376 2067 rum
399 2036 425 2066 si
449 2035 544 2066 habet
567 2035 675 2066 Deum
699 2043 758 2074 pro
782 2032 845 2064 fine
869 2033 1046 2074 principali,
1067 2034 1192 2064 bonurn
1208 2040 1317 2064 autern
1332 2043 1382 2063 ve-

303 2080 402 2112 ritatis
425 2079 499 2111 fidei
522 2089 581 2120 pro
605 2078 668 2110 fine
692 2078 851 2119 proximo.

361 2125 399 2155 11.
425 2125 460 2156 ln
484 2125 599 2155 eodem
623 2123 738 2165 quinto
763 2123 907 2159 articulo,
923 2122 1005 2154 circa
1021 2122 1119 2153 illud:
1148 2122 1301 2153 Omnium
1320 2123 1382 2154 vir-

303 2175 408 2201 tutum
431 2178 541 2210 opera,
559 2169 664 2200 relata
681 2169 713 2199 in
732 2168 851 2205 Deum,
862 2172 1002 2208 possunt
1017 2176 1086 2198 esse
1100 2168 1255 2208 martyrii
1270 2176 1382 2205 causa,

272 2231 278 2238 ·
304 2214 441 2246 dubium
457 2224 494 2245 ex
510 2213 648 2245 Martino
665 2212 802 2243 occurrit
813 2211 839 2248 *,
853 2211 886 2242 in
903 2211 989 2242 dicto
1006 2218 1139 2242 tractatu
1150 2210 1194 2248 **,
1207 2222 1262 2252 qu.
1279 2222 1309 2248 v,
1323 2221 1382 2252 po-

271 2258 278 2265 “
303 2266 408 2296 nente,
433 2258 466 2290 in
490 2269 509 2300 7
534 2257 656 2294 concl.,
681 2257 771 2298 quod
794 2266 860 2286 non
885 2266 944 2296 pro
968 2255 1114 2297 quolibet
1137 2255 1262 2287 virtutis
1286 2265 1383 2296 opere

303 2310 411 2345 potest
439 2302 512 2344 quis
539 2301 644 2333 subire
672 2300 873 2342 martyrium.
907 2301 948 2331 Et
975 2300 1091 2341 probat
1118 2300 1181 2331 hoc
1209 2300 1382 2341 tripliciter.

303 2348 428 2385 Primo,
451 2347 528 2389 quia
550 2346 710 2388 quaedam
733 2352 807 2376 sunt
831 2355 929 2386 opera
951 2345 1077 2376 virtutis
1101 2351 1167 2376 tam
1191 2355 1305 2386 parvae
1329 2355 1383 2376 ne—

303 2392 456 2424 cessitatis
478 2398 510 2423 et
533 2390 676 2423 utilitatis
700 2390 791 2432 quod
814 2400 882 2421 non
905 2390 996 2427 licet,
1021 2390 1199 2421 secundum
1225 2390 1383 2422 dictamen

303 2444 406 2469 rectae
428 2435 570 2473 rationis,
594 2446 654 2476 pro
679 2435 724 2466 eis
747 2445 780 2466 se
804 2444 963 2476 exponere
987 2434 1093 2471 morti,
1117 2435 1173 2466 sed
1196 2442 1280 2466 recta
1303 2435 1383 2466 ratio

304 2482 402 2513 dictat
430 2481 519 2523 quod
543 2487 618 2512 sunt
640 2479 886 2511 intermittenda.
921 2480 1078 2510 Probatur
1110 2479 1173 2511 hoc
1196 2479 1384 2511 auctoritate

170 2543 178 2555 ν
209 2542 218 2576 ‘.
245 2537 277 2575 '.'
303 2526 493 2563 Aristotelis,
519 2525 560 2556 111
576 2525 695 2563 Ethic„
712 2535 781 2565 cap.
801 2525 842 2556 de
859 2524 1000 2556 Violento
1008 2524 1035 2561 ⁴¹,
1053 2524 1184 2556 dicentis
1201 2525 1291 2566 quod
1315 2530 1383 2556 tur-

298 2572 435 2614 pissima
458 2569 601 2611 sufferre
617 2579 683 2610 pro
707 2569 798 2602 nullo
821 2569 873 2600 uel
896 2569 1021 2600 modico
1044 2568 1137 2607 bono,
1156 2570 1258 2610 pravi
1280 2575 1337 2601 est.

361 2616 526 2652 Secundo,
556 2614 632 2656 quia
663 2624 722 2655 pro
753 2613 906 2654 operibus
935 2614 1144 2654 eutrapeliae,
1178 2614 1382 2652 affabilitatis,

305 2660 449 2692 similiter
472 2670 531 2701 pro
555 2659 660 2700 parvis
683 2658 836 2699 operibus
859 2658 1094 2690 misericordiae
1118 2666 1149 2690 et
1172 2659 1383 2697 liberalitatis,

306 2715 402 2737 nemo
427 2705 552 2746 sapiens
576 2704 670 2735 debet
692 2714 725 2734 se
750 2713 908 2744 exponere
932 2703 1039 2735 morti.

364 2749 486 2781 Tertio.
517 2749 609 2787 Quae
638 2748 719 2779 iuste
748 2755 779 2779 et
802 2747 1029 2779 rationabiliter
1057 2748 1218 2789 prohiberi
1247 2756 1386 2789 possunt

305 2806 324 2826 a
347 2793 504 2835 superiori
528 2804 569 2824 ne
592 2800 724 2824 causent
746 2792 989 2833 aegritudinem,
1014 2803 1080 2823 non
1105 2794 1213 2824 solum
1237 2802 1384 2834 possunt,

305 2840 361 2872 sed
385 2839 501 2870 debent
523 2838 690 2870 intermitti
714 2845 845 2878 propter
867 2837 1018 2868 timorem
1040 2838 1163 2869 mortis.
1192 2838 1255 2869 Sed
1277 2839 1385 2880 aliqua

305 2884 431 2916 virtutis
454 2893 553 2924 opera
574 2889 649 2914 sunt
671 2882 870 2914 huiusmodi.
895 2882 990 2922 Ergo.
1015 2899 1036 2906 -
1059 2883 1164 2913 Maior
1179 2889 1275 2923 patet.
1298 2901 1320 2906 —
1343 2884 1385 2914 Et

307 2929 413 2960 minor
445 2929 600 2969 probatur
630 2938 686 2968 per
717 2926 926 2967 Gregorium,
951 2926 984 2957 in
1006 2927 1171 2968 Regis-tro,
1195 2927 1304 2960 indict.
1330 2928 1384 2965 IV,

307 2974 399 3015 epist.
414 2983 455 3004 xv
468 2972 495 3010 *,
513 2972 569 3004 ubi
585 2972 750 3013 Episcopo
773 2971 960 3008 Ravennati,
975 2971 1136 3002 vomitum
1152 2972 1315 3012 sanguinis
1331 2983 1385 3013 pa-

307 3018 407 3055 tienti,
431 3017 584 3059 praecipit
608 3027 648 3048 ne
670 3017 799 3054 ieiunet,
824 3026 864 3047 ne
887 3015 1057 3057 praedicet,
1074 3023 1145 3053 etc„
1170 3016 1247 3058 quia
1270 3016 1314 3048 sic
1338 3017 1384 3048 di-

308 3070 394 3099 cunt,
419 3069 550 3104 propter
573 3061 801 3097 infirmitatem,
827 3060 952 3092 medici.

365 3108 418 3139 111.
442 3107 478 3138 In
494 3107 611 3138 eodem
630 3117 763 3148 quoque
779 3105 913 3137 articulo
930 3105 1067 3137 dubium
1081 3105 1170 3136 aliud
1184 3105 1211 3142 *,
1236 3105 1262 3136 si
1278 3112 1384 3136 tamen

308 3152 394 3183 aliud
411 3159 467 3189 est,
485 3152 622 3184 occurrit
634 3162 671 3183 ex
687 3152 813 3188 eodem,
830 3149 983 3187 ibidem*,
999 3149 1154 3181 infitiante
1168 3149 1250 3181 hanc
1265 3150 1385 3181 litterae

309 3196 466 3228 rationem
487 3207 543 3228 seu
559 3197 752 3228 illationem:
777 3197 840 3227 Pro
860 3194 1088 3236 protestatione
1102 3194 1175 3226 fidei
1199 3194 1323 3226 licitum
1339 3202 1387 3226 est

310 3241 415 3272 subire
438 3241 643 3283 martyrium;
675 3242 730 3272 sed
753 3241 787 3272 in
811 3240 902 3271 omni
925 3249 1022 3280 opere
1045 3240 1133 3270 bono
1162 3240 1252 3280 quod
1279 3239 1330 3276 fit,
1356 3246 1387 3270 et

310 3285 343 3316 in
368 3285 458 3317 omni
481 3296 578 3327 opere
600 3286 687 3317 malo
716 3286 807 3327 quod
834 3285 965 3321 vitatur,
991 3291 1121 3324 propter
1145 3283 1327 3321 Christum,
1351 3283 1387 3315 fit

311 3329 498 3371 protestatio
521 3329 611 3367 fidei3
636 3341 712 3371 ergo
736 3340 795 3371 pro
819 3329 964 3371 quolibet
986 3329 1074 3359 bono
1099 3339 1196 3369 opere
1220 3328 1365 3359 faciendo
1378 3352 1385 3365 ‚

312 3382 342 3406 et
372 3373 517 3415 quolibet
543 3375 631 3406 malo
653 3375 800 3411 vitando,
825 3381 956 3415 propter
980 3373 1162 3410 Christum,
1186 3373 1310 3404 licitum
1341 3380 1387 3404 est

311 3419 417 3450 subire
433 3419 631 3460 martyrium.
655 3421 707 3451 Ad
723 3419 815 3456 hanc,
831 3419 946 3460 inquit,
962 3418 1111 3449 Thomae
1126 3418 1294 3455 rationem,
1312 3428 1386 3449 con-

312 3464 391 3495 cedo
415 3463 613 3500 antecedens,
638 3470 669 3495 et
688 3474 771 3504 nego
788 3463 1062 3505 consequentiam.
1087 3463 1172 3500 Quia
1188 3470 1235 3494 est
1254 3463 1387 3504 aliquod

311 3510 437 3539 bonum
464 3518 547 3547 opus
577 3508 699 3539 seclusa
727 3508 962 3540 circumstantia
991 3507 1119 3544 mortis,
1144 3508 1253 3549 quod,
1282 3507 1386 3548 posita

312 3552 424 3583 mortis
441 3552 685 3589 circumstantia,
706 3552 820 3584 desinit
836 3563 903 3584 esse
919 3553 1059 3584 bonum:
1085 3559 1121 3583 ut
1139 3562 1224 3593 opus
1240 3559 1385 3592 eutrape-

311 3598 372 3628 liae
392 3604 422 3628 et
438 3607 521 3637 opus
544 3596 666 3627 ieiunii.
690 3596 747 3628 Est
766 3597 862 3627 etiam
876 3597 1008 3638 aliquod
1025 3607 1109 3638 opus
1125 3597 1248 3628 malum
1265 3597 1386 3628 seclusa

458 3660 568 3684 Sumus
587 3659 689 3683 Tuam..
709 3658 740 3683 D.
750 3658 866 3683 Tuonan
885 3658 916 3683 T.
933 3659 987 3684 VII.

1428 870 1665 902 circumstantia
1689 870 1818 907 mortis,
1843 870 1950 911 quod,
1976 870 2087 900 eadem
2112 870 2233 910 posita,
2259 879 2325 899 non
2354 876 2401 899 est
2424 878 2508 908 opus

1428 915 1570 946 malurn:
1603 922 1638 946 ut
1661 915 1796 945 verbum
1819 914 1976 951 otiosum,
1994 914 2199 944 mendacium
2223 914 2383 950 iocosum,
2400 913 2507 944 occul-

1428 960 1507 991 tatio
1534 959 1682 995 veritatis,
1700 966 1736 989 ut
1759 959 1921 989 Abraham
1945 959 2043 989 tacuit
2066 959 2175 989 Saram
2200 968 2267 988 esse
2294 958 2466 999 coniugem
2482 955 2507 989 ²⁸¹.

1485 1004 1539 1034 IV.
1565 1004 1599 1034 In
1624 1004 1739 1034 eodem
1769 1013 1900 1043 quoque
1929 1003 2062 1033 articulo
2092 1013 2206 1042 parum
2230 1003 2349 1033 distans
2373 1003 2508 1033 dubium

1429 1058 1467 1078 ex
1490 1048 1605 1078 eodem
1622 1047 1771 1083 Martino,
1788 1047 1941 1083 ibidem*,
1960 1047 2097 1078 occurrit
2113 1047 2193 1078 circa
2210 1047 2453 1087 responsionem
2470 1048 2509 1077 ad

1430 1092 1608 1122 secundum
1623 1091 1650 1127 *‚
1676 1101 1735 1132 pro
1752 1098 1874 1131 quanto
1896 1091 1939 1122 ibi
1957 1091 2072 1122 dicitur
2095 1092 2184 1132 quod
2209 1093 2320 1122 vitatio
2337 1092 2509 1129 mendacii,

1429 1141 1544 1167 contra
1567 1146 1802 1177 quamcumque
1825 1137 1992 1167 veritatem
2011 1137 2063 1173 sit,
2090 1137 2281 1176 inquantum
2306 1137 2508 1167 mendacium

1430 1186 1478 1212 est
1505 1181 1634 1211 divinae
1657 1181 1724 1221 legi
1748 1182 1968 1217 contrarium,
1987 1185 2095 1221 potest
2123 1190 2192 1211 esse
2220 1182 2376 1222 martyrii
2398 1191 2508 1212 causa.

1431 1225 1539 1266 Inquit
1569 1225 1655 1256 enim
1687 1225 1778 1265 quod
1808 1235 1874 1255 non
1899 1231 2023 1256 constat
2052 1225 2156 1255 adhuc
2185 1235 2282 1255 omne
2306 1226 2509 1256 mendacium

1431 1280 1499 1300 esse
1514 1276 1683 1310 peccatum
1698 1269 1820 1300 veniale
1835 1270 1886 1300 vel
1904 1270 2047 1300 mortale.
2072 1270 2139 1300 Nec
2156 1269 2260 1300 adhuc
2277 1270 2372 1301 etiam
2389 1277 2513 1301 constat

1430 1321 1599 1355 peccatum
1614 1314 1737 1345 veniale
1762 1324 1830 1345 esse
1852 1314 1976 1344 divinae
1994 1314 2055 1354 legi
2071 1314 2277 1345 contrarium.
2302 1332 2323 1338 —
2347 1315 2416 1351 Vel,
2440 1315 2513 1346 licet

1431 1369 1529 1390 omne
1554 1359 1769 1395 mendacium,
1795 1359 1918 1389 seclusa
1943 1359 2179 1390 circumstantia
2203 1359 2337 1390 alicuius
2357 1360 2513 1390 excessive

1431 1403 1527 1435 tristis
1551 1410 1582 1435 et
1605 1403 1761 1441 dolorosi,
1782 1403 1822 1434 sit
1846 1410 2013 1444 peccatum
2031 1404 2166 1434 mortale
2182 1404 2233 1434 vel
2248 1404 2386 1440 veniale;
2411 1404 2513 1435 multa

1431 1456 1539 1480 tamen
1571 1455 1646 1479 sunt
1675 1458 1757 1489 quae
1787 1458 1844 1479 nec
1873 1449 2022 1482 mortalia
2050 1458 2108 1479 nec
2132 1449 2267 1480 venialia
2293 1455 2383 1485 sunt,
2408 1449 2513 1489 posita

1433 1493 1670 1525 circumstantia
1700 1493 1835 1524 alicuius
1865 1493 2022 1523 excessive
2051 1493 2146 1524 tristis
2178 1500 2208 1524 et
2238 1494 2400 1530 dolorosi,
2433 1494 2514 1524 sicut

1432 1538 1578 1579 gravium
1603 1537 1804 1569 cruciatuum
1829 1545 1885 1568 aut
1907 1538 2208 1575 incommodorum,
2227 1546 2282 1569 aut
2301 1538 2423 1569 mortis.

1489 1583 1527 1614 V.
1552 1583 1603 1614 Ad
1631 1582 1749 1613 horum
1779 1582 1989 1620 evidentiam,
2015 1583 2242 1614 declarandum
2274 1590 2320 1614 est
2348 1583 2433 1613 unde
2464 1583 2514 1614 hic

1433 1627 1602 1659 difficultas
1627 1634 1775 1668 apparet:
1810 1634 1841 1658 et
1864 1637 1964 1668 quam
1994 1627 2082 1658 nulla
2106 1628 2146 1659 sit
2170 1627 2355 1664 difficultas,
2381 1628 2407 1658 si
2431 1638 2515 1669 opus

1433 1673 1557 1704 virtutis
1574 1672 1607 1703 in
1621 1679 1705 1708 actu,
1726 1680 1757 1704 et
1780 1672 1964 1703 excellentia
1986 1672 2073 1703 illius
2097 1680 2262 1713 perspecta
2278 1672 2383 1703 fuerit.
2408 1672 2515 1703 Scien-

1433 1718 1513 1749 dum
1537 1724 1585 1748 est
1607 1717 1704 1757 igitur
1719 1717 1810 1758 quod
1827 1717 1959 1758 aliquod
1977 1727 2060 1758 opus
2084 1724 2191 1758 potest
2214 1717 2275 1748 dici
2293 1727 2376 1758 opus
2391 1717 2516 1748 virtutis

1434 1762 1619 1803 dupliciter:
1644 1762 1761 1802 primo,
1787 1772 1824 1792 ex
1847 1772 1907 1792 suo
1932 1772 2047 1802 genere
2071 1769 2214 1799 tantum;
2240 1762 2392 1799 secundo,
2411 1772 2448 1793 ex
2463 1773 2515 1802 ge-

1434 1817 1509 1838 nere
1538 1814 1569 1838 et
1595 1807 1747 1838 omnibus
1776 1806 2035 1842 circumstantiis,
2063 1807 2209 1847 quando,
2239 1807 2303 1845 ubi,
2331 1808 2426 1845 sicut,
2456 1815 2515 1839 etc.

1434 1851 1629 1893 Exemplum
1658 1851 1769 1892 primi:
1804 1851 1968 1882 restituere
1998 1851 2182 1892 depositum
2214 1852 2241 1882 ei
2267 1852 2322 1892 qui
2347 1852 2515 1892 deposuit,

1434 1896 1602 1929 subvenire
1626 1895 1835 1936 indigentiam
1851 1895 1995 1936 patienti,
2011 1896 2095 1927 mala
2111 1906 2236 1936 poenae
2251 1897 2431 1927 voluntarie
2448 1907 2516 1928 sus-

1435 1941 1533 1973 tinere
1564 1941 1604 1971 ad
1628 1940 1814 1971 evitandum
1843 1940 1965 1971 malurn
1990 1941 2114 1981 culpae.
2147 1941 2342 1981 Exemplum
2366 1942 2514 1972 secundi:

1436 1986 1565 2017 reddere
1590 1985 1679 2026 quod
1703 1995 1800 2016 suum
1821 1992 1868 2015 est
1891 1985 2066 2026 unicuique
2090 1986 2232 2026 quando,
2251 1985 2316 2023 ubi,
2334 1986 2425 2023 sicut,
2444 1994 2514 2023 etc„

1436 2037 1578 2071 oportet;
1611 2040 1708 2070 opera
1732 2029 1968 2061 misericordiae
1992 2040 2134 2061 exercere
2163 2031 2311 2071 quando,
2338 2031 2409 2068 ubi,
2435 2031 2517 2063 sicut

1436 2082 1577 2116 oportet;
1602 2074 1744 2106 ieiunare
1768 2074 1915 2115 quando,
1940 2082 2071 2115 propter
2094 2075 2188 2116 quid,
2213 2075 2294 2106 sicut
2318 2083 2461 2116 oportet;
2487 2083 2517 2107 et

1436 2120 1480 2151 sic
1505 2120 1544 2150 de
1568 2119 1647 2150 aliis.
1681 2119 1739 2150 Est
1762 2126 1871 2150 autem
1899 2118 1980 2150 inter
2003 2119 2081 2150 haec
2112 2127 2199 2150 tanta
2224 2119 2398 2151 differentia
2427 2122 2515 2161 quod

1437 2174 1534 2205 opera
1558 2164 1643 2194 bona
1671 2173 1708 2194 ex
1732 2173 1792 2194 suo
1817 2173 1931 2203 genere
1955 2170 2079 2194 tantum
2112 2174 2177 2195 non
2202 2171 2277 2195 sunt
2299 2165 2518 2196 universaliter

1437 2219 1535 2250 opera
1550 2208 1686 2244 virtutis,
1711 2208 1771 2238 nisi
1787 2207 1850 2238 sint
1874 2207 1969 2238 etiam
1994 2209 2079 2239 bona
2097 2219 2134 2239 ex
2150 2209 2410 2240 circumstantiis:
2436 2221 2516 2251 quo-

1437 2253 1525 2285 niam
1540 2253 1657 2284 bonum
1675 2254 1844 2294 consurgit
1860 2262 1903 2283 ex
1918 2262 2018 2284 causa
2035 2254 2165 2294 integra
2177 2253 2204 2284 *.
2223 2254 2338 2291 Immo,
2355 2254 2380 2284 si
2398 2255 2517 2296 absque

1437 2298 1550 2330 debitis
1575 2297 1818 2328 circumstantiis
1842 2296 1929 2334 fiant,
1954 2297 2039 2328 mala
2062 2298 2225 2330 moraliter
2248 2306 2335 2330 sunt:
2361 2300 2517 2340 quoniam

1437 2343 1550 2374 saltem
1575 2349 1649 2373 sunt
1673 2349 1783 2373 contra
1807 2341 2029 2383 prudentiam,
2054 2353 2137 2384 quae
2165 2343 2269 2374 forma
2293 2351 2340 2375 est
2362 2344 2517 2376 virtutum

1437 2388 1621 2424 moralium,
1646 2397 1730 2428 quae
1754 2387 2007 2419 circumstantias
2031 2397 2145 2419 omnes
2165 2388 2260 2429 exigit
2283 2388 2324 2419 ad
2348 2399 2446 2430 opera
2461 2390 2519 2420 vir—

1437 2433 1530 2470 tutis;
1555 2439 1586 2463 et
1610 2442 1648 2463 ex
1662 2432 1725 2462 hoc
1740 2431 1812 2472 ipso
1836 2432 1926 2473 quod
1949 2432 2050 2463 homo
2067 2443 2100 2463 se
2116 2433 2254 2474 applicat
2277 2433 2317 2464 ad
2340 2435 2519 2475 quodcum-

1436 2488 1501 2520 que
1525 2487 1609 2518 opus
1632 2476 1757 2508 virtutis
1781 2487 1818 2508 ex
1842 2487 1902 2507 suo
1927 2486 2051 2517 genere,
2069 2478 2200 2519 quando
2215 2478 2266 2509 vel
2282 2478 2347 2515 ubi,
2364 2486 2434 2516 etc.,
2452 2491 2517 2511 non

1437 2524 1537 2559 decet,
1558 2529 1677 2563 peccat.
1701 2522 1743 2552 Et
1766 2532 1803 2553 ex
1819 2521 1882 2553 hoc
1905 2528 1936 2552 te
1959 2521 2075 2553 habere
2098 2523 2174 2553 volo
2198 2523 2287 2564 quod
2313 2534 2388 2554 cum
2412 2525 2444 2555 in
2469 2525 2518 2556 lit-

1436 2576 1502 2601 tera
1532 2567 1647 2598 dicitur
1676 2567 1767 2607 quod
1796 2576 1893 2597 omne
1922 2576 2006 2607 opus
2035 2567 2160 2598 virtutis
2195 2575 2301 2608 potest
2329 2578 2395 2599 esse
2424 2579 2519 2601 causa

1437 2612 1591 2654 martyrii,
1615 2611 1803 2651 intelligitur
1825 2612 1864 2642 de
1882 2621 1979 2651 opere
1994 2611 2118 2643 virtutis
2134 2622 2201 2642 non
2217 2612 2398 2653 partialiter,
2423 2615 2518 2655 quale

1438 2665 1486 2690 est
1509 2667 1592 2698 opus
1615 2656 1740 2687 virtutis
1763 2667 1800 2687 ex
1819 2656 1890 2686 solo
1907 2666 2031 2696 genere,
2049 2657 2104 2687 sed
2120 2657 2269 2696 totaliter,
2285 2657 2328 2688 ita
2348 2659 2437 2699 quod
2457 2659 2517 2696 hic,

1438 2713 1535 2739 nunc,
1561 2711 1670 2733 coram
1693 2701 1776 2738 istis,
1794 2707 1864 2737 etc„
1889 2707 1937 2731 est
1956 2711 2040 2741 opus
2063 2701 2207 2732 virtutis:
2233 2702 2324 2743 quod
2340 2702 2426 2733 enim
2450 2714 2516 2734 non

1439 2755 1486 2780 est
1509 2757 1605 2783 nunc,
1623 2746 1684 2782 hic,
1702 2755 1810 2776 coram
1834 2744 1911 2781 istis,
1929 2752 2000 2782 etc„
2017 2756 2101 2786 opus
2124 2746 2259 2784 virtutis,
2281 2757 2346 2777 non
2372 2755 2418 2778 est
2442 2756 2518 2779 tunc

1439 2793 1616 2834 agendum;
1638 2798 1668 2821 et
1690 2797 1923 2832 consequenter
1938 2801 2004 2821 non
2019 2798 2065 2822 est
2082 2801 2140 2831 pro
2158 2801 2196 2821 eo
2213 2798 2290 2822 tunc
2307 2793 2431 2832 agendo
2447 2803 2518 2824 mo-

1439 2838 1597 2869 riendum.
1623 2836 1696 2866 Hoc
1719 2843 1766 2867 est
1790 2835 1932 2876 primum
1956 2835 1988 2866 in
2004 2846 2071 2876 quo
2096 2835 2250 2866 deficiunt
2272 2845 2459 2876 argumenta
2476 2838 2518 2868 al-

1438 2883 1501 2914 lata
1517 2892 1555 2912 ex
1570 2880 1722 2912 Martino:
1748 2879 1903 2921 quoniam
1921 2880 2081 2920 accipiunt
2096 2890 2153 2921 per
2168 2891 2265 2921 opera
2280 2881 2404 2912 virtutis
2422 2893 2519 2923 opera

1439 2927 1547 2958 solum
1572 2936 1609 2956 ex
1632 2935 1693 2956 suo
1716 2935 1830 2965 genere
1854 2925 1956 2961 bona;
1981 2935 2057 2956 cum
2073 2933 2181 2956 tamen
2197 2933 2321 2957 constet
2344 2928 2434 2967 quod
2459 2927 2518 2958 nisi

1439 2972 1502 3003 sint
1521 2981 1559 3002 ex
1574 2969 1818 3001 circumstantiis
1843 2980 1975 3011 quoque
1994 2971 2090 3006 bona,
2108 2980 2174 3001 non
2192 2977 2267 3001 sunt
2281 2971 2406 3002 virtutis
2422 2982 2519 3012 opera

1439 3016 1500 3047 nisi
1524 3015 1708 3056 partialiter.

1496 3061 1550 3092 Vl.
1575 3059 1673 3090 Aliud
1698 3065 1806 3089 autem
1830 3066 1886 3095 est,
1911 3059 2067 3100 quoniam
2085 3069 2151 3090 non
2168 3069 2271 3100 aequa
2289 3059 2378 3090 lance
2395 3060 2519 3090 bonum

1439 3105 1614 3136 honestum
1638 3111 1668 3135 et
1690 3104 1813 3134 malum
1830 3103 1942 3143 culpae
1959 3104 2047 3134 bono
2064 3103 2230 3134 commodi
2247 3111 2278 3134 et
2292 3104 2378 3134 malo
2394 3114 2519 3144 poenae

1440 3155 1677 3190 comparantur.
1709 3149 1812 3179 Nosse
1837 3158 1978 3189 namque
2002 3155 2130 3189 oportet
2158 3148 2247 3189 quod
2272 3149 2397 3179 bonum
2420 3149 2519 3180 moris

1439 3194 1531 3236 quod
1553 3194 1685 3233 integre,
1710 3200 1746 3224 ut
1770 3192 1892 3223 dictum
1916 3199 1963 3223 est
1977 3192 2004 3229 *ζ
2029 3193 2154 3224 bonum
2178 3192 2278 3223 moris
2301 3200 2357 3230 est,
2382 3201 2520 3234 praestat

1441 3238 1531 3269 omni
1554 3239 1643 3269 bono
1668 3237 1831 3273 exteriore,
1856 3243 1934 3277 puta
1957 3237 2083 3273 divitiis,
2105 3237 2292 3274 honoribus,
2310 3238 2424 3278 regnis,
2442 3245 2519 3275 etc.;

1441 3290 1472 3315 et
1500 3282 1730 3323 corporalibus,
1754 3289 1832 3322 puta
1862 3281 2108 3322 pulchritudine,
2133 3281 2284 3320 sanitate;
2310 3289 2350 3319 et,
2374 3283 2519 3320 breviter,

1440 3328 1510 3368 ipsa
1532 3327 1605 3358 vita.
1631 3327 1730 3363 Quod
1753 3332 1840 3366 patet
1864 3326 1950 3366 apud
1970 3326 2194 3367 philosophos,
2215 3326 2292 3367 quia
2307 3327 2393 3358 bona
2410 3328 2519 3365 animi,

1441 3382 1523 3414 quae
1546 3382 1613 3402 non
1637 3377 1774 3411 possunt
1797 3369 1913 3401 auferri
1937 3371 1975 3401 ab
1999 3371 2116 3408 invitis,
2142 3378 2217 3402 sunt
2240 3372 2349 3402 ceteris
2366 3373 2519 3403 excellen-

1440 3417 1536 3448 tiora:
1568 3423 1599 3447 et
1631 3416 1717 3455 apud
1747 3414 1962 3451 Christianos,
1987 3415 2064 3456 quia
2086 3416 2160 3446 talia
2184 3416 2252 3446 sola
2276 3424 2350 3448 sunt
2373 3427 2455 3458 quae
2479 3418 2518 3447 ad

1440 3462 1548 3494 Deum
1572 3460 1739 3491 hominem
1763 3459 2034 3500 appropinquant.
2065 3461 2107 3491 Et
2134 3471 2171 3491 ex
2194 3460 2258 3491 hoc
2281 3461 2357 3492 volo
2386 3469 2416 3492 te
2440 3462 2518 3492 scire

1440 3507 1541 3547 quod,
1567 3505 1632 3536 sive
1649 3514 1805 3545 magnum
1829 3504 1894 3534 sive
1913 3514 2048 3544 parvum
2064 3505 2159 3536 fuerit
2175 3515 2260 3546 opus
2275 3506 2410 3543 virtutis,
2428 3507 2518 3537 dum-

1440 3551 1540 3582 modo
1562 3550 1602 3581 sit
1615 3550 1736 3590 integre
1751 3559 1834 3590 opus
1849 3549 1984 3586 virtutis,
2002 3560 2061 3590 pro
2078 3560 2117 3580 eo
2133 3550 2278 3581 faciendo
2295 3557 2401 3591 potest
2417 3550 2517 3581 homo

1442 3595 1547 3627 subire
1572 3601 1727 3625 mortem:
1760 3593 1915 3635 quoniam
1942 3594 2111 3635 praeelegit
2141 3595 2245 3625 maius
2275 3596 2399 3626 bonum
2429 3605 2517 3635 prae-

2358 3655 2374 3680 6

2538 958 2546 966 ·
2565 956 2620 978 Gen.
2638 962 2690 983 cap.
2708 961 2750 982 xn,

2537 989 2596 1005 vers.
2605 989 2623 1005 ιι
2631 989 2692 1011 sqq.;
2699 988 2750 1011 cap.

2537 1052 2544 1060 ”
2551 1051 2577 1072 In
2583 1055 2646 1077 resp.
2652 1049 2682 1071 ad
2691 1055 2751 1077 arga

2538 1081 2601 1099 cont.
2616 1076 2721 1098 conclus.
2730 1082 2751 1104 5.

2538 1107 2547 1114 ³
2562 1104 2598 1126 et.
2614 1109 2679 1125 num.
2694 1109 2717 1124 x.

2546 2263 2554 2272 ⁸
2563 2261 2697 2290 Dionys-de
2704 2261 2759 2282 Div-

2546 2288 2614 2311 Nom.
2633 2294 2685 2316 cap.
2700 2294 2731 2309 ιν.
2747 2300 2757 2304 -

2546 2316 2570 2337 S.
2581 2315 2627 2337 Th.
2638 2316 2690 2337 lect.
2701 2321 2758 2337 xxu.

2546 3206 2554 3215 ⁸
2570 3204 2640 3226 Num.
2652 3204 2758 3231 praeced.
