2768 4198
56 877 66 887 ⁸
80 876 115 897 De
128 875 266 901 Iracundia,

57 909 95 933 qu:
117 908 146 928 11,
171 902 199 923 ad
221 902 266 930 3⁸¹¹*

56 929 139 950 obnect.
146 932 206 950 cont.
212 934 266 950 con-

56 955 111 976 clus.
127 961 144 982 5.

56 1208 65 1217 ⁸
79 1207 155 1228 Matth.
176 1212 226 1233 cap.
242 1213 264 1232 v,

55 1239 112 1255 vers.
128 1240 162 1254 20.

59 1751 267 1777 ’HomiLXLVIIL

57 1780 86 1800 al.
119 1778 203 1800 XLVII
210 1795 215 1804 ,
244 1779 267 1799 in

57 1806 122 1827 Ioan.

58 2067 67 2076 ⁸
82 2066 138 2093 Cap.
154 2071 191 2087 ιιι.

59 2231 68 2240 ·
82 2230 137 2251 Loc.
153 2229 190 2251 cit.

297 309 371 356 276

295 442 332 462 ex
354 441 466 471 genere
497 438 543 462 est
566 430 724 462 sufficiens
756 439 849 460 causa
872 429 911 458 ad
938 428 999 458 hoc
1030 427 1119 467 quod
1143 426 1182 457 sit
1205 425 1358 461 mortalis,

296 531 332 551 ex
356 520 586 551 circumstantia
620 526 650 549 et
673 528 709 548 ex
738 517 862 548 obiecto
887 515 1045 551 mortalis,
1071 514 1236 554 supposita
1259 513 1359 554 perfe-

295 564 399 595 ctione
423 571 519 599 actus‚
540 573 606 593 non
629 562 664 593 fit
687 562 813 592 aliunde
838 570 903 590 non
927 559 1077 589 mortalis.
1106 559 1176 595 Sed,
1202 568 1268 588 non
1284 568 1359 597 sup-

295 609 398 649 posita
415 607 606 648 perfectione
623 613 719 641 actuS,
736 615 839 645 neque
856 603 1014 634 sufficiens
1031 610 1077 634 est
1093 613 1187 633 causa
1205 602 1358 638 mortalis,

296 662 398 693 neque
422 650 655 682 indistrahibilis
672 657 718 680 est
733 648 917 679 mortalitas.
941 648 1006 678 Nec
1023 647 1156 677 mirum:
1182 647 1256 689 quia
1272 653 1359 677 actus

295 696 495 737 imperfectus
517 706 582 726 non
599 701 644 725 est
659 703 754 734 capax
770 692 979 723 mortalitatis.
1004 692 1044 722 Et
1063 691 1192 731 perinde
1207 698 1254 722 est
1270 690 1359 731 loqui

295 742 333 771 de
357 740 481 770 mortali
506 750 571 769 non
594 739 626 768 in
650 745 721 768 actu
746 736 895 777 perfecto,
920 746 955 766 ac
979 736 1003 766 si
1027 736 1233 776 loqueremur
1257 735 1294 765 de
1312 735 1359 766 lu-

296 785 379 815 mine
404 794 468 814 non
493 783 523 813 in
549 782 719 822 diaphano.

350 829 401 859 IV.
427 829 461 857 In
485 826 690 866 responsione
715 826 753 855 ad
777 825 953 855 secundum
978 824 1121 854 eiusdem
1145 823 1276 860 articuli,
1301 823 1361 853 du-

294 873 383 903 bium
413 882 449 902 ex
479 871 615 902 Martino
641 870 658 889 *
682 869 833 904 occurrit,
859 875 1008 909 arguente
1033 875 1142 899 contra
1166 868 1247 898 hanc
1274 867 1360 898 solu-

295 917 431 952 tionem,
462 915 536 956 quia
566 915 725 945 Dominus
758 914 790 943 in
818 920 887 944 toto
916 920 1002 944 textu
1031 913 1086 943 illo
1118 922 1183 942 non
1217 912 1361 953 loquitur

294 961 332 990 de
363 960 539 998 occisione,
564 959 623 989 nisi
647 966 805 1000 quantum
835 958 970 998 pertinet
1000 958 1039 988 ad
1071 957 1174 997 Iegem
1204 964 1359 993 veterem,

293 1014 391 1045 quam
413 1004 456 1034 ibi
480 1004 602 1035 recitat:
634 1010 664 1034 et
687 1013 753 1033 non
785 1002 823 1032 de
847 1002 903 1032 illo
935 1003 1022 1043 quod
1047 1002 1087 1032 ad
1115 1001 1219 1041 legem
1242 1011 1360 1032 novam

293 1055 421 1089 spectat.

348 1093 399 1123 Ad
422 1093 484 1123 hoc
500 1092 614 1122 dicitur
637 1092 726 1132 quod
743 1098 909 1123 contextus
926 1091 1009 1121 illius
1025 1091 1146 1122 litterae
1165 1089 1362 1130 evangelicae

293 1136 471 1167 manifestat
494 1137 582 1177 quod
607 1136 767 1167 Dominus
790 1137 934 1177 loquitur
957 1136 996 1166 de
1016 1135 1137 1166 actibus
1160 1134 1215 1175 qui
1240 1134 1361 1165 suntin

293 1188 525 1212 nocumentum
549 1181 702 1221 proximi:
727 1187 758 1211 et
781 1181 870 1221 quod
886 1180 997 1211 volens
1020 1179 1181 1210 Dominus
1196 1179 1362 1210 abundare

293 1227 446 1257 iustitiam
463 1231 607 1257 nostram
621 1226 698 1266 plus
713 1235 808 1266 quam
825 1225 1012 1256 Scribarum
1029 1230 1060 1255 et
1073 1224 1322 1255 Pharisaeorum
1335 1223 1361 1260 *‚

949 303 1215 352 QUAESTIO
1246 302 1417 349 CLVIII,
1447 303 1746 342 ARTICULUS
1776 305 1828 342 lV

294 397 350 428 per
371 387 442 418 illas
472 387 691 427 probationes:
717 386 944 426 respondeatur
967 384 1055 424 quod
1078 383 1111 412 in
1138 389 1209 413 actu
1233 381 1359 412 mortali
1384 412 1386 415 ,

1412 382 1525 421 accipit
1547 383 1581 412 in
1605 383 1714 414 multis
1737 384 1904 423 generibus
1918 391 2084 425 praecepta
2104 384 2253 425 antiquae
2275 384 2363 424 legis,
2382 391 2414 414 et
2435 394 2485 414 su-

1385 463 1387 468 *
1412 426 1589 465 peraddidit
1612 435 1777 467 praecepta
1802 428 1929 468 potiora
1951 429 1984 459 in
2000 428 2055 459 illo
2072 439 2195 469 genere.
2212 435 2247 460 ut
2263 435 2349 469 patet
2373 428 2485 459 diffuse

295 476 460 516 supposita
471 475 664 516 perfectione
681 481 785 504 actus:
808 480 838 503 et
854 483 918 502 non
936 471 1032 502 aliter.
1058 471 1099 501 Et
1117 470 1259 500 similiter
1271 476 1359 500 actus
1385 495 1387 510 ÷

1412 469 1445 499 in
1462 470 1601 510 capitulo
1618 471 1684 503 illo.
1703 472 1745 502 Et
1759 472 1913 503 inchoans
1930 483 1947 503 a
1963 483 2076 513 genere
2092 473 2224 504 iniuriae
2240 473 2273 504 in
2289 472 2483 513 proximum,

1385 538 1387 548 ‚
1413 513 1546 544 assumit
1564 522 1769 556 praeceptum
1784 516 1861 556 legis
1878 517 1916 547 de
1931 516 2116 554 homicidio,
2134 517 2268 548 dicendo
2283 517 2316 547 *:
2341 516 2485 547 Audistis

1385 555 1387 592 ἶ
1412 559 1487 598 quia
1511 558 1630 589 dictum
1656 565 1702 590 est
1724 561 1874 600 antiquis,
1898 574 1911 589 ι
1931 561 2004 591 Νοη
2029 561 2168 592 occides:
2192 562 2248 602 qui
2270 567 2377 592 autem
2403 561 2485 591 occi-

1413 602 1508 638 derit,
1533 612 1610 634 reus
1631 605 1695 634 erit
1718 604 1836 635 iudicio
1854 617 1883 635 2.
1908 605 1949 635 Et
1965 605 2081 642 statim,
2098 606 2218 636 addens
2237 606 2363 646 potiora
2382 605 2415 635 in
2431 615 2485 635 eo·

1414 646 1486 676 dem
1517 656 1631 686 genere
1661 655 1844 688 praecepta,
1869 649 2024 680 subdit*:
2055 650 2130 691 Ego
2158 655 2266 681 autem
2290 650 2361 681 dico
2385 649 2484 687 vobis,
2512 656 2523 666 ⁸

1413 692 1488 731 quia
1513 693 1616 722 omnis
1638 693 1693 732 qui
1708 693 1862 723 irascitur
1875 692 1985 733 fratri
2006 703 2077 732 suo,
2095 703 2171 725 reus
2186 695 2247 725 erit
2266 694 2384 725 iudicio
2407 701 2483 724 etc.:

1413 735 1478 771 ubi,
1497 745 1533 766 ex
1556 735 1719 767 identitate
1736 746 1859 776 poenae
1876 737 2040 777 appositae
2056 738 2095 768 ab
2111 737 2183 778 ipso
2207 738 2270 770 irae
2286 748 2368 780 quae
2385 737 2486 768 fuerat

1413 779 1563 819 imposita
1578 779 1764 816 homicidio,
1782 787 1868 820 patet
1890 781 1979 822 quod
1995 781 2034 811 de
2057 781 2103 812 ira
2126 782 2260 814 habente
2281 792 2339 823 pro
2360 781 2486 813 obiecto

1386 851 1388 867 ,ἵ
1414 830 1648 854 nocumentum
1671 823 1827 864 proximi,
1851 824 2004 865 loquitur.
2038 825 2123 862 Quia
2147 835 2222 866 ergo
2249 826 2360 857 radicis
2387 826 2486 857 virtus

1413 868 1551 898 salvatur
1574 868 1605 898 in
1631 868 1737 904 ramis,
1762 875 1792 898 et
1816 868 2062 900 fundamentum
2085 870 2117 900 in
2140 877 2210 901 toto
2234 870 2376 901 aedificio
2401 871 2486 901 inve-

1414 912 1509 948 nitur,
1533 918 1621 943 totus
1645 922 1750 942 sermo
1774 912 1826 942 hic
1849 913 1992 950 Domini,
2017 915 2231 953 superaddens
2255 922 2423 955 praecepto
2447 915 2486 945 de

1387 947 1389 990 ἶ
1414 956 1602 994 homicidio,
1626 963 1711 988 extra
1734 956 1899 988 homicidii
1922 967 2023 998 genus
2042 967 2109 989 non
2133 965 2189 994 est,
2205 959 2246 989 ad
2268 959 2358 999 quod
2381 959 2487 991 omnis

1414 1001 1550 1041 proximi
1573 1001 1671 1032 laesio
1695 1001 1864 1032 reducitur.
1890 1001 2020 1032 Falsum
2037 1009 2084 1032 est
2107 1011 2182 1042 ergo
2198 1003 2288 1043 quod
2311 1003 2417 1035 solum
2441 1013 2487 1035 re-

1415 1045 1542 1076 citando
1565 1045 1669 1085 legem
1692 1052 1831 1076 veterem
1854 1045 1894 1077 sit
1917 1046 1956 1076 de
1979 1046 2155 1078 homicidio
2178 1056 2284 1077 sermo
2313 1047 2373 1078 ibi:
2405 1057 2486 1088 quo-

1414 1090 1518 1126 niam,
1543 1090 1786 1130 superaddendo
1814 1097 1983 1131 praecepto
2013 1091 2052 1122 de
2075 1090 2267 1128 homicidio,
2292 1097 2324 1122 et
2350 1098 2488 1132 quantae

1415 1134 1528 1175 culpae
1551 1134 1591 1165 sit
1614 1134 1774 1175 appetitus
1797 1134 1928 1165 interior
1951 1141 1981 1166 et
2004 1135 2133 1175 signum
2157 1142 2188 1166 et
2206 1135 2341 1166 verbum
2355 1135 2487 1166 iniurio-

1415 1189 1488 1209 sum
1511 1179 1544 1209 in
1568 1179 1752 1219 proximum
1775 1178 1964 1219 aperiendo,
1992 1189 2091 1220 quam
2122 1179 2346 1219 gravissimum
2369 1179 2408 1210 sit
2431 1179 2488 1210 ho-

1416 1223 1592 1260 micidium,
1618 1223 1811 1263 apertissime
1836 1223 2056 1255 manifestavit.

1081 1377 1400 1420 ARTICULUS
1436 1376 1713 1428 QUARTUS

928 1472 1085 1503 UTRUM
1110 1472 1182 1502 IRA
1205 1471 1272 1502 srr
1297 1470 1592 1502 GRAvlssmuM
1615 1469 1856 1501 PECCATUM

1006 1550 1029 1574 1a
1049 1550 1104 1580 11⁸⁶,
1125 1557 1168 1582 qu.
1189 1557 1256 1580 vax,
1276 1554 1322 1574 art.
1342 1548 1373 1578 6;
1395 1549 1436 1574 De
1454 1549 1538 1578 Malo,
1558 1556 1602 1582 qu.
1621 1556 1665 1578 ¹11,
1684 1554 1730 1574 art.
1749 1556 1774 1580 4.

322 1648 388 1704 24²5<
411 1652 484 1700 W«
507 1643 530 1668 ι)
546 1642 719 1674 QUARTUM
738 1642 792 1667 51c
811 1642 1052 1667 pnocemrua.
1078 1630 1238 1667 Videtur
1258 1629 1362 1678 quod

328 1676 483 1755 gaf&
507 1685 562 1721 ira
576 1684 622 1721 sit
635 1683 900 1758 gravissimapm
917 1691 1129 1774 pedccattlirp.
1146 1683 1246 1720 Dicit
1261 1683 1362 1719 enim

313 1743 316 1748 ·
345 1741 355 1751 ²
373 1755 429 1774 ν»
483 1737 587 1775 Chr
616 1745 806 1774 sostomus
900 1749 950 1773 uo
1012 1737 1053 1773 ni
1078 1737 1092 1772 i
1132 1742 1186 1772 est
1220 1741 1282 1772 tur
1308 1736 1365 1772 ius

314 1744 787 1838 ’γε-(νὶειιΥῙιιν-εηίὶε,
818 1796 853 1826 et
873 1749 972 1826 ςἒιὶΙιίΙ
998 1789 1206 1837 deformius
1233 1748 1363 1826 seffero

294 1846 399 1881 visu.-
427 1849 463 1880 et
489 1844 605 1880 multo
634 1844 770 1892 magis,
801 1843 943 1879 anima.
984 1843 1087 1889 Ergo
1117 1842 1171 1878 ira
1201 1848 1256 1878 est
1284 1853 1365 1889 gra-

295 1897 497 1934 vissimum
528 1903 739 1944 peccatum.

295 2003 414 2051 magis
442 2001 643 2049 nocivum,
674 2009 778 2038 tanto
807 2001 958 2038 videtur
996 2013 1079 2038 esse
1107 2001 1236 2050 peius:
1276 2000 1364 2048 quia

296 2057 389 2093 sicut
417 2055 651 2103 Augustinus
680 2054 780 2101 dicit,
805 2054 844 2091 in
871 2054 1065 2091 Enchirid.
1086 2054 1117 2101 ³¹⁸,
1147 2053 1291 2091 malum
1311 2054 1364 2091 di·
1391 2050 1393 2063 ¹

295 2110 391 2147 citur
426 2109 569 2157 aliquid
604 2109 705 2156 quod
724 2113 740 2129 α
775 2113 892 2144 nocet.
933 2109 991 2144 Ira
1029 2115 1157 2144 autem
1196 2107 1364 2144 maxime

297 2169 426 2200 nocet:
463 2162 552 2210 quia
581 2161 702 2198 aufert
728 2161 875 2197 homini
905 2161 1113 2208 rationem,
1144 2173 1213 2210 per
1245 2173 1362 2209 quam

297 2224 352 2254 est
371 2215 549 2253 dominus
570 2215 626 2251 sui
648 2214 782 2263 ipsius;
806 2214 893 2252 dicit
913 2214 1015 2251 enim
1037 2213 1366 2262 Chrysostomus*

296 2269 403 2320 quod
430 2269 511 2305 irae
538 2274 573 2304 et
604 2268 774 2305 insaniae
802 2268 894 2304 nihil
926 2273 978 2304 est
1006 2267 1182 2313 medium,
1213 2267 1280 2305 sed
1306 2268 1365 2305 ira

297 2329 559 2371 temporaneus
587 2326 641 2358 est
676 2321 830 2369 quidam
869 2321 1046 2367 daemon,
1075 2321 1200 2371 magis
1239 2326 1364 2358 autem

297 2381 333 2413 et
358 2375 599 2412 daemonium
627 2375 784 2411 habente
809 2375 998 2422 difficilius
1024 2373 1051 2411 β.
1091 2374 1194 2422 Ergo
1222 2373 1277 2411 ira
1311 2382 1367 2411 est

298 2428 564 2477 gravissimum
592 2435 802 2477 peccatum.

354 2483 387 2519 3.
408 2483 641 2528 PRAETEREA,
662 2480 856 2518 interiores
886 2488 1012 2517 motus
1039 2480 1290 2518 diiudicantur
1309 2493 1366 2518 se·
1393 2485 1394 2509 ³

300 2536 467 2572 cundum
497 2535 700 2572 exteriores
730 2533 899 2571 effectus.
930 2534 1007 2571 Sed
1028 2533 1186 2571 effectus
1205 2533 1283 2571 irae
1313 2542 1368 2572 est

300 2580 571 2635 homicidium,
611 2587 717 2636 quod
756 2595 811 2624 est
848 2587 1113 2635 gravissimum
1151 2595 1364 2636 peccatum.
1393 2579 1395 2622 l

300 2644 401 2690 Ergo
431 2642 486 2679 ira
515 2649 569 2678 est
597 2640 867 2689 gravissimum
896 2648 1110 2690 peccatum.

354 2697 428 2733 SED
457 2706 603 2732 CONTRA
622 2705 689 2731 EST
704 2694 809 2742 quod
828 2694 882 2731 ira
903 2702 1146 2742 comparatur
1165 2694 1212 2731 ad
1233 2693 1366 2730 odium

301 2749 394 2786 sicut
422 2749 565 2785 festuca
593 2747 643 2784 ad
671 2748 835 2784 trabem:
872 2747 959 2784 dicit
989 2747 1090 2784 enim
1120 2747 1366 2794 Augustinus,
1394 2741 1395 2750 ¹

63 2814 167 2861 {¹533
192 2813 272 2839 cem,
300 2803 338 2840 in
366 2802 516 2852 Regula
536 2801 575 2838 *ε
605 2801 669 2838 Ne
687 2801 746 2838 ira
766 2806 911 2838 crescat
937 2801 973 2837 in
1004 2801 1143 2847 odium,
1164 2806 1200 2837 et
1221 2801 1366 2838 trahem

65 2974 73 2982 ⁵
88 2973 137 2993 Art.
153 2978 174 2998 2,
188 2978 207 3000 3.

289 2856 416 2904 faciat
442 2855 488 2892 de
510 2856 669 2902 festuca.
700 2855 791 2891 Non
821 2866 910 2902 ergo
939 2854 992 2891 ira
1013 2862 1069 2891 est
1097 2853 1366 2902 gravissimum
1394 2850 1396 2863 '

1394 2927 1396 2951 2
1424 2919 1498 2945 non
1518 2908 1630 2944 hahet
1647 2907 1959 2953 misericordiam,
1981 2918 2049 2944 nec
2072 2918 2273 2956 erumpens
2287 2908 2433 2956 furor:
2460 2913 2496 2945 et

1395 2989 1397 3008 ἰ
1423 2961 1600 3009 impetum
1621 2961 1798 2998 concitati
1813 2961 1965 3009 spiritus
1972 2961 2087 3009 ferre
2100 2960 2183 3009 quis
2195 2959 2363 3008 poterit?
2381 2960 2494 2998 Unde

1395 3050 1397 3064 ξ
1424 3014 1630 3062 Gregorius
1651 3013 1751 3061 dicit,
1772 3013 1810 3050 in
1830 3014 1866 3050 V
1883 3014 2028 3051 Moral.
2049 3013 2090 3052 *z
2120 3014 2210 3050 Irae
2227 3025 2320 3050 suae
2337 3013 2496 3051 stimulis

328 2916 513 2946 eccatum.

300 2922 325 2958 p
355 2963 581 2999 Responnno
610 2971 795 2998 DtCENDUM
823 2960 940 3008 quod,
971 2960 1067 2996 sicut
1090 2960 1232 2996 dictum
1263 2968 1318 2996 est
1337 2959 1367 3007 ²⁸,

301 3015 529 3053 inordinatio
550 3015 626 3051 irae
647 3013 860 3051 secundum
882 3013 959 3050 duo
981 3013 1206 3050 attenditur:
1232 3012 1369 3050 scilicet

302 3069 514 3107 secundum
536 3067 749 3105 indebitum
779 3066 995 3116 appetibile,
1018 3074 1053 3103 et
1073 3066 1286 3104 secundum
1315 3065 1369 3103 in-

303 3122 473 3160 debitum
512 3120 673 3158 modum
707 3119 906 3158 irascendi.
947 3120 1146 3167 Quantum
1179 3119 1288 3168 igitur
1321 3120 1370 3157 ad

303 3175 505 3224 appetibile
534 3175 637 3223 quod
675 3174 790 3210 iratus
826 3173 989 3222 appetit,
1018 3173 1168 3210 videtur
1206 3185 1288 3210 esse
1317 3173 1370 3210 ira
1396 3174 1398 3199 ‡

304 3228 507 3265 minimum
536 3234 797 3277 peccatorum.
832 3227 990 3276 Appetit
1009 3227 1110 3263 enim
1141 3226 1196 3263 ira
1224 3226 1369 3263 malum

305 3293 451 3330 poenae
481 3281 638 3318 alicuius
667 3281 738 3317 sub
769 3280 914 3317 ratione
943 3280 1035 3316 boni
1072 3280 1175 3328 quod
1207 3287 1262 3316 est
1289 3279 1370 3316 vin-

307 3333 414 3371 dicta.
444 3334 493 3371 Et
520 3334 607 3372 ideo
638 3346 681 3370 ex
710 3341 815 3382 parte
845 3333 935 3371 mali
965 3334 1069 3382 quod
1099 3333 1250 3383 appetit,
1281 3345 1370 3371 con-

361 3562 388 3593 α)
408 3561 486 3594 quod.
499 3574 518 3579 -
538 3560 600 3593 quia
619 3560 735 3585 PBCFK.

365 3594 389 3629 β)
409 3595 481 3629 quod
505 3595 587 3620 irae...
613 3595 788 3628 difficilius·
807 3596 878 3628 quod
902 3596 972 3621 inter
999 3597 1070 3621 iram
1097 3599 1123 3621 et
1150 3596 1283 3621 insaniam
1309 3594 1376 3620 nihil

308 3631 406 3665 differt,
426 3631 474 3656 sed
491 3631 577 3656 brevis
601 3630 710 3663 quidam
737 3631 847 3655 daemon
874 3634 927 3660 est,
948 3632 1029 3656 immo
1058 3638 1136 3662 quam
1162 3631 1208 3663 qui
1233 3630 1375 3656 daemonio

1417 1629 1484 1666 sed
1515 1629 1648 1666 odium
1678 1628 1821 1677 appetit
1849 1629 2023 1666 absolute
2052 1631 2199 1667 malum
2228 1630 2405 1678 alicuius,
2435 1630 2491 1668 in-

1418 1690 1603 1731 quantum
1633 1681 1871 1728 huiusmodi;
1900 1682 2051 1720 invidus
2081 1690 2210 1720 autem
2240 1685 2383 1733 appetit
2410 1696 2490 1722 ma-

1417 1736 1496 1772 lum
1527 1735 1680 1772 alterius
1699 1743 1857 1784 propter
1885 1735 2095 1784 appetitum
2124 1736 2302 1786 propriae
2326 1737 2489 1786 gloriae;

1419 1788 1487 1825 sed
1514 1788 1630 1825 iratus
1657 1788 1798 1837 appetit
1827 1789 1972 1826 malum
2002 1788 2154 1826 alterius
2173 1790 2244 1827 sub
2271 1790 2417 1828 ratione
2437 1790 2491 1828 iu-

1419 1848 1498 1877 stae
1518 1841 1724 1878 vindictae.
1755 1842 1814 1878 Ex
1833 1853 1912 1888 quo
1932 1849 2035 1890 patet
2054 1843 2158 1890 quod
2180 1843 2315 1881 odium
2334 1852 2390 1881 est
2408 1855 2491 1893 gra-

1390 1896 1392 1918 *
1417 1894 1503 1930 vius
1522 1905 1641 1942 quarn
1661 1893 1817 1940 invidia,
1840 1902 1878 1930 et
1896 1894 2041 1932 invidia
2070 1907 2187 1944 quam
2207 1896 2281 1933 ira:
2312 1897 2400 1945 quia
2426 1909 2492 1946 pe·

350 1962 384 1986 2.
419 1950 661 1994 PRAETEREA‚
692 1956 834 1997 quanto
874 1947 1030 1995 aliquod
1068 1954 1269 1996 peccatum
1309 1953 1392 1983 est*

1419 1947 1477 1983 ius
1507 1954 1562 1983 est
1590 1954 1771 1996 appetere
1802 1947 1948 1984 malum
1979 1948 2049 1985 sub
2080 1948 2225 1986 ratione
2255 1949 2345 1986 mali
2375 1961 2491 2000 quam

1420 2000 1491 2037 sub
1520 1999 1666 2037 ratione
1695 2000 1808 2046 boni;
1849 2007 1884 2037 et
1911 1999 2021 2049 peius
2051 2008 2106 2039 est
2134 2009 2313 2051 appetere
2346 2002 2492 2042 malum

1418 2054 1491 2091 sub
1521 2053 1667 2091 ratione
1696 2053 1789 2091 boni
1818 2053 2025 2102 exterioris,
2054 2054 2159 2103 quod
2190 2063 2246 2092 est
2277 2055 2404 2093 honor
2431 2057 2494 2100 vel

1419 2107 1549 2154 gloria,
1580 2119 1698 2156 quam
1727 2107 1798 2144 sub
1828 2107 1973 2144 ratione
2002 2108 2236 2146 rectitudinis
2263 2108 2439 2147 iustitiae'.

1475 2160 1553 2197 Sed
1591 2171 1635 2196 ex
1665 2167 1770 2208 parte
1803 2160 1894 2197 boni
1923 2161 1994 2197 sub
2028 2161 2135 2199 cuius
2169 2161 2315 2200 ratione
2351 2162 2495 2212 appetit

1419 2213 1534 2250 iratus
1563 2213 1722 2260 malum,
1744 2213 1924 2252 convenit
1943 2213 1998 2252 ira
2019 2226 2105 2252 cum
2125 2223 2284 2264 peccato
2314 2215 2494 2267 concupi-

1421 2266 1598 2314 scentiae,
1620 2266 1726 2316 quod
1745 2267 1865 2304 tendit
1883 2267 1922 2304 in
1941 2266 2097 2316 aliquod
2116 2269 2277 2307 bonum.
2307 2269 2357 2307 Et
2376 2281 2494 2319 quan-

1419 2328 1502 2358 tum
1529 2320 1580 2358 ad
1607 2320 1682 2357 hoc
1712 2319 1836 2367 etiam,
1857 2321 2031 2358 absolute
2060 2322 2270 2370 loquendo,
2289 2331 2493 2371 peccatum

1421 2374 1498 2411 irae
1526 2373 1679 2410 videtur
1707 2385 1790 2410 esse
1828 2373 1956 2410 minus
1993 2386 2111 2422 quam
2141 2375 2493 2425 concupiscentiae:

1421 2434 1565 2476 quanto
1595 2426 1731 2464 melius
1761 2435 1817 2463 est
1845 2427 1991 2464 bonum
2021 2427 2192 2474 iustitiae,
2218 2429 2323 2477 quod
2352 2429 2496 2479 appetit

1421 2481 1556 2526 iratus,
1587 2491 1704 2529 quam
1733 2480 1880 2516 bonum
1910 2480 2132 2517 delectabile
2162 2482 2223 2518 vel
2249 2481 2357 2529 utile,
2387 2482 2494 2532 quod

1421 2534 1564 2583 appetit
1593 2533 1877 2582 concupiscens.
1907 2534 2018 2572 Unde
2047 2534 2305 2584 Philosophus
2334 2535 2434 2584 dicit,
2455 2536 2493 2574 in

1421 2587 1489 2625 VII
1510 2587 1631 2624 Ethic.
1653 2587 1685 2633 ²¹¹,
1715 2586 1821 2635 quod
1850 2587 2082 2624 incontinens
2100 2587 2424 2636 concupiscentiae
2441 2595 2497 2628 est

1393 2658 1395 2695 3
1421 2642 1568 2688 turpior
1597 2651 1712 2688 quam
1741 2640 1975 2677 incontinens
2003 2641 2094 2677 irae.

1477 2694 1553 2730 Sed
1573 2701 1760 2741 quantum
1781 2693 1829 2730 ad
1850 2693 2171 2732 inordinationem
2190 2699 2206 2722 Υ
2235 2706 2334 2743 quae
2361 2702 2418 2732 est
2436 2707 2493 2733 se-

1424 2747 1594 2784 cundum
1625 2747 1788 2784 modum
1823 2746 2032 2794 irascendi,
2063 2747 2117 2784 ira
2154 2747 2270 2785 habet
2297 2748 2492 2797 quandam

1423 2800 1696 2847 excellentiam,
1717 2807 1874 2849 propter
1891 2799 2176 2838 vehementiam
2198 2808 2234 2838 et
2251 2801 2494 2840 velocitatem

1424 2853 1481 2891 sui
1510 2861 1654 2891 motus:
1685 2854 1900 2891 secundum
1930 2853 2022 2892 illud
2041 2854 2223 2891 R-overb.
2243 2866 2339 2892 xxvn
2358 2853 2396 2891 *ε
2425 2855 2494 2893 Ira
2522 2861 2532 2870 ·

1423 3079 1623 3104 accensum
1652 3079 1719 3104 cor
1743 3067 1921 3116 palpitat,
1951 3077 2087 3117 corpus
2124 3066 2267 3112 tremit,
2295 3066 2428 3117 lingua
2455 3079 2496 3105 se

1419 3120 1629 3169 praepedit,
1651 3120 1780 3168 facies
1808 3120 1984 3170 ignescit,
2013 3125 2289 3168 exasperantur
2316 3120 2432 3167 oculi,
2461 3126 2499 3158 et

1425 3185 1664 3222 nequaquam
1684 3178 2009 3223 recognoscuntur
2036 3172 2116 3209 noti
2121 3186 2133 3209 .-
2161 3183 2228 3209 ore
2247 3172 2396 3221 quidem
2418 3173 2495 3212 cla*-

1425 3238 1571 3264 morem
1587 3228 1752 3276 format,
1772 3226 1838 3262 sed
1862 3236 1992 3262 sensus
2015 3225 2107 3274 quid
2132 3224 2307 3274 loquitur,
2329 3226 2494 3276 ignorat.

1479 3282 1538 3317 An
1567 3291 1705 3318 ramum
1733 3289 1832 3316 ano
1856 3289 2041 3316 mesanum
2061 3278 2166 3327 quod
2194 3278 2496 3328 Chrysostomus

1397 3334 1399 3358 ἲ
1425 3332 1594 3382 loquitur
1623 3332 1670 3371 de
1699 3330 1930 3380 turpitudine
1960 3337 2145 3380 quantum
2166 3331 2214 3369 ad
2239 3339 2366 3380 gestus
2395 3340 2494 3373 exte·

305 3386 410 3424 venit
438 3394 634 3434 peccatum
664 3386 740 3423 irae
771 3399 858 3424 cum
889 3386 958 3424 illis
987 3387 1152 3435 peccatis
1179 3399 1279 3435 quae
1307 3398 1373 3435 ap·-
1398 3410 1399 3416 κ

307 3446 439 3488 petunt
462 3440 606 3476 malum
627 3440 800 3487 proximi,
822 3447 914 3488 puta
934 3452 1023 3477 curn
1043 3439 1188 3476 invidia
1208 3447 1244 3476 et
1263 3439 1371 3476 odio:
1399 3457 1400 3481 ᾗ

1427 3386 1558 3433 riores,
1589 3385 1653 3434 qui
1681 3383 1915 3433 proveniunt
1944 3395 1988 3421 ex
2016 3383 2162 3433 impetu
2190 3385 2279 3422 irae.

1480 3441 1540 3475 An
1559 3448 1750 3475 secunaum
1769 3448 1956 3474 monimum
1986 3437 2092 3486 quod
2112 3438 2205 3475 ratio
2235 3437 2296 3476 illa
2324 3438 2496 3487 procedit

1428 3562 1567 3584 vexantur
1590 3559 1704 3593 gravior
1729 3559 1760 3589 Ρ;
1787 3566 1834 3592 pro
1859 3558 1945 3592 magis
1968 3562 2056 3585 autem
2076 3563 2115 3590 et,
2136 3560 2222 3594 magis
2242 3564 2268 3586 et
2287 3559 2384 3593 AFpC,
2406 3560 2494 3594 magis

1427 3597 1517 3662 απεγΐ
1529 3595 1763 3655 iiiordinationem.
1778 3642 1798 3649 —
1815 3630 2012 3655 ordinationem
2034 3631 2061 3656 Ρ.

2513 519 2522 528 ·
2537 517 2604 540 Vere.
2619 523 2648 540 21.

2536 655 2603 677 Vere.
2618 661 2651 677 η.

2521 2597 2604 2648 zez-
2620 2603 2736 2647 m...

2596 2698 2598 2702 ’
2619 2695 2639 2735 τ’

2546 2859 2652 2887 Vama..

2523 3020 2533 3030 ⁸
2551 3019 2586 3042 Cn
2604 3035 2609 3040 .
2634 3025 2692 3048 nv,
2705 3019 2734 3041 ιΙ.

2522 3052 2579 3073 xxx,
2595 3049 2734 3069 avet-xm.
