2768 4198
57 874 67 883 ⁸
73 873 107 894 Cf.
115 879 153 900 qu.
162 878 268 899 chxxnl,

56 899 144 921 Iun-od.

55 1141 65 1151 ⁶
86 1140 121 1161 Cs.
146 1139 267 1167 Supplem.

52 2122 63 2132 ⁸
78 2120 144 2142 Vera.
158 2126 195 2142 20.

58 2606 67 2616 ·
82 2604 147 2626 Vers.
164 2610 196 2631 14,
210 2603 241 2626 16.

60 3139 70 3148 ⁴
85 3137 151 3159 Vero.
166 3144 198 3164 ¹4·

303 262 382 308 450

940 256 1208 303 QUAESTIO
1240 256 1488 304 CLXXXIV,
1518 256 1817 293 ARTICULUS
1848 257 1860 292 1

490 489 899 569 QUAEsTlo
948 472 2302 565 CENTESIMAOCTOGESIMAQUARTA

788 608 872 648 DE
906 607 1112 648 STATU
1146 606 1590 647 PERFECTIONIS
1623 607 1685 647 IN
1720 606 2007 648 COMMUNI

1121 721 1155 746 ΙΝ
1187 720 1287 745 OCTO
1317 719 1524 745 ARTICULOS
1552 720 1672 745 DIVISA

379 823 485 849 EINDE
522 808 845 846 considerandum
877 815 932 844 est
961 807 1008 844 de
1045 807 1103 844 his
1130 819 1229 855 quae
1259 806 1371 855 perti-

297 824 469 905 Dnent
496 864 545 901 ad
574 871 714 900 statum
743 861 985 911 perfectionis
1010 860 1042 907 ²¹⁶,
1080 861 1127 898 ad
1165 871 1280 908 quern
1311 859 1369 896 alii

295 920 412 956 status
441 917 674 955 ordinantur.
714 917 818 952 Nam
848 914 1102 952 consideratio
1137 914 1368 959 officiorum,
1396 956 1397 962 ἵ

296 980 483 1021 quantum
514 970 671 1020 quidem
701 971 748 1006 ad
778 969 871 1006 alios
901 977 1019 1015 actus,
1050 967 1212 1017 pertinet
1241 966 1289 1004 ad
1317 968 1369 1003 le-

294 1025 560 1074 gispositores;
591 1031 777 1073 quantum
798 1031 926 1059 autem
955 1023 1002 1059 ad
1023 1034 1129 1058 sacra
1149 1020 1368 1067 ministeria,

294 1080 456 1128 pertinet
484 1078 534 1115 ad
563 1077 910 1115 considerationem
941 1076 1134 1121 ordinum,
1157 1075 1203 1112 de
1231 1074 1370 1123 quibus

295 1133 333 1170 in
362 1133 493 1169 Tertia
521 1133 633 1168 Parte
663 1138 795 1179 agetur
813 1130 844 1167 ³¹⁶.

349 1186 460 1223 Circa
488 1194 627 1222 statum
658 1192 786 1221 autem
806 1183 1062 1233 perfectorum
1093 1182 1226 1231 triplex
1246 1181 1370 1218 consi·
1395 1174 1396 1189 ¹

295 1240 440 1278 deratio
470 1238 648 1276 occurrit:
678 1238 805 1287 primo
835 1236 1014 1286 quidem,
1046 1236 1093 1273 de
1123 1244 1220 1273 statu
1248 1235 1370 1284 perfe-

295 1294 428 1331 ctionis
458 1293 495 1330 in
525 1288 741 1338 communi3
772 1291 963 1337 secundo,
995 1290 1042 1326 de
1071 1290 1129 1326 his
1158 1301 1257 1337 quae
1287 1301 1370 1338 per-

218 1360 240 1375 v·
294 1348 413 1384 tinent
441 1348 487 1384 ad
508 1346 783 1395 perfectionem
814 1344 1086 1394 episcoporum
1106 1343 1147 1390 *;
1176 1342 1299 1389 tertio,
1322 1343 1369 1379 de

242 1418 247 1423 ·
294 1402 352 1438 his
368 1413 468 1449 quae
488 1400 676 1449 pertinent
695 1399 742 1436 ad
763 1398 1038 1447 perfectionem
1059 1396 1322 1445 religiosorum
1337 1395 1368 1433 *.

295 1455 408 1492 Circa
436 1454 604 1503 primum
634 1459 869 1501 quaeruntur
897 1459 996 1488 octo.

348 1508 500 1545 Primo:
539 1515 669 1544 utrum
699 1505 880 1555 perfectio
910 1505 1126 1542 attendatur
1154 1504 1368 1542 secundum
1395 1514 1397 1523 ⁴

403 1561 612 1598 caritatem.

1479 806 1681 843 Secundo:
1724 813 1851 843 utrum
1879 806 2014 855 aliquis
2042 807 2163 856 possit
2191 820 2273 845 esse
2307 809 2498 859 perfectus

1532 859 1570 896 in
1599 860 1671 896 hac
1699 859 1789 896 vita.

1477 913 1632 950 Tertio:
1672 921 1800 950 utrum
1830 913 2009 961 perfectio
2039 914 2151 951 huius
2183 914 2284 952 vitae
2319 916 2500 954 consistat

1532 966 1790 1016 principaliter
1826 967 1864 1004 in
1894 966 2082 1015 consiliis,
2111 969 2173 1005 vel
2202 967 2240 1005 in
2273 970 2497 1019 praeceptis.

1479 1020 1650 1067 Quarto:
1679 1029 1808 1057 utrum
1829 1020 2063 1069 quicumque
2084 1030 2139 1058 est
2166 1022 2371 1071 perfectuS‚
2390 1024 2438 1060 sit
2460 1024 2499 1061 in

1533 1082 1630 1111 statu
1659 1074 1914 1123 perfectionis.

1478 1128 1643 1175 Quinto:
1677 1135 1807 1165 utrum
1837 1127 1994 1177 praelati
2025 1136 2061 1164 et
2089 1128 2252 1177 religiosi
2288 1129 2500 1178 specialiter

1532 1182 1605 1218 sint
1632 1181 1671 1218 in
1700 1189 1798 1218 statu
1827 1181 2081 1230 perfectionis.

1479 1236 1614 1273 Sexto:
1645 1242 1774 1272 utrum
1795 1247 1932 1272 omnes
1961 1235 2118 1284 praelati
2138 1236 2210 1273 sint
2229 1236 2266 1273 in
2287 1244 2386 1274 statu
2414 1250 2499 1286 per-

1531 1289 1716 1326 fectionis.

1480 1343 1672 1391 Septimo:
1705 1342 1788 1391 quis
1817 1350 1934 1380 status
1963 1342 2010 1379 sit
2037 1342 2256 1392 perfectior,
2285 1351 2414 1381 utrum
2443 1356 2500 1381 re-

1532 1396 1753 1444 ligiosorum
1781 1397 1843 1433 vel
1873 1396 2160 1446 episcoporum.

1478 1450 1649 1487 Octavo:
1682 1450 1729 1486 de
1759 1450 2046 1499 comparatione
2068 1449 2331 1499 religiosorum
2351 1450 2401 1488 ad
2420 1452 2498 1500 ple-

1531 1504 1653 1540 banos
1683 1511 1719 1540 et
1747 1503 2050 1542 archidiaconos.

1112 1665 1434 1708 ARTICULUS
1466 1666 1674 1723 PRIMQS

354 1764 509 1796 UTRUM
533 1761 778 1794 PERFECTIO
804 1760 1099 1792 cnmsrlANAE
1122 1760 1256 1791 viTAE
1281 1759 1586 1790 ATTENDATUR
1609 1759 1893 1791 SPECIALITER
1917 1761 2156 1792 SECUNDUM
2180 1761 2440 1794 CARITATEM

555 1841 629 1870 Infra,
649 1845 694 1865 art.
716 1840 729 1864 3
736 1847 744 1870 ;
765 1839 861 1870 Quodl.
881 1839 898 1869 1,
919 1847 964 1872 qu.
984 1846 1028 1868 vn.
1047 1844 1094 1864 art.
1115 1846 1139 1868 2,
1157 1839 1190 1863 ad
1210 1845 1240 1868 23
1260 1838 1300 1868 111.
1319 1846 1362 1873 qu.
1382 1845 1416 1867 vr.
1436 1843 1483 1863 art.
1505 1837 1534 1869 33
1557 1838 1635 1864 Cont.
1655 1839 1800 1865 retrahent.
1819 1839 1853 1864 ab
1872 1840 1986 1873 ingre-ts.
2004 1839 2102 1873 Reug„
2121 1848 2177 1873 cap.
2195 1848 2236 1872 νι;

532 1878 573 1902 De
593 1877 665 1910 Pers.
691 1876 766 1900 Vitae
786 1875 867 1907 Spir..
889 1883 944 1907 cap.
965 1882 989 1906 1;
1014 1875 1043 1899 In
1066 1874 1174 1903 Matth„
1194 1882 1250 1906 cap.
1269 1881 1323 1905 ως
1342 1873 1386 1898 Ad
1405 1873 1529 1906 Philipp„
1550 1881 1606 1906 cap.
1625 1881 1663 1904 m.
1682 1874 1740 1900 lect.
1760 1882 1793 1906 n;
1813 1875 1857 1900 Ad
1877 1875 1987 1904 Coloss„
2007 1883 2062 1908 cap.
2082 1883 2120 1906 111,
2139 1876 2199 1902 lect.
2217 1884 2254 1903 111.

328 1974 334 1996 )

423 1988 464 2003 ,α
504 1969 527 1994 ι)
548 1968 687 1994 ramum
706 1967 760 1993 Sic
790 1966 1034 1992 Pnocnmwn.
1072 1955 1234 1992 Videtur
1263 1954 1369 2004 quod

423 2000 480 2059 ἵζ’,ὴ
505 2010 687 2060 perfectio
726 2009 965 2046 Christianae
993 2009 1096 2046 vitae
1134 2020 1213 2045 non
1250 2016 1369 2045 atten-

443 2049 618 2106 'fdatur
655 2063 867 2113 specialiter
904 2063 1119 2100 secundum
1161 2062 1366 2099 caritatem.

350 2132 359 2143 ι
382 2112 439 2145 ῑ’ἷν’
463 2110 607 2155 &Dicit
635 2117 738 2155 enim
763 2117 985 2166 Apostolus,
1008 2117 1020 2153 I
1050 2116 1103 2153 ad
1133 2116 1221 2153 Cor.
1246 2128 1308 2153 xiv
1325 2115 1366 2152 *ε

294 2172 449 2209 Malitia
477 2177 602 2208 autem
626 2170 784 2219 parvuli
800 2175 924 2216 estote,
944 2171 1112 2207 sensibus
1130 2175 1257 2207 autem
1280 2181 1368 2219 per-

281 2226 383 2274 fecti
402 2230 430 2261 ².
462 2225 539 2262 Sed
569 2225 703 2262 caritas
732 2236 811 2261 non
841 2225 1003 2273 pertinet
1032 2224 1079 2261 ad
1109 2235 1278 2269 sensum,
1300 2223 1368 2260 sed

296 2278 416 2326 magis
444 2279 493 2315 ad
522 2278 714 2315 affectum.
745 2279 846 2325 Ergo
874 2277 1027 2314 videtur
1055 2277 1159 2325 quod
1185 2276 1367 2325 perfectio

296 2331 534 2369 Christianae
570 2331 670 2368 vitae
709 2343 788 2368 non
826 2330 1006 2367 consistat
1042 2330 1298 2379 principaliter
1330 2330 1368 2366 in

297 2386 464 2422 caritate.

408 1976 417 1993 h

311 2094 333 2123 .

351 2450 386 2475 2.
406 2439 643 2481 PRAETEREA‚
665 2437 713 2474 ad
732 2438 868 2486 Ephes.
890 2437 955 2474 ult.
977 2437 997 2459 ¹⁶
1017 2437 1170 2474 dicitur:
1200 2437 1369 2486 Accipite
1393 2432 1395 2480 J

296 2490 535 2529 armaturam
565 2491 649 2536 Dei,
671 2496 710 2527 ut
733 2491 883 2540 possitis
912 2491 1083 2527 resistere
1110 2491 1147 2527 in
1171 2491 1231 2527 die
1252 2491 1366 2536 malo,

295 2551 332 2582 et
357 2546 394 2582 in
424 2545 598 2582 omnibus
620 2544 782 2593 perfecti
797 2549 909 2581 stare.
939 2544 999 2581 De
1026 2553 1218 2581 armatura
1239 2551 1367 2581 autem
1393 2562 1394 2576 z

295 2599 367 2636 Dei
410 2598 602 2646 subiungit
628 2597 649 2620 '¹‘
677 2597 826 2635 dicens:
861 2598 963 2634 State
1002 2598 1182 2635 succincti
1221 2598 1368 2635 lumbos

295 2658 437 2690 vestros
465 2652 502 2689 in
531 2652 698 2697 veritate,
720 2657 756 2687 et
783 2652 922 2688 induite
944 2651 1102 2688 loricam
1133 2651 1303 2698 iustitiae,
1330 2652 1367 2689 in

295 2707 468 2743 omnibus
503 2711 690 2743 sumentes
721 2710 867 2742 scutum
897 2705 1006 2753 fidei.
1046 2705 1148 2753 Ergo
1185 2705 1366 2754 perfectio

297 2759 532 2797 Christianae
559 2759 660 2795 vitae
681 2770 759 2795 non
781 2759 906 2795 solum
927 2757 1132 2795 attenditur
1153 2759 1366 2796 secundum

296 2813 503 2857 caritatem,
534 2813 602 2849 sed
631 2811 744 2849 etiam
775 2812 988 2849 secundum
1019 2811 1109 2849 alias
1137 2812 1308 2849 virtutes.

352 2868 385 2904 3.
418 2867 652 2912 PRAETEREA,
672 2865 830 2902 virtutes
860 2865 1129 2914 specificantur
1157 2878 1226 2915 per
1245 2874 1366 2903 actus:

297 2919 391 2957 sicut
421 2927 456 2957 et
491 2920 550 2957 alii
584 2919 747 2956 habitus.
788 2919 866 2956 Sed
904 2919 977 2956 lac.
1009 2918 1058 2955 ι*
1090 2919 1226 2956 dicitur
1263 2920 1368 2968 quod

291 2973 472 3023 patientia
493 2985 586 3021 opus
600 2973 811 3022 perfectum
831 2973 951 3009 habet.
974 2973 1075 3021 Ergo
1090 2973 1243 3010 videtur
1262 2973 1367 3022 quod
1394 2994 1395 3028 }

298 3035 415 3065 status
453 3026 695 3076 perfectionis
733 3026 949 3063 attendatur
989 3027 1111 3075 magis
1154 3027 1367 3064 secundum

298 3080 533 3130 patientiam.

353 3135 427 3170 SED
457 3145 604 3171 CONTRA
632 3144 699 3170 Es‘r
725 3133 830 3181 quod
860 3132 996 3170 dicitur
1023 3135 1075 3171 ad
1106 3133 1245 3171 Coloss.
1273 3146 1309 3171 111
1328 3133 1366 3171 *t

299 3189 421 3235 Super
448 3187 593 3233 omnia,
623 3186 820 3223 caritatem
849 3187 997 3233 habete,
1027 3199 1125 3236 quae
1157 3193 1212 3224 est
1237 3187 1366 3224 vincu—

300 3241 376 3278 lum
400 3240 661 3289 perfectionis:
690 3239 779 3288 quia
808 3239 948 3277 scilicet
977 3253 1113 3278 omnes
1142 3241 1234 3278 alias
1254 3241 1369 3278 virtu-
1394 3232 1396 3269 i

1395 3322 1396 3344 i
1424 3294 1685 3342 coniungitur:
1714 3293 1818 3331 unde
1846 3292 1982 3330 dicitur
2010 3293 2024 3329 I
2055 3293 2158 3330 Ioan.
2180 3305 2216 3331 111
2235 3293 2275 3331 *ε
2318 3294 2395 3337 Qui
2418 3307 2493 3333 non

299 3301 355 3330 tes
383 3294 675 3342 quodammodo
705 3293 792 3341 ligat
821 3293 858 3330 in
887 3293 1071 3331 unitatem
1092 3295 1313 3343 perfectam.

354 3348 579 3384 Respounsso
607 3359 792 3384 morannum
829 3348 935 3395 quod
969 3348 1276 3397 unumquodque
1315 3348 1368 3385 di·
1395 3345 1396 3379 ἶ

302 3399 395 3436 citur
423 3412 506 3437 esse
525 3401 734 3449 perfectum
756 3400 981 3449 inquantum
1004 3402 1147 3450 attingit
1170 3401 1368 3451 proprium

301 3453 440 3499 finem,
471 3453 535 3501 qui
566 3461 621 3490 est
648 3454 781 3490 ultima
811 3454 862 3490 rei
892 3455 1087 3503 perfectio.
1128 3454 1275 3492 Caritas
1304 3467 1368 3492 au-

355 3584 382 3615 α)
399 3584 521 3617 perfecti,
533 3597 552 3603 -
567 3585 694 3617 perfectis
713 3585 829 3617 BFpAK.

1422 1961 1501 1990 tem
1532 1961 1588 1990 est
1616 1966 1717 2002 quae
1746 1954 1828 1991 unit
1847 1966 1920 1992 nos
1938 1956 2037 2003 Deo,
2059 1955 2125 2004 qui
2145 1964 2203 1994 est
2225 1957 2382 2009 ultimus
2409 1958 2498 1997 finis

1423 2008 1619 2044 humanae
1647 2007 1803 2045 mentis:
1834 2008 1924 2057 quia
1951 2009 2019 2058 qui
2043 2016 2175 2047 manet
2199 2009 2236 2048 in
2265 2012 2435 2060 caritate,
2458 2013 2497 2050 in

1423 2062 1506 2098 Deo
1535 2067 1675 2108 manet,
1696 2067 1732 2098 et
1758 2063 1863 2099 Deus
1891 2062 1929 2100 in
1958 2074 2015 2109 eo,
2036 2070 2077 2100 ut
2097 2063 2232 2101 dicitur
2251 2066 2265 2101 1
2286 2063 2496 2104 Ioan.‘1v*.

1423 2115 1472 2152 Et
1491 2115 1579 2152 ideo
1600 2115 1816 2152 secundum
1837 2115 2033 2154 caritatem
2054 2117 2267 2167 specialiter
2293 2119 2500 2158 attenditur

1421 2169 1604 2217 perfectio
1632 2168 1736 2206 vitae
1765 2169 2017 2207 Christianae.

1475 2224 1534 2259 An
1555 2233 1694 2259 PRIMUM
1713 2233 1814 2260 ERGO
1834 2235 2020 2261 mesanum
2041 2225 2146 2272 quod
2165 2225 2348 2274 perfectio
2362 2226 2499 2264 huma-

1422 2287 1563 2312 norum
1593 2287 1777 2312 sensuum
1806 2276 2013 2326 praecipue
2046 2278 2085 2314 in
2113 2279 2190 2316 hoc
2216 2278 2370 2317 videtur
2407 2274 2498 2318 con-

1423 2337 1554 2366 S1stere
1583 2337 1625 2366 ut
1652 2341 1690 2366 in
1723 2337 1909 2366 unitatem
1938 2330 2108 2368 veritatis
2146 2333 2402 2371 conveniant:
2440 2345 2499 2371 se-

1393 2422 1395 2429 *
1423 2382 1594 2420 cundum
1616 2382 1707 2420 illud
1729 2384 1741 2419 1
1758 2383 1811 2420 ad
1828 2383 1915 2420 Cor.
1934 2383 2000 2420 1⁸³:
2029 2385 2116 2421 Sitis
2129 2385 2292 2434 perfecti
2308 2387 2346 2424 in
2366 2387 2497 2425 eodem
2526 2393 2537 2404 ·

1421 2447 1532 2472 sensu
1560 2441 1595 2472 et
1622 2437 1659 2473 in
1689 2436 1821 2473 eadem
1858 2437 2026 2474 scientia.
2063 2437 2150 2475 Hoc
2186 2446 2315 2476 autem
2350 2440 2394 2477 fit
2428 2452 2499 2490 per

1422 2490 1639 2536 caritatem,
1669 2501 1770 2538 quae
1800 2501 2031 2527 consensum
2053 2491 2091 2528 in
2119 2492 2343 2530 hominibus
2363 2505 2498 2543 opera-

1421 2550 1493 2580 tur.
1523 2544 1573 2580 Et
1601 2543 1688 2580 ideo
1718 2543 1831 2580 etiam
1859 2543 2042 2592 perfectio
2071 2557 2255 2584 sensuum
2285 2546 2500 2585 radicaliter

1421 2597 1458 2634 in
1489 2596 1722 2646 perfectione
1752 2596 1915 2634 caritatis
1944 2597 2135 2635 radicatur
2154 2596 2181 2636 β.

1475 2652 1535 2687 Ao
1563 2661 1756 2688 secunaum
1785 2662 1972 2688 DICENDUM
2005 2651 2112 2700 quod
2140 2651 2341 2702 dupliciter
2371 2662 2499 2704 potest

1393 2704 1494 2741 'dici
1531 2703 1668 2752 aliquis
1705 2704 1908 2754 perfectus.
1948 2704 2036 2742 Uno
2073 2705 2214 2754 modo,
2251 2706 2496 2757 simpliciter:

1423 2770 1522 2806 quae
1558 2757 1713 2806 quidem
1753 2758 1936 2807 perfectio
1970 2758 2174 2797 attenditur
2210 2761 2423 2798 secundum
2458 2760 2495 2799 id

1394 2829 1395 2863 3
1423 2811 1527 2861 quod
1557 2811 1719 2861 pertinet
1748 2812 1797 2848 ad
1826 2811 1951 2860 ipsam
1973 2812 2025 2849 rei
2055 2819 2371 2863 naturam;'puta
2391 2814 2421 2851 si
2443 2813 2497 2852 di-

1423 2873 1529 2902 catur
1562 2865 1703 2903 animal
1737 2865 1948 2914 perfectum
1983 2865 2140 2914 quando
2178 2866 2266 2903 nihil
2296 2866 2331 2903 ei
2369 2866 2497 2905 deficit

1424 2931 1468 2956 ex
1499 2918 1749 2968 dispositione
1785 2920 2067 2966 membrorum,
2098 2927 2134 2956 et
2159 2918 2239 2956 aliis
2272 2919 2496 2960 huiusmodi

1422 2985 1522 3022 quae
1552 2972 1796 3021 requiruntur
1824 2973 1871 3010 ad
1899 2972 2019 3010 vitam
2048 2972 2232 3010 animalis.
2263 2973 2349 3011 Alio
2375 2976 2495 3012 modo

1423 3026 1558 3063 dicitur
1586 3026 1727 3075 aliquid
1757 3026 1968 3075 perfectum
1999 3027 2210 3064 secundum
2246 3026 2358 3075 quid:
2396 3040 2495 3078 quae

1394 3115 1395 3119 ,
1423 3080 1582 3128 quidem
1611 3080 1794 3129 perfectio
1815 3079 2020 3117 attenditur
2039 3079 2252 3117 secundum
2272 3079 2413 3129 aliquid
2434 3094 2495 3119 ex-

1421 3133 1537 3171 terius
1567 3133 1757 3180 adiacens,
1787 3141 1879 3182 puta
1907 3133 1946 3170 in
1984 3132 2159 3170 albedine
2187 3134 2249 3170 vel
2285 3134 2493 3183 nigredine,

1394 3187 1395 3194 ¹
1421 3188 1483 3224 vel
1505 3187 1632 3236 aliquo
1653 3186 1888 3224 huiusmodi.
1918 3186 2005 3223 Vita
2025 3194 2154 3223 autem
2175 3186 2391 3225 Christiana
2410 3201 2495 3238 spe-

1423 3241 1564 3278 cialiter
1593 3240 1631 3277 in
1660 3240 1812 3278 caritate
1833 3239 2013 3286 consistit,
2034 3251 2103 3288 per
2122 3252 2238 3289 quam
2259 3241 2388 3278 anima
2407 3242 2494 3280 Deo

1423 3348 1556 3398 diligit,
1587 3352 1715 3384 manet
1741 3347 1778 3383 in
1808 3351 1939 3383 morte.
1970 3346 2019 3382 Et
2042 3346 2130 3384 ideo
2159 3348 2372 3385 secundum
2402 3348 2495 3386 cari-

1424 3409 1539 3438 tatem
1571 3399 1788 3448 simpliciter
1815 3399 2022 3436 attenditur
2050 3400 2230 3449 perfectio
2255 3401 2494 3440 Christianae

1422 3454 1536 3501 vitae,
1552 3453 1620 3490 sed
1636 3452 1849 3490 secundum
1870 3452 1961 3490 alias
1979 3453 2136 3491 virtutes
2156 3454 2368 3492 secundum
2388 3455 2492 3505 quid.

1478 3583 1503 3617 β)
1523 3585 1673 3610 radicatur.
1686 3599 1705 3604 -
1722 3586 1844 3610 consistit
1863 3586 1917 3612 ΡΗ.

2526 2069 2664 2093 ’ναι-16.

2550 2392 2617 2416 ναι.
2633 2399 2666 2416 ιο.

2523 3300 2658 3329 ’Vn-mu.
