2768 4198
975 260 1246 307 QUAESTIO
1277 260 1361 308 CL,
1391 260 1690 298 ARTICULUS
1721 260 1772 296 lV
2395 273 2460 308 191

271 351 345 372 mus
367 341 419 371 vel
442 349 509 371 non
532 339 647 370 fiamus
670 339 758 376 tales,
775 346 853 379 puta
882 339 968 376 ebrii,
993 339 1112 378 iniusti,
1137 339 1230 375 caeci,
1247 339 1340 380 igno·
1366 340 1368 384 fl
1451 339 1534 370 VIII.
1558 340 1610 370 Ad
1625 339 1782 370 rationem
1797 349 1872 370 vero
1893 338 2020 369 alterius
2044 338 2217 379 opinionis,
2235 339 2324 379 quod
2340 339 2467 369 nullum

270 392 383 416 rantes.
408 384 519 416 Simile
542 383 701 425 siquidem
724 393 792 414 esse
816 390 939 414 constat
961 383 994 413 in
1019 393 1092 414 casu
1122 383 1248 423 posito:
1278 384 1340 415 sci-
1366 385 1368 432 ξ
1395 390 1561 424 peccatum
1586 383 1782 424 culpabiliter
1805 383 1881 414 ebrii
1905 389 2071 413 excusetur
2094 393 2112 413 a
2135 389 2215 419 toto,
2232 382 2295 413 hoc
2319 390 2365 413 est
2388 383 2466 423 quin

269 430 343 461 licet
366 429 391 460 si
414 428 592 460 voluntarie
615 427 688 468 quis
710 427 765 458 fiat
788 437 898 458 amens
922 434 976 458 aut
999 427 1149 460 furiosus.
1173 428 1214 458 Et
1229 428 1340 459 hocin
1366 433 1368 458 Ι
1395 428 1435 458 sit
1450 428 1624 458 formaliter
1639 428 1672 458 in
1689 438 1722 458 se
1737 434 1904 468 peccatum
1918 427 1951 457 *2
1977 427 2148 458 dicendum
2165 434 2212 458 est
2227 427 2317 468 quod
2340 434 2467 467 peccata
2496 436 2505 445 ·
2519 435 2589 456 Num.
2606 436 2706 461 11‚A11'1·s

269 481 394 505 tantum
417 483 530 505 verum
559 472 684 503 videtur
707 479 743 502 ut
771 481 838 502 non
870 472 976 503 solum
1005 471 1038 502 in
1066 472 1255 509 moralibus,
1286 473 1341 504 sed
1395 482 1476 513 quae
1500 472 1727 503 rationabiliter
1750 472 1892 513 praevisa
1924 478 1999 503 sunt
2026 482 2092 502 non
2116 471 2221 512 sequi,
2246 478 2301 502 aut
2330 478 2405 502 sunt
2428 472 2467 502 de
2495 463 2579 483 autem.

269 518 366 550 etiam
388 517 422 548 in
436 516 562 549 iudiciis
579 516 757 548 secundum
779 516 875 556 leges,
891 516 917 547 si
942 523 1101 547 constaret
1120 517 1210 557 quod
1225 516 1341 557 aliquis
1394 526 1466 547 raro
1490 516 1757 556 contingentibus,
1774 526 1856 558 quae
1871 517 1910 547 ab
1925 523 2010 547 extra
2033 522 2216 553 causantur;
2241 522 2296 546 aut
2312 525 2377 546 non
2393 523 2468 547 sunt

268 561 447 593 voluntarie
470 571 503 592 se
527 560 686 592 furiosum
710 559 843 597 fecisset,
868 561 1043 601 puniretur,
1064 567 1094 591 et
1118 568 1198 591 esset
1221 561 1341 601 irregu-
1393 561 1574 591 voluntaria
1597 561 1630 591 in
1647 571 1741 592 causa
1764 561 1808 592 ita
1830 562 1919 602 quod
1939 560 2082 591 debuerit
2097 560 2151 591 ille
2165 560 2263 591 vitare
2283 560 2467 590 ebrietatem

59 583 131 606 elem.
154 582 180 604 δ’
213 588 229 604 u
1394 612 1430 636 ut
1453 615 1582 636 causam
1614 605 1746 641 horum,
1771 605 1844 636 licet
1874 605 2017 636 debuerit
2049 605 2152 646 ipsam
2182 604 2281 636 vitare
2310 604 2465 635 absolute.

27 616 124 658 '21:³ng
125 610 192 658 aar
203 615 241 656 „23
267 606 340 636 laris
364 606 390 636 si
414 605 581 637 occidisset
603 605 785 635 hominem:
813 605 969 645 quoniam
992 605 1025 635 in
1049 605 1144 636 Sexto
1158 605 1177 624 *
1200 605 1341 636 furiosus

26 663 116 684 casuat.
205 688 210 693 ⁸
267 650 422 687 absolute,
440 657 471 681 et
484 660 552 680 non
567 649 708 680 furiosus
720 649 907 686 voluntarie,
925 655 1091 680 excusatur
1106 650 1145 680 ab
1161 649 1340 690 irregulari·
1394 650 1435 680 Et
1457 656 1626 690 propterea
1648 649 1707 680 ista
1721 659 1787 680 non
1810 649 2010 690 imputantur
2025 656 2062 680 ut
2076 656 2219 690 peccata:
2244 649 2300 680 sed
2319 655 2355 679 ut
2374 658 2466 680 even-

25 689 238 743 ᾗΡὲςρῗῖοξζῗῇ’
267 701 329 726 tate
351 693 525 725 homicidii.
557 694 657 734 Leges
681 693 782 730 enim,
807 701 842 724 ut
865 694 1050 725 Aristoteles
1072 694 1192 724 ibidem
1208 694 1225 713 '¹‘
1249 694 1340 731 dicit,
1394 701 1445 725 tus
1469 700 1701 735 consequentes
1725 701 1891 734 peccatum
1915 694 2080 725 ebrietatis.

26 743 123 764 1ect.x=.
267 738 462 770 voluntarias
483 738 678 779 ignorantias
701 745 840 778 arguunt
862 748 898 769 ac
922 739 1070 778 puniunt,
1089 748 1155 769 non
1179 745 1340 769 excusant.
