2768 4198
949 286 1218 332 QUAESTIO
1249 286 1459 334 CLXXIII,
1489 285 1786 322 ARTICULUS
1818 285 1830 320 Ι

2404 285 2476 321 385

440 535 854 614 QUAESTIO
901 534 2344 592 CENTESIMASEPTUAGESIMATERTIA

801 655 885 695 DE
919 655 1097 695 MODO
1134 654 1526 695 COGNITIONIS
1559 654 1988 695 PROPHETICAE

1089 772 1124 797 IN
1154 771 1328 802 QUATUOR
1360 771 1563 796 ARTICULOS
1591 771 1708 795 DlVISA

0 895 22 911 „
302 877 492 960 Dumna
539 866 860 903 considerandum
908 874 964 902 est
1002 866 1048 903 de
1083 866 1202 902 modo
1241 866 1369 914 cogni-

60 923 120 947 ⁸.OE
58 929 177 974 mqu-
193 928 270 950 ‹zi-xxi,

384 928 496 957 tionis
526 919 773 968 propheticae
792 919 823 955 *.

300 975 348 1011 Et
378 974 477 1010 circa
503 973 578 1009 hoc
607 980 844 1020 quaeruntur
872 980 1048 1021 quatuor.

354 1027 507 1063 Primo:
546 1034 674 1062 utrum
712 1026 921 1075 prophetae
949 1026 1106 1062 videant
1143 1025 1266 1073 ipsam
1299 1024 1373 1061 Dei

410 1079 627 1117 essentiam.

355 1133 556 1170 Secundo:
586 1140 715 1169 utrum
746 1131 928 1168 revelatio
956 1129 1180 1180 prophetica
1208 1130 1275 1167 fiat
1303 1142 1372 1178 per

1530 865 1766 902 influentiam
1788 865 1999 913 aliquarum
2020 865 2245 914 specierum,
2261 866 2322 902 vel
2341 878 2410 914 per
2430 879 2489 903 so-

1531 920 1606 955 lam
1634 918 1872 955 influentiam
1901 918 2064 955 luminis.

1478 971 1632 1008 Tertio:
1661 979 1789 1008 utrum
1818 971 2041 1019 prophetica
2060 971 2240 1008 revelatio
2270 984 2422 1020 semper
2446 973 2492 1009 sit

1532 1037 1621 1061 cum
1650 1023 1878 1061 alienatione
1907 1037 1928 1060 a
1958 1025 2144 1061 sensibus.

1480 1078 1646 1124 Quarto:
1677 1084 1804 1113 utrum
1833 1077 2032 1125 prophetia
2061 1089 2211 1126 semper
2238 1077 2284 1113 sit
2312 1090 2399 1115 curn
2430 1091 2492 1115 co-

1533 1130 1700 1178 gnitione
1731 1142 1866 1167 eorum
1895 1142 1993 1178 quae
2022 1131 2307 1178 prophetantur.

1122 1238 1444 1280 ARTICULUS
1477 1238 1684 1280 PRIMUS

811 1331 967 1363 UTRUM
990 1330 1255 1361 PROPHETAE
1279 1330 1406 1361 IPSAM
1430 1330 1501 1360 DEI
1527 1330 1771 1361 ESSENTIAM
1795 1331 1989 1361 VIDEANT

1029 1409 1071 1434 De
1094 1409 1183 1437 Verit„
1203 1416 1248 1441 qu.
1266 1416 1310 1438 xii,
1328 1414 1375 1434 art.
1395 1407 1426 1439 6;
1446 1409 1476 1434 In
1498 1409 1605 1438 Isaiam,
1625 1417 1680 1442 cap.
1699 1417 1716 1439 ι,
1735 1417 1769 1435 vt.

393 1519 404 1530 ι
421 1520 454 1545 „s
457 1529 478 1546 κ
477 1523 494 1563 «
517 1512 540 1536 1)
569 1510 708 1536 PR1MUM
735 1510 789 1535 stc
813 1509 1056 1535 pnocemrun.
1085 1497 1247 1534 Videtur
1272 1497 1378 1546 quod

335 1530 492 1615 §.124
517 1551 756 1602 prophetae
748 1563 870 1600 ipsam
891 1551 963 1588 Dei
985 1551 1188 1588 essentiam
1206 1550 1375 1588 videant.

322 1608 369 1654 ,y
374 1624 444 1654 ‚r
466 1605 621 1653 §Quia
658 1616 773 1654 super
799 1604 891 1641 illud
930 1603 1050 1641 Isaiae
1077 1616 1211 1641 xxxvtu
1234 1603 1266 1652 ²¹²,
1294 1605 1380 1641 Dis-

363 1650 487 1702 525⁸&
488 1675 508 1695 xx
527 1671 615 1696 one
653 1658 785 1695 domui
819 1663 906 1694 tuae
939 1665 1031 1704 etc.‚
1062 1657 1151 1695 dicit
1179 1658 1317 1695 Glossa
1336 1657 1377 1694 *z

303 1713 515 1761 Prophetae
541 1712 580 1749 in
610 1712 688 1760 ipso
714 1711 811 1748 libro
835 1711 1110 1760 praescientiae
1128 1711 1213 1758 Dei,
1238 1711 1275 1748 in
1305 1722 1378 1760 quo

304 1766 434 1804 omnia
461 1765 600 1825 scripta
618 1770 716 1811 sunt,
737 1765 863 1815 legere
876 1770 1046 1813 possunt
1068 1765 1146 1802 Sed
1164 1764 1380 1814 praescien-

303 1819 356 1858 tia
391 1818 465 1856 Dei
495 1827 551 1856 est
583 1818 667 1867 ipsa
701 1818 781 1855 eius
819 1818 991 1855 essentia.
1028 1818 1131 1866 Ergo
1169 1819 1379 1867 prophetae

303 1872 438 1910 vident
465 1871 589 1921 ipsam
618 1871 691 1909 Dei
721 1871 936 1908 essentiam.

361 1937 396 1963 2.
418 1926 655 1971 PRAETEREA,
672 1925 907 1972 Augustinus
926 1923 1026 1971 dicit,
1043 1924 1080 1960 in
1098 1925 1148 1960 IX
1163 1925 1209 1961 de
1228 1925 1264 1961 T
1260 1925 1331 1961 rin.
1347 1923 1378 1971 ²¹⁸,

305 1979 412 2030 quod
441 1979 478 2015 in
508 1978 572 2015 illa
600 1983 755 2015 aeterna
783 1978 950 2024 veritate,
976 1990 1026 2014 ex
1053 1989 1128 2027 qua
1157 1978 1380 2026 temporalia

300 2035 409 2081 facta
423 2037 512 2069 sunt
529 2032 670 2077 omnia,
677 2032 856 2080 formam
875 2031 1081 2068 secundum
1101 2043 1216 2080 quam
1235 2044 1379 2078 sumus,

307 2092 344 2124 et
368 2086 574 2123 secundum
603 2096 718 2134 quam
754 2097 981 2134 operamur,
1010 2085 1092 2122 visu
1121 2085 1254 2122 mentis
1282 2086 1380 2134 aspi-

307 2140 439 2177 cimus.
461 2138 540 2176 Sed
559 2139 771 2188 prophetae
791 2138 1013 2175 altissimam
1040 2138 1136 2175 inter
1155 2151 1292 2176 omnes
1312 2140 1380 2176 ho-

307 2193 433 2231 mines
461 2193 607 2229 habent
636 2191 855 2229 divinorum
878 2191 1147 2239 cognitionem.
1178 2193 1282 2241 Ergo
1311 2192 1383 2242 ipsi

308 2246 477 2284 maxime
507 2245 679 2283 divinam
709 2245 914 2282 essentiam
942 2244 1086 2282 vident.

365 2301 399 2337 3.
429 2300 676 2346 PRAETEREA,
707 2299 833 2336 futura
862 2298 1119 2347 contingentia
1147 2310 1383 2347 praecogno-

253 2390 263 2398 ,
309 2361 467 2391 scuntur
486 2365 509 2390 a
526 2351 724 2402 prophetis
753 2351 967 2389 secundum
997 2352 1226 2389 immobilem
1248 2353 1384 2389 verita-

227 2427 232 2433 ·
267 2453 282 2464 η
309 2412 383 2444 tem
401 2406 433 2443 ¹².
464 2406 527 2443 Sic
546 2413 675 2442 autem
695 2418 775 2443 non
793 2414 882 2443 sunt
901 2405 972 2442 nisi
990 2405 1029 2442 in
1047 2405 1132 2454 ipso
1151 2406 1249 2442 Deo.
1280 2406 1383 2454 Ergo

308 2460 522 2510 prophetae
550 2459 678 2508 ipsum
707 2460 838 2496 Deum
866 2459 1010 2496 vident.

366 2514 440 2550 SED
469 2524 618 2550 CONTRA
646 2524 713 2549 EST
744 2512 852 2561 quod
879 2512 978 2549 visio
1008 2511 1160 2549 divinae
1197 2512 1383 2549 essentiae

311 2579 390 2604 non
425 2573 634 2604 evacuatur
662 2565 699 2602 in
727 2565 861 2614 patria.
899 2565 1100 2614 Prophetia
1135 2572 1264 2602 autem
1297 2577 1383 2602 eva-

254 2649 259 2654 ,
312 2625 466 2657 cuatur:
493 2626 536 2657 ut
554 2620 717 2656 habetur
737 2620 750 2655 I
772 2619 824 2656 ad
846 2619 934 2656 Cor.
954 2631 1015 2655 x111
1033 2617 1065 2655 ²⁸.
1095 2618 1198 2666 Ergo
1218 2619 1384 2667 prophe-

312 2673 362 2710 tia
390 2685 470 2710 non
497 2673 540 2710 fit
568 2685 637 2722 per
663 2672 856 2709 visionem
886 2671 1039 2709 divinae
1070 2671 1267 2709 essentiae.

368 2727 597 2764 stpounso
625 2737 813 2763 mci-:noum
841 2725 948 2774 quod
975 2724 1177 2773 prophetia
1205 2724 1387 2773 importat

313 2780 574 2828 cognitionem
596 2779 767 2817 divinam
785 2786 827 2815 ut
855 2779 989 2827 procul
1009 2777 1252 2815 existentem:
1282 2778 1385 2815 unde

315 2841 352 2870 et
380 2834 428 2871 de
456 2833 653 2883 prophetis
683 2832 827 2879 dicitur,
855 2831 1063 2878 Heb.x1*,
1093 2831 1198 2879 quod
1228 2838 1334 2867 erant
1361 2843 1385 2868 a

313 2887 429 2937 longe
455 2887 685 2936 aspicientes,
725 2885 779 2922 Illi
808 2893 937 2922 autem
971 2884 1036 2933 qui
1070 2892 1157 2921 sunt
1185 2884 1222 2920 in
1251 2884 1385 2932 patria,

314 2940 354 2977 in
382 2948 480 2977 statu
509 2939 752 2977 beatitudinis
781 2938 994 2985 existentes,
1024 2950 1103 2975 non
1130 2937 1264 2974 vident
1294 2946 1337 2974 ut
1365 2950 1386 2974 a

316 2994 486 3041 remotis,
507 2993 576 3031 sed
595 2993 704 3042 quasi
726 3005 770 3029 ex
790 2993 1028 3041 propinquo:
1057 2990 1274 3027 secundum
1294 2990 1387 3028 illud

284 3064 290 3070 ·
316 3047 460 3084 Psalmi
478 3046 515 3083 *z
544 3047 786 3084 Habitahunt
813 3046 905 3082 recti
931 3057 1018 3082 cum
1036 3044 1140 3081 vultu
1169 3049 1245 3081 tuo.
1274 3044 1387 3081 Unde

319 3099 561 3137 manifestum
582 3107 639 3137 est
666 3099 772 3148 quod
793 3099 957 3147 cognitio
986 3097 1208 3147 prophetica
1236 3097 1308 3134 alia
1333 3105 1389 3134 est

321 3162 343 3187 a
371 3152 585 3199 cognitione
612 3153 791 3202 perfecta,
813 3165 912 3201 quae
942 3151 1009 3189 erit
1038 3151 1074 3188 in
1103 3151 1237 3200 patria.
1273 3150 1387 3188 Unde

322 3210 359 3239 et
386 3203 622 3253 distinguitur
649 3207 698 3243 ab
727 3219 772 3243 ea
801 3206 897 3243 sicut
921 3205 1187 3254 imperfectum
1216 3217 1238 3241 a
1266 3204 1388 3252 perfe-

323 3262 396 3301 cto,
413 3262 451 3292 et
463 3269 510 3294 ea
528 3259 756 3296 adveniente
773 3267 998 3296 evacuatur:
1019 3266 1061 3295 ut
1079 3265 1182 3306 patet
1201 3269 1270 3306 per
1283 3259 1388 3306 Apo-

323 3308 479 3356 stolum,
508 3310 522 3345 1
551 3311 602 3347 ad
633 3312 721 3349 Cor.
740 3325 801 3350 xm
820 3313 852 3350 *.

378 3361 548 3398 Fuerunt
566 3370 694 3401 autem
712 3342 869 3412 quidam
890 3365 1000 3415 qui,
971 3370 988 3387 α
1022 3363 1281 3412 cognitionem
1301 3376 1388 3412 pro-

323 3413 514 3462 pheticam
543 3426 566 3451 a
593 3415 808 3464 cognitione
837 3419 1039 3456 beatorum
1065 3417 1295 3465 distinguere
1320 3429 1389 3453 vo-

1431 1498 1563 1545 lentes,
1585 1498 1760 1535 dixerunt
1787 1498 1894 1547 quod
1913 1499 2124 1547 prophetae
2143 1499 2324 1536 viderunt
2343 1499 2358 1529 3³
2375 1500 2498 1549 ipsam

1434 1551 1602 1588 divinam
1634 1551 1856 1598 essentiam,
1887 1563 2005 1600 quam
2034 1560 2175 1588 vocant
2211 1554 2402 1601 speculum
2439 1567 2500 1591 ae-

1433 1605 1615 1642 ternitatis
1633 1610 1661 1651 Υ,
1692 1617 1770 1642 non
1799 1613 1927 1641 tamen
1965 1606 2178 1642 secundum
2213 1606 2317 1654 quod
2351 1614 2406 1643 est
2434 1609 2500 1644 ob-

1433 1658 1574 1695 iectum
1593 1659 1807 1705 beatorum,
1830 1658 1898 1695 sed
1917 1660 2130 1695 secundum
2159 1661 2264 1707 quod
2285 1667 2372 1697 sunt
2398 1660 2435 1697 in
2457 1673 2502 1698 ea

1434 1711 1600 1749 rationes
1633 1712 1846 1748 futurorum
1886 1720 2107 1749 eventuum.
2137 1733 2162 1740 -
2192 1713 2308 1760 Quod
2347 1713 2501 1762 quidem

1435 1773 1490 1802 est
1518 1765 1678 1802 omnino
1707 1764 1954 1814 impossibile.
1985 1766 2090 1802 Deus
2111 1766 2213 1802 enim
2233 1775 2289 1803 est
2308 1766 2501 1804 obiectum

1435 1819 1677 1856 beatitudinis
1707 1819 1920 1855 secundum
1947 1818 2069 1867 ipsam
2099 1819 2157 1855 sui
2186 1819 2409 1857 essentiam:
2445 1833 2502 1857 se-

1436 1873 1606 1910 cundum
1644 1872 1682 1909 id
1720 1872 1826 1920 quod
1860 1871 2097 1919 Augustinus
2135 1872 2240 1920 dicit,
2270 1873 2308 1909 in
2340 1874 2375 1909 V
2407 1875 2503 1911 Con-

1428 1927 1519 1974 fess.
1539 1925 1574 1962 *2
1604 1927 1745 1962 Beatus
1763 1930 1819 1961 est
1844 1926 1910 1973 qui
1928 1930 1962 1961 te
1988 1926 2066 1971 scit,
2086 1926 2198 1962 etiam
2217 1926 2251 1962 si
2268 1926 2332 1963 illa
2351 1924 2376 1973 ⁶,
2406 1927 2504 1964 idest
2530 1935 2540 1945 ⁸

1435 1987 1637 2027 creaturas,
1658 1979 1807 2015 nesciat.
1838 1978 1930 2014 Non
1954 1987 2009 2015 est
2036 1985 2164 2015 autem
2189 1979 2368 2027 possibile
2397 1983 2500 2029 quod

1435 2033 1569 2081 aliquis
1596 2032 1726 2069 videat
1746 2031 1911 2068 rationes
1932 2040 2189 2069 creaturarum
2208 2032 2247 2069 in
2266 2032 2348 2081 ipsa
2376 2033 2504 2070 divina

1437 2086 1611 2132 essentia,
1632 2085 1682 2122 ita
1701 2085 1807 2134 quod
1828 2097 1912 2121 eam
1930 2097 2009 2122 non
2027 2085 2166 2122 videat.
2189 2086 2294 2122 Tum
2315 2086 2405 2134 quia
2422 2087 2504 2135 ipsa

1437 2139 1565 2177 divina
1586 2138 1747 2175 essentia
1772 2146 1827 2174 est
1854 2138 1950 2174 ratio
1981 2139 2154 2175 omnium
2175 2151 2274 2188 quae
2303 2139 2415 2176 fiunt:
2447 2153 2503 2177 ra-

1435 2193 1487 2230 tio
1518 2201 1647 2229 autem
1681 2191 1813 2229 idealis
1841 2204 1919 2228 non
1957 2192 2061 2229 addit
2094 2204 2209 2241 super
2242 2192 2412 2230 divinam
2449 2206 2504 2230 es-

1437 2246 1598 2283 sentiam
1619 2245 1691 2282 nisi
1711 2252 1926 2293 respectum
1947 2246 1994 2282 ad
2015 2253 2240 2282 creaturam.
2270 2246 2375 2282 Tum
2392 2246 2505 2283 etiam

1437 2299 1527 2348 quia
1555 2298 1659 2347 prius
1679 2306 1735 2335 est
1755 2310 1988 2346 cognoscere
2017 2298 2161 2346 aliquid
2186 2299 2224 2335 in
2253 2311 2305 2345 se,
2327 2299 2431 2347 quod
2453 2308 2508 2336 est

1438 2364 1670 2401 cognoscere
1704 2352 1832 2388 Deum
1861 2359 1903 2388 ut
1931 2359 1987 2388 est
2021 2352 2215 2388 obiectum
2252 2352 2506 2400 beatitudinis,

1438 2418 1557 2455 quam
1596 2417 1830 2453 cognoscere
1867 2405 1959 2442 illud
1995 2418 2066 2454 per
2100 2405 2429 2454 comparationem
2459 2406 2507 2443 ad

1438 2461 1620 2506 alterum,
1651 2458 1756 2508 quod
1786 2467 1842 2495 est
1870 2470 2103 2506 cognoscere
2132 2460 2260 2495 Deum
2294 2459 2506 2496 secundum

1438 2513 1604 2550 rationes
1629 2524 1756 2549 rerum
1785 2511 1823 2548 in
1852 2511 1935 2560 ipso
1965 2511 2166 2548 existentes
2185 2511 2215 2548 ²¹².
2246 2513 2295 2548 Et
2313 2512 2399 2549 ideo
2429 2525 2507 2549 non
2535 2520 2545 2530 ·

1437 2574 1564 2616 potest
1592 2577 1674 2602 esse
1712 2565 1819 2612 quod
1855 2566 2066 2614 prophetae
2102 2565 2258 2602 videant
2294 2566 2421 2601 Deum
2450 2578 2506 2602 se-

1439 2621 1610 2656 cundum
1640 2618 1804 2655 rationes
1833 2626 2111 2665 creaturarum,
2142 2626 2178 2654 et
2204 2630 2283 2654 non
2310 2626 2425 2666 prout
2453 2626 2508 2655 est

1439 2673 1632 2709 obiectum
1662 2670 1917 2708 beatitudinis.

1493 2726 1541 2762 Et
1569 2725 1657 2762 ideo
1687 2723 1892 2761 dicendum
1930 2731 1985 2760 est
2018 2723 2125 2771 quod
2152 2723 2249 2759 visio
2285 2724 2507 2772 prophetica

1439 2791 1519 2815 non
1539 2786 1595 2815 est
1611 2777 1710 2814 visio
1731 2776 1848 2826 ipsius
1870 2777 2021 2813 divinae
2042 2776 2248 2813 essentiae:
2278 2789 2350 2813 nec
2369 2777 2406 2813 in
2427 2778 2507 2825 ipsa

1440 2831 1569 2869 divina
1589 2830 1752 2868 essentia
1770 2830 1903 2867 vident
1923 2842 1967 2867 ea
1993 2842 2091 2877 quae
2110 2829 2253 2877 vident,
2275 2830 2342 2866 sed
2369 2830 2407 2866 in
2427 2831 2508 2879 qui-

1439 2885 1602 2922 busdam
1631 2883 1951 2930 similitudinibus,
1977 2883 2189 2920 secundum
2219 2883 2506 2920 illustrationem

1441 2937 1559 2975 divini
1578 2937 1742 2974 luminis.
1764 2936 1875 2974 Unde
1896 2937 2104 2985 Dionysius
2125 2936 2224 2984 dicit,
2246 2948 2281 2973 1v
2300 2944 2381 2985 cap.
2404 2936 2504 2973 Cael.

1438 2992 1572 3036 Hier„
1603 2991 1650 3027 de
1678 2990 1893 3026 visionibus
1927 2989 2159 3039 propheticis
2193 2990 2372 3038 loquens,
2402 2990 2508 3038 quod

1438 3044 1588 3092 sapiens
1606 3043 1802 3093 theologus
1820 3048 1833 3064 ⁸
1860 3044 2042 3080 visionem
2071 3043 2175 3079 illam
2203 3043 2291 3080 dicit
2316 3055 2395 3079 esse
2417 3043 2508 3080 divi-

1441 3109 1530 3134 nam
1559 3109 1656 3146 quae
1663 3097 1715 3144 fil
1728 3108 1801 3146 per
1827 3097 2106 3133 similitudinem
2127 3108 2255 3132 rerum
2268 3097 2406 3144 forma
2425 3108 2507 3133 cor-

1435 3150 1566 3199 porali
1592 3151 1814 3195 carentium,
1839 3161 1889 3186 ex
1916 3150 2131 3186 reductione
2157 3149 2360 3186 videntium
2389 3149 2426 3185 in
2455 3149 2508 3186 di-

1440 3205 1541 3241 vina.
1580 3204 1630 3240 Et
1656 3202 1878 3240 huiusmodi
1907 3202 2171 3240 similitudines
2206 3201 2335 3240 divino
2365 3202 2508 3239 lumine

1441 3258 1644 3294 illustratae
1673 3257 1793 3304 magis
1821 3256 1965 3293 habent
1993 3255 2180 3293 rationem
2215 3255 2358 3304 speculi
2394 3267 2509 3304 quam

1442 3310 1515 3347 Dei
1535 3309 1708 3347 essentia.
1737 3310 1841 3346 Nam
1861 3309 1898 3346 in
1919 3310 2075 3358 speculo
2095 3309 2276 3346 resultant
2295 3308 2440 3358 species
2461 3309 2509 3345 ab

1443 3364 1525 3400 aliis
1554 3364 1684 3400 rebus:
1724 3362 1830 3412 quod
1858 3375 1937 3399 non
1965 3370 2091 3411 potest
2119 3362 2191 3399 dici
2219 3362 2266 3399 de
2295 3363 2393 3399 Deo.
2433 3362 2510 3398 Sed

1442 3416 1663 3453 huiusmodi
1705 3415 1899 3452 illustratio
1943 3416 2082 3452 mentis
2118 3415 2340 3465 prophetice
2386 3422 2512 3464 potest

378 3527 406 3559 α)
425 3527 479 3559 qui.
490 3540 510 3546 —
526 3528 595 3552 Ante
613 3527 746 3554 dixerunt
762 3536 864 3561 ponunt
881 3531 928 3557 Pa.

378 3561 403 3594 β)
423 3562 588 3588 viderunt.-
605 3562 698 3588 vident
715 3564 772 3588 Psc
789 3570 815 3589 et
832 3572 859 3591 a.

377 3598 404 3631 γ)
423 3597 600 3623 aeternitatis.
611 3612 631 3617 —
652 3597 795 3624 Trinitatis
812 3600 851 3624 Pa
869 3606 895 3626 et
913 3602 1021 3628 codices.

467 3651 578 3676 Summa
596 3651 698 3677 Tuon.
717 3652 748 3677 D.
763 3652 878 3678 Tuom:
896 3654 929 3680 T.
941 3655 995 3680 VII.

1497 3531 1596 3592 δ)(;ι11)11ιμιἶ
1609 3546 1632 3591 ἱ(
1646 3531 1719 3556 illam
1738 3531 1820 3561 CFH3
1841 3538 1888 3563 pro
1910 3533 2059 3561 creaturas,
2079 3534 2206 3556 creatura
2227 3530 2390 3562 ABEFLpK.
2408 3533 2511 3555 creatu-

1444 3575 1504 3592 ram
1596 3575 1608 3591 s
1636 3586 1641 3592 .

1498 3603 1520 3635 ε)
1541 3603 1717 3636 theologus.·-
1735 3602 1869 3635 theologia
1890 3601 2011 3631 ACEFL.
2031 3602 2179 3635 theologica
2198 3602 2229 3627 D.

2330 3661 2364 3686 49

2624 1509 2639 1543 β

2624 1624 2641 1650 Υ

2559 2520 2586 2541 D.
2601 2525 2648 2547 277·
