2768 4198
303 256 379 302 462

65 344 157 365 ‘Nuru-
173 349 192 371 7-
307 338 453 375 mobilis
466 343 687 386 perseverat
704 343 740 374 et
743 337 875 385 fortiS.
897 337 945 371 Et
964 346 1102 383 parum
1123 332 1244 382 post*
1264 332 1373 370 dicit:
1401 341 1403 347 ’

306 392 349 428 Si
366 393 447 440 quis
467 392 561 428 mihi
572 396 801 439 proponeret
819 390 1005 437 optionem
1034 388 1097 423 ubi
1115 386 1268 423 mallem
1290 386 1375 434 pla-

306 457 402 491 cere,
433 446 469 481 in
499 445 624 493 officio
652 442 877 480 sacerdotali
907 453 956 477 an
991 441 1028 477 in
1065 440 1263 476 solitudine
1295 451 1375 476 mo-

306 500 533 535 nachorum:
561 498 640 534 sine
658 496 942 544 comparatione
961 495 1140 543 eligerem
1165 493 1258 530 illud
1275 492 1378 541 quod

300 553 410 600 prius
429 552 519 588 dixi.
551 552 599 586 Et
618 549 655 585 in
676 552 814 587 eodem
835 548 932 585 libro
949 548 967 567 ’¹‘
995 547 1100 584 dicit:
1123 547 1164 583 Si
1182 547 1264 595 quis
1284 548 1377 583 bene

305 605 564 642 administrato
582 603 791 640 sacerdotio
812 602 909 638 illius
922 600 1119 649 propositi,
1137 600 1276 637 scilicet
1296 612 1377 636 mo-

306 658 483 703 nachalis,
512 657 667 693 sudores
686 658 868 705 conferat,
898 660 1042 691 tantum
1070 666 1134 690 eos
1161 654 1301 690 distare
1319 666 1377 690 re-

298 712 422 759 periet
455 715 638 758 quantum
673 711 770 747 inter
801 709 996 757 privatum
1031 708 1144 744 distat
1169 713 1205 743 et
1232 719 1375 757 regem.

304 765 405 811 Ergo
434 763 587 800 videtur
623 764 729 810 quod
765 763 982 799 sacerdotes
1018 761 1205 797 habentes
1243 773 1375 798 curam

304 817 518 853 animarum
548 816 621 852 sint
649 817 894 866 perfectiores
923 814 1119 863 religiosis.

357 882 392 907 2.
421 871 658 918 PRAETEREA,
687 870 921 918 Augustinus
950 868 1050 911 dicit,
1072 868 1110 904 in
1141 867 1300 916 epistola
1327 867 1378 904 ad

309 923 501 961 Valerium
520 922 559 959 *ε
596 923 744 974 Cogitet
760 924 940 973 religiosa
962 922 1167 971 prudentia
1196 927 1260 958 tua
1285 921 1377 958 nihil

302 989 380 1014 esse
407 977 444 1014 in
474 978 547 1014 hac
573 977 663 1024 vita,
689 979 860 1015 maxime
882 978 954 1014 hoc
972 982 1150 1025 tempore,
1171 975 1374 1023 difficilius,

300 1031 537 1076 laboriosius,
549 1029 798 1078 peric'ulosius
817 1031 981 1080 episcopi
998 1035 1064 1067 aut
1077 1029 1293 1078 presbyteri
1310 1035 1378 1066 aut

300 1085 454 1121 diaconi
480 1084 625 1133 officio:
662 1087 729 1123 sed
754 1086 859 1134 apud
884 1086 1010 1121 Deum
1040 1082 1132 1120 nihil
1159 1083 1314 1128 beatius,
1343 1083 1377 1119 si

301 1150 344 1174 eo
382 1138 494 1175 modo
532 1138 711 1176 militetur
747 1151 821 1187 quo
851 1144 977 1175 noster
1007 1139 1225 1186 Imperator
1262 1137 1372 1174 iubet.

301 1192 393 1228 Non
423 1204 512 1240 ergo
548 1192 711 1241 religiosi
750 1201 837 1230 sunt
864 1191 1109 1241 perfectiores
1145 1190 1374 1239 presbyteris

301 1253 365 1282 aut
394 1245 633 1283 diaconibus.

357 1300 390 1336 3.
411 1300 647 1346 PRAETEREA,
669 1300 904 1347 Augustinus
925 1298 1025 1346 dicit,
1046 1299 1098 1335 ad
1115 1298 1315 1335 Aurelium
1334 1297 1372 1334 *ε

300 1353 427 1389 Nimis
455 1352 658 1390 dolendum
686 1359 749 1399 est,
778 1354 813 1390 si
837 1354 888 1390 ad
915 1359 992 1390 tam
1022 1353 1218 1388 ruinosam
1245 1363 1374 1400 super-

300 1406 402 1443 biam
432 1408 638 1444 monachos
665 1407 910 1457 subrigimus,
940 1412 976 1443 et
1001 1411 1078 1443 tam
1106 1405 1223 1455 gravi
1249 1411 1374 1442 contu-

299 1460 413 1497 melia
442 1460 598 1497 clericos
625 1461 762 1511 dignos
784 1466 976 1510 putamus,
997 1468 1039 1496 ut
1058 1459 1199 1496 scilicet
1227 1459 1374 1496 dicatur

300 1513 407 1562 quod
430 1529 448 1547 «
463 1515 588 1551 malus
604 1515 819 1552 monachus
834 1515 962 1551 bonus
978 1513 1134 1550 clericus
1151 1519 1206 1549 est
1224 1526 1265 1550 »z
1286 1525 1372 1550 cum

300 1567 504 1616 aliquando
534 1569 654 1606 bonus
672 1569 785 1605 etiam
810 1569 1018 1605 monachus
1045 1568 1114 1604 vix
1132 1567 1273 1603 bonum
1302 1566 1373 1603 cle-

301 1621 423 1658 ricum
446 1621 581 1668 faciat.
612 1623 660 1659 Et
688 1623 805 1671 paulo
836 1629 922 1658 ante
951 1619 1168 1669 praemittit,
1190 1631 1265 1657 non
1295 1632 1374 1657 esse
1399 1634 1401 1645 ·

299 1675 403 1712 viam
431 1675 598 1712 dandam
626 1676 745 1713 servis
772 1675 865 1721 Dei,
895 1675 992 1712 idest
1020 1672 1237 1718 monachis,
1269 1679 1310 1710 ut
1333 1685 1374 1710 se

287 1728 449 1777 facilius
463 1734 595 1777 putent
622 1729 714 1779 eligi
730 1729 782 1765 ad
798 1728 943 1777 aliquid
969 1727 1113 1772 melius,
1134 1726 1274 1763 scilicet
1304 1727 1374 1763 cle-

300 1782 472 1828 ricatum,
492 1782 526 1818 si
541 1782 644 1831 facti
658 1782 812 1831 fuerint
829 1782 1042 1827 deteriores,
1063 1779 1203 1817 scilicet
1222 1779 1373 1817 abiecto

300 1836 544 1872 monachatu.
584 1836 686 1884 Ergo
714 1835 868 1873 videtur
900 1835 1001 1884 quod
1037 1834 1087 1871 illi
1120 1833 1185 1883 qui
1219 1841 1306 1870 sunt
1334 1834 1373 1870 in

300 1897 397 1927 statu
427 1889 599 1934 clericali,
630 1889 703 1927 sint
730 1889 974 1938 perfectiores
1007 1887 1201 1936 religiosis.

351 1955 389 1990 4.
420 1944 655 1990 PRAETEREA,
678 1955 757 1980 non
777 1942 863 1980 licet
883 1943 930 1980 de
950 1950 1048 1980 statu
1068 1941 1204 1978 maiori
1234 1941 1282 1978 ad
1302 1941 1373 1978 mi-

299 2009 433 2034 norem
462 1996 633 2034 transire.
665 1997 742 2034 Sed
772 1997 820 2034 de
849 2004 947 2034 statu
974 1995 1189 2033 monastico
1213 1995 1372 2032 transire

298 2050 384 2087 licet
413 2051 460 2087 ad
490 2050 661 2087 officium
695 2050 907 2100 presbyteri
942 2061 1073 2086 curam
1109 2048 1302 2086 habentis:
1332 2056 1374 2086 ut

56 2114 195 2163 afim-'¹31‘
218 2114 270 2142 quis
297 2112 401 2153 patet
430 2104 530 2150 XVI,
552 2116 615 2153 qu.
638 2104 693 2151 1²⁸,
725 2116 769 2141 ex
791 2104 944 2141 decreto
975 2103 1117 2141 Gelasii
1137 2104 1279 2151 Papae,
1307 2102 1373 2150 qui

188 2158 191 2162 ’
299 2157 406 2196 dicit:
437 2158 478 2195 Si
514 2159 597 2207 quis
633 2158 843 2195 monachus
868 2157 996 2207 fuerit
1031 2157 1111 2206 qui,
1145 2157 1373 2194 venerabilis

297 2212 396 2249 vitae
423 2212 575 2257 merito,
604 2212 814 2249 sacerdotio
852 2211 991 2261 dignus
1013 2211 1303 2259 praevideatur;
1340 2216 1376 2247 et

298 2266 415 2303 abbas
442 2266 512 2302 sub
540 2265 646 2302 cuius
675 2265 833 2314 imperio
862 2265 965 2314 Regi
987 2264 1134 2301 Christo
1163 2264 1309 2310 militat,
1331 2263 1373 2300 il-

299 2319 376 2356 lum
400 2319 490 2366 fieri
510 2319 779 2368 presbyterum
803 2319 972 2367 petierit:
1001 2318 1050 2354 ab
1069 2317 1242 2366 episcopo
1267 2317 1376 2354 debet

298 2372 401 2422 eligi,
423 2378 459 2409 et
485 2373 521 2409 in
542 2372 624 2409 loco
654 2384 728 2421 quo
749 2372 972 2408 iudicaverit
989 2371 1173 2408 ordinari.
1204 2371 1253 2408 Et
1282 2369 1373 2407 Hie-

59 2441 156 2489 ·Efist.
177 2440 270 2467 cxxv,
300 2438 486 2474 ronymus
521 2425 629 2472 dicit,
659 2426 711 2463 ad
743 2426 942 2463 Rusticum
978 2425 1217 2462 Monachum
1237 2423 1273 2461 *ε
1312 2424 1375 2461 Sic

57 2469 84 2489 ³¹'
113 2468 140 2489 ν’
298 2481 383 2517 vive
402 2480 439 2516 in
460 2480 689 2517 monasterio
711 2485 751 2516 ut
767 2479 926 2516 clericus
949 2491 1028 2516 esse
1047 2478 1241 2515 merearis,
1272 2478 1375 2526 Ergo

299 2533 509 2583 presbyteri
540 2533 657 2570 curati
680 2541 717 2570 et
735 2532 996 2570 archidiaconi
1015 2539 1103 2569 sunt
1130 2531 1375 2581 perfectiores

300 2586 494 2635 religiosis.

356 2641 388 2678 5.
410 2641 645 2687 PRAETEREA,
668 2640 838 2689 episcopi
859 2647 946 2677 sunt
966 2638 1005 2676 in
1033 2646 1130 2676 statu
1158 2637 1375 2687 perfectiori

65 930 74 939 ·
88 929 106 950 Ε
125 928 273 954 ist.xx1,a1.

63 955 103 977 cx
126 955 185 976 vm.

59 1302 157 1350 ἰξὲιῧῐι.
180 1301 227 1329 LX,
242 1303 271 1324 al.

57 2700 168 2728 Ἄτη·
299 2706 417 2745 quam
456 2693 640 2742 religiosi,
669 2701 711 2731 ut
740 2706 784 2730 ex
813 2692 967 2743 supra*
1000 2691 1108 2729 dictis
1141 2699 1255 2741 patet.
1296 2691 1374 2729 Sed

299 2747 509 2798 presbyteri
539 2747 656 2785 curati
686 2755 721 2784 et
750 2745 1019 2792 archidiaconi,
1042 2758 1086 2783 ex
1108 2758 1155 2782 eo
1185 2745 1288 2794 quod
1308 2746 1374 2782 ha-

299 2804 389 2840 bent
418 2813 551 2838 curam
580 2801 809 2848 animarum,
839 2800 1040 2838 similiores
1069 2806 1156 2836 sunt
1184 2798 1374 2848 episcopis

299 2867 416 2904 quam
446 2854 622 2903 religiosi.
659 2855 762 2903 Ergo
801 2862 889 2892 sunt
925 2853 1082 2891 maioris
1117 2852 1372 2902 perfectionis.

354 2910 390 2946 6.
420 2909 661 2956 PRAETEREA,
691 2908 810 2945 virtus
838 2907 1003 2945 consistit
1029 2907 1132 2943 circa
1161 2906 1314 2955 difficile
1340 2912 1375 2943 et

60 2967 271 3016 §.Ciffi.¹¹1¹÷c¹ll¹ssif
299 2964 453 3008 bonum,
482 2970 524 2999 ut
552 2962 687 3000 dicitur
706 2961 744 2998 in
765 2962 796 2998 ΙΙ
816 2962 937 2998 Ethic.
959 2960 979 2982 ’¹‘
1009 2960 1087 2998 Sed
1107 2959 1298 2997 difficilius
1318 2967 1374 2997 est

299 3016 404 3065 quod
433 3015 568 3064 aliquis
597 3016 696 3052 bene
716 3015 823 3052 vivat
851 3015 890 3052 in
919 3014 1048 3052 officio
1077 3013 1288 3063 presbyteri
1309 3026 1373 3050 cu-

300 3069 368 3107 rati
405 3069 468 3107 vel
505 3069 764 3107 archidiaconi
800 3080 918 3117 quarn
957 3067 994 3105 in
1032 3075 1130 3105 statu
1168 3066 1370 3115 religionis.

300 3124 401 3171 Ergo
431 3123 643 3172 presbyteri
672 3121 790 3159 curati
809 3122 871 3159 vel
890 3121 1147 3159 archidiaconi
1174 3128 1261 3158 sunt
1288 3133 1373 3170 per-

301 3176 465 3214 fectioris
494 3176 642 3213 virtutis
671 3188 787 3225 quam
817 3175 990 3224 religiosi.

355 3231 429 3267 SED
459 3241 606 3267 CONTRA
634 3241 701 3267 EST
730 3229 837 3278 quod
857 3228 993 3267 dicitur
1021 3229 1123 3276 XIX,
1146 3240 1209 3277 qu.
1231 3240 1266 3276 11,
1287 3240 1370 3278 cap.

301 3284 432 3320 Duae:
462 3283 503 3320 Si
536 3283 619 3332 quis
646 3284 684 3320 in
713 3282 868 3320 ecclesia
900 3295 970 3320 sua
1004 3283 1074 3319 sub
1106 3282 1279 3331 episcopo
1301 3293 1372 3331 po-

296 3337 430 3384 pulum
450 3337 583 3374 retinet
608 3342 644 3373 et
669 3337 915 3374 saeculariter
932 3337 1034 3382 vivit,
1054 3336 1098 3382 si,
1118 3337 1272 3385 afflatus
1291 3336 1372 3384 Spi-

160 3401 177 3418 α
302 3390 375 3426 ritu
404 3390 553 3436 Sancto,
583 3391 620 3426 in
649 3390 775 3438 atiquo
813 3390 1041 3428 monasterio
1070 3389 1130 3427 vel
1163 3389 1336 3440 regulari
1354 3395 1372 3411 ‘²

357 3504 384 3537 α)
404 3504 533 3537 regulari.
545 3517 564 3524 -·
582 3504 677 3537 regula
694 3504 747 3533 Pa;
766 3512 813 3537 pro
835 3505 973 3535 canonica,
993 3505 1122 3530 canonico
1142 3506 1175 3535 Η.
1194 3505 1308 3530 canonia
1327 3505 1373 3530 ali-

303 3546 372 3573 quae
390 3539 524 3565 editiones.

356 3573 382 3608 β)
401 3577 482 3601 statu.
494 3588 514 3594 ·-
531 3577 632 3600 statum
651 3573 845 3608 PDEHIKpAG
864 3580 890 3600 et
908 3583 925 3600 a
931 3584 940 3606 ‚·
959 3583 1006 3608 pro
1031 3575 1134 3606 ordine,
1153 3575 1275 3601 ordinem
1299 3575 1355 3600 DEI
1362 3582 1371 3606 ς

303 3618 352 3644 pro
370 3610 467 3645 officio,
486 3611 603 3644 officium
622 3610 639 3636 1.

907 256 1175 303 QUAESTIO
1206 253 1456 300 CLXXXIV,
1486 255 1786 292 ARTICULUS
1814 256 1925 309 VIIIJ

1429 334 1614 370 canonica
1647 334 1792 371 salvari
1826 347 1867 371 se
1902 336 2080 372 voluerit.-
2119 336 2208 384 quia
2235 336 2320 386 lege
2347 337 2502 385 privata

1429 386 1589 431 ducitur,
1619 388 1724 425 nulla
1753 389 1849 425 ratio
1878 390 2000 439 exigit
2027 395 2068 426 ut
2087 390 2242 438 publica
2270 390 2504 440 constringa-

1429 445 1501 476 tur.
1525 440 1603 476 Sed
1618 453 1697 477 non
1714 441 1864 478 ducitur
1884 442 2020 491 aliquis
2040 455 2061 479 a
2081 443 2163 490 lege
2185 442 2345 492 Spiritus
2361 444 2502 491 Sancti,

1430 505 1528 541 quae
1558 493 1610 529 ibi
1639 494 1775 531 dicitur
1803 495 1867 531 lex
1889 497 2055 545 privata,
2081 496 2152 533 nisi
2186 497 2224 533 in
2246 496 2388 546 aliquid
2418 510 2503 546 per-

1430 546 1574 583 fectius.
1614 548 1717 595 Ergo
1754 548 1906 585 videtur
1943 550 2049 598 quod
2088 550 2251 598 religiosi
2281 550 2353 587 sint
2380 551 2504 599 perfe-

1431 600 1566 636 ctiores
1595 613 1711 649 quam
1749 602 2006 640 archidiaconi
2034 604 2098 640 vel
2130 605 2341 653 presbyteri
2372 605 2503 641 curati.

1484 654 1712 691 Rasponnsso
1737 666 1924 693 mcENDuM
1955 657 2062 705 quod
2097 658 2335 706 comparatio
2374 670 2504 707 super-

1431 707 1660 744 eminentiae
1690 720 1769 744 non
1796 709 1913 746 habet
1931 710 2060 746 locum
2090 710 2187 748 inter
2206 711 2354 761 aliquos
2385 723 2430 748 ex
2459 724 2505 748 ea

1430 768 1536 809 parte
1564 761 1603 798 in
1623 773 1699 810 qua
1729 762 1976 810 conveniunt,
1997 763 2065 800 sed
2095 776 2140 800 ex
2169 776 2215 801 ea
2233 773 2340 814 parte
2361 765 2399 802 in
2428 778 2505 814 qua

1431 814 1622 852 differunt.
1654 816 1695 852 In
1725 816 1956 864 presbyteris
1984 824 2115 854 autem
2152 819 2291 855 curatis
2320 826 2357 856 et
2385 819 2505 856 archi·-

1430 868 1602 905 diaconis
1629 869 1700 905 tria
1730 877 1786 906 est
1806 869 2067 907 considerare:
2098 870 2239 908 scilicet
2267 879 2420 920 statum,
2445 885 2504 910 or—

1430 922 1561 959 dinem
1591 930 1627 959 et
1646 922 1832 960 officium.
1863 923 1924 961 Ad
1945 931 2086 961 statum
2106 924 2270 973 pertinet
2297 926 2402 974 quod
2422 939 2504 964 sae-

1430 977 1576 1013 culares
1605 984 1711 1021 sunt:
1741 977 1790 1013 ad
1819 977 2007 1024 ordinem,
2037 978 2142 1026 quod
2171 985 2260 1015 sunt
2287 980 2505 1017 sacerdotes

1428 1031 1491 1067 vel
1522 1029 1694 1075 diaconi;
1724 1031 1773 1067 ad
1794 1030 1977 1078 officium,
1999 1031 2105 1079 quod
2126 1044 2259 1069 curam
2289 1032 2504 1070 animarum

1429 1084 1573 1120 habent
1601 1083 1670 1120 sibi
1702 1084 1965 1122 commissam.

1484 1137 1523 1174 Si
1552 1136 1662 1185 igitur
1690 1150 1735 1174 ex
1755 1138 1829 1175 alia
1857 1146 1964 1187 parte
1984 1150 2177 1187 ponamus
2197 1137 2327 1176 statui*
2356 1139 2504 1188 religio-

1429 1203 1530 1237 sum,
1566 1191 1701 1228 ordine
1740 1191 1950 1229 diaconum
1978 1193 2041 1228 vel
2079 1193 2344 1240 sacerdotem,
2374 1193 2504 1230 officio

1429 1257 1561 1281 curam
1591 1245 1807 1283 animarum
1835 1246 2065 1292 habentem,
2096 1246 2192 1283 sicut
2219 1247 2392 1295 plerique
2420 1259 2505 1284 mo-

1428 1299 1539 1335 nachi
1561 1306 1597 1335 et
1616 1299 1789 1336 canonici
1811 1300 2001 1347 regulares
2020 1299 2185 1337 habent:
2215 1299 2253 1338 in
2273 1300 2401 1349 primo
2421 1300 2503 1349 qui-

1429 1352 1517 1390 dem
1549 1352 1705 1399 excellit,
1727 1353 1765 1390 in
1794 1353 1876 1390 aliis
1896 1361 2026 1390 autem
2055 1365 2126 1402 par
2150 1353 2229 1391 erit.
2259 1374 2284 1381 -
2314 1354 2354 1392 Si
2374 1362 2504 1392 autem

1429 1406 1579 1443 differat
1607 1407 1799 1444 secundus
1829 1419 1851 1444 a
1878 1407 2006 1456 primo
2041 1414 2140 1444 statu
2170 1414 2207 1444 et
2235 1408 2383 1455 officio,
2415 1420 2506 1446 con-

1427 1459 1557 1497 veniat
1590 1468 1718 1497 autern
1753 1460 1905 1507 ordine,
1936 1461 2032 1498 sicut
2064 1468 2153 1498 sunt
2185 1460 2347 1509 religiosi
2384 1473 2506 1499 sacer-

1428 1513 1537 1551 dotes
1562 1521 1599 1550 et
1627 1513 1779 1551 diaconi
1800 1526 1932 1552 curam
1952 1514 2172 1552 animarum
2193 1527 2273 1553 non
2292 1515 2504 1553 habentes:

1427 1567 1673 1605 manifestum
1706 1575 1762 1604 est
1789 1568 1894 1616 quod
1924 1568 2116 1605 secundus
2151 1568 2276 1617 primo
2306 1569 2377 1607 erit
2405 1577 2505 1607 statu

1427 1621 1585 1669 quidem
1616 1621 1868 1668 excellentior,
1890 1622 2019 1659 officio
2049 1629 2178 1659 autem
2208 1622 2346 1670 minor,
2369 1623 2504 1661 ordine
2542 1662 2544 1664 ,

1429 1687 1521 1712 vero
1551 1675 1732 1724 aequalis.
1763 1696 1787 1703 -
1818 1676 1886 1712 Est
1915 1687 2005 1724 ergo
2045 1676 2369 1714 considerandum
2403 1689 2504 1726 quae

1427 1728 1730 1777 praeeminentia
1749 1729 1877 1777 potior
1895 1729 1959 1766 sit:
1988 1736 2117 1767 utrum
2139 1737 2268 1778 status,
2288 1731 2352 1767 vel
2376 1730 2503 1768 officii.

1482 1781 1593 1818 Circa
1621 1782 1728 1830 quod
1758 1782 1836 1819 duo
1865 1783 2097 1820 attendenda
2124 1783 2325 1821 videntur:
2364 1783 2506 1822 scilicet

1427 1835 1579 1872 bonitas
1599 1842 1636 1872 et
1656 1835 1871 1873 difficultas.
1903 1835 1942 1873 Si
1963 1848 2054 1884 ergo
2082 1836 2151 1874 fiat
2178 1837 2417 1886 comparatio
2446 1850 2504 1875 se-

1428 1889 1598 1926 cundum
1627 1888 1858 1935 bonitatem,
1889 1889 1942 1927 sic
1971 1890 2183 1938 praefertur
2211 1898 2329 1928 status
2357 1890 2506 1939 religio-

1427 1942 1484 1980 nis
1505 1942 1635 1980 officio
1655 1943 1868 1992 presbyteri
1888 1943 2007 1980 curati
2026 1944 2088 1980 vel
2108 1943 2388 1982 archidiaconi:
2413 1944 2506 1993 quia

1427 1996 1624 2045 religiosus
1653 2004 1773 2034 totam
1794 1996 1914 2034 vitam
1934 2009 2045 2034 suam
2075 1996 2219 2046 obligat
2237 1998 2285 2035 ad
2305 1997 2505 2046 perfectio-

1428 2050 1486 2087 nis
1515 2050 1704 2096 studium:
1735 2051 1936 2100 presbyter
1960 2058 2090 2088 autem
2120 2058 2273 2089 curatus
2292 2052 2355 2088 vel
2384 2051 2505 2090 archi-

1428 2104 1614 2141 diaconus
1643 2116 1721 2141 non
1751 2104 1894 2152 obligat
1921 2111 2041 2142 totam
2070 2104 2189 2142 vitam
2219 2117 2331 2143 suam
2360 2105 2411 2143 ad
2439 2117 2505 2143 cu-

1428 2170 1512 2195 ram
1548 2157 1783 2204 animarum,
1813 2158 1909 2196 sicut
1945 2158 2172 2207 episcopus;
2211 2170 2283 2196 nec
2317 2158 2432 2196 etiam
2470 2159 2505 2197 ei

1428 2211 1613 2260 competit
1639 2211 1890 2260 principalem
1921 2224 2054 2249 curam
2084 2211 2326 2250 subditorum
2347 2212 2503 2259 habere,

1428 2265 1525 2302 sicut
1552 2264 1765 2314 episcopis;
1804 2266 1872 2302 sed
1901 2265 2094 2314 quaedam
2128 2265 2369 2315 particularia
2406 2266 2506 2304 circa

1429 2330 1562 2356 curam
1596 2317 1813 2356 animarum
1852 2330 1987 2356 eorum
2023 2318 2153 2356 officio
2192 2319 2502 2368 committuntur,

1428 2380 1470 2409 ut
1499 2384 1545 2409 ex
1582 2371 1690 2409 dictis
1709 2371 1729 2394 ²¹⁸
1757 2379 1872 2421 patet.
1911 2372 1960 2409 Et
1992 2371 2081 2409 ideo
2111 2373 2350 2422 comparatio
2385 2380 2505 2411 status

1429 2425 1619 2474 religionis
1648 2425 1697 2463 ad
1718 2437 1853 2463 eorum
1883 2425 2054 2463 officium
2076 2433 2132 2463 est
2160 2425 2257 2464 sicut
2279 2426 2506 2464 universalis

1429 2479 1477 2517 ad
1506 2479 1754 2528 particulare:
1785 2486 1822 2516 et
1841 2478 1936 2516 sicut
1955 2479 2169 2516 holocausti
2189 2480 2238 2517 ad
2258 2479 2503 2527 sacrificium,

1429 2534 1535 2582 quod
1565 2540 1621 2570 est
1647 2532 1774 2570 minus
1803 2533 2042 2580 holocausto,
2069 2539 2111 2570 ut
2139 2540 2244 2581 patet
2271 2545 2341 2582 per
2359 2533 2504 2582 Grego-

1430 2587 1542 2633 rium,
1570 2598 1685 2635 super
1710 2587 1847 2635 Ezech.
1866 2585 1887 2608 *
1915 2586 2028 2623 Unde
2057 2593 2093 2623 et
2122 2587 2224 2634 XIX,
2246 2599 2311 2637 qu.
2341 2585 2421 2635 1⁴²⁸,
2450 2587 2504 2626 di·
2532 2587 2543 2599 ¹

1429 2641 1544 2678 citur:
1590 2640 1744 2677 Clericis
1771 2640 1838 2689 qui
1863 2640 2141 2677 monachorum
2173 2640 2411 2690 propositum
2438 2652 2505 2694 ap-

1422 2700 1566 2743 petunt,
1588 2694 1677 2743 quia
1696 2693 1891 2731 meliorem
1911 2693 2028 2731 vitam
2050 2693 2158 2743 sequi
2178 2694 2344 2743 cupiunt,
2366 2693 2503 2734 liberos

1428 2748 1480 2785 eis
1508 2748 1557 2785 ab
1585 2747 1757 2796 episcopo
1787 2747 1824 2784 in
1854 2747 2092 2784 monasteriis
2110 2752 2258 2796 oportet
2281 2747 2424 2798 largiri
2447 2747 2504 2786 in-

1427 2813 1592 2852 gressus
1622 2821 1646 2828 -
1677 2800 1755 2839 Sed
1783 2801 1879 2838 haec
1908 2800 2145 2850 comparatio
2170 2800 2420 2851 ,intelligenda
2448 2809 2505 2839 est

1429 2855 1642 2893 secundum
1672 2867 1793 2903 genus
1822 2854 1961 2903 operis.
1992 2855 2096 2892 Nam
2125 2854 2340 2892 secundum
2371 2854 2503 2893 carita·

1427 2917 1505 2947 tem
1535 2908 1748 2958 operantis,
1778 2907 1960 2957 contingit
1988 2907 2224 2958 quandoque
2262 2908 2367 2957 quod
2403 2920 2503 2958 opus

1429 2975 1474 3000 ex
1502 2974 1641 3011 genere
1670 2975 1742 2999 suo
1771 2961 1899 2999 minus
1937 2961 2119 3008 existens,
2149 2960 2271 3010 magis
2306 2969 2362 2999 est
2389 2961 2503 3000 meri-

1427 3016 1582 3062 torium,
1611 3015 1642 3052 si
1661 3020 1677 3044 ἵ
1707 3027 1752 3053 ex
1781 3014 1918 3052 maiori
1947 3014 2102 3052 caritate
2131 3014 2208 3052 fiat.

1482 3069 1522 3107 Si
1550 3081 1645 3106 vero
1666 3069 1882 3107 attendatur
1901 3067 2102 3106 difficultas
2121 3067 2222 3105 bene
2247 3067 2502 3106 conversandi

1426 3123 1465 3160 in
1494 3123 1688 3171 religione,
1709 3130 1746 3160 et
1773 3122 1812 3160 in
1832 3121 1962 3160 officio
1990 3120 2166 3159 habentis
2196 3133 2328 3159 curam
2358 3121 2502 3160 anima-

1427 3189 1526 3224 rum,
1547 3176 1601 3214 sic
1629 3175 1819 3214 difficilius
1839 3182 1894 3213 est
1922 3175 2021 3212 bene
2051 3174 2271 3212 conversari
2291 3186 2380 3212 cum
2410 3187 2502 3213 eura

1427 3230 1663 3277 animarum,
1693 3237 1851 3279 propter
1879 3228 2066 3266 exteriora
2093 3228 2283 3277 pericula:
2323 3228 2501 3277 quamvis

1427 3283 1671 3322 conversatio
1706 3281 1896 3331 religionis
1925 3281 1972 3318 sit
2000 3281 2188 3319 difficilior
2223 3289 2413 3331 quantum
2450 3282 2501 3320 ad

1427 3338 1555 3387 ipsum
1583 3348 1704 3386 genus
1737 3334 1884 3385 operis,
1913 3342 2070 3384 propter
2104 3335 2372 3374 arctitudinem
2392 3333 2406 3358 ⁶
2435 3336 2501 3373 ob-

1427 3390 1641 3429 servantiae
1671 3387 1863 3437 regularis.

1479 3504 1507 3572 ἔξ

1526 3504 1558 3529 si.
1570 3517 1589 3523 —
1606 3503 1707 3528 scilicet
1724 3502 1748 3527 si
1766 3502 1812 3527 Pa.

1523 3538 1723 3564 arctitudinem.
1735 3551 1754 3557 -
1771 3537 1941 3563 altitudinem
1961 3537 2033 3563 PKa.

2533 2366 2746 2408 ’Ama-aa„
