2768 4198
162 935 201 957 qu.
226 934 290 954 cui,

79 956 168 979 lim-od

81 983 154 1010 ·u.Q
169 987 254 1004 ‹ti-xvii.

79 1976 87 1983 ⁸
105 1973 169 1995 Vere.
186 1979 217 1999 14.

77 2134 89 2145 ⁸
104 2134 167 2155 Vere.
185 2139 213 2162 13.

80 2295 87 2302 ·
102 2293 148 2320 Qu.
159 2298 239 2319 cxviii,
250 2296 293 2314 art.

78 2325 98 2341 2.

83 2449 89 2455 ·
107 2447 171 2468 Vers.
187 2452 211 2468 n.

89 3409 99 3418 ¹¹
113 3407 148 3429 Cf.
165 3413 227 3428 num.
244 3412 278 3428 ιιι.

317 332 391 379 342

993 321 1261 369 QUAESTIO
1292 320 1465 366 CLXVI,
1494 319 1792 357 ARTICULUS
1823 319 1836 355 Ι

478 538 481 540 ’
534 571 949 650 QUAESTto
990 552 2296 622 CENTESIMASEXAGESIMASEXTA

1025 686 1124 727 DE
1173 682 1793 726 STUDIOSITATE

1145 800 1180 825 IN
1208 799 1303 825 DUOS
1331 798 1535 824 ARTICULOS
1564 798 1681 823 DIVISA

320 922 508 1005 DElNDE
546 906 866 946 considerandum
905 913 960 942 est
993 904 1040 941 de
1080 902 1315 940 studiositate
1343 901 1383 948 ²¹⁸,

402 972 438 1001 et
467 962 680 1000 curiositate
710 960 778 997 sibi
809 958 986 1009 opposita
1004 957 1036 994 *.
1253 988 1255 994 ,

318 1018 428 1055 Circa
457 1015 731 1053 studiositatem
760 1021 890 1050 autem
919 1018 1152 1061 quaeruntur
1180 1010 1270 1047 duo.

1494 901 1645 937 Primo:
1676 913 1774 950 quae
1804 900 1850 937 sit
1876 900 2035 938 materia
2063 901 2321 940 studiositatis.

1495 954 1697 991 Secundo:
1727 961 1855 990 utrum
1885 952 1930 990 sit
1958 966 2046 1003 pars
2074 955 2361 1004 temperantiae.

1132 1135 1452 1180 ARTICULUS
1493 1135 1700 1178 PRIMUS

783 1231 939 1262 UTRUM
963 1229 1162 1261 MATERIA
1186 1226 1515 1259 sTumos¹TAris
1539 1226 1606 1257 SIT
1629 1226 1813 1258 PROPRIE
1834 1226 2048 1258 cocumo

344 1338 416 1389 flii-s
433 1342 489 1370 81
468 1346 505 1386 <
530 1335 553 1360 D
581 1334 718 1359 ptumum
747 1333 800 1358 sic
829 1331 1070 1357 PRocemTUR.
1097 1318 1255 1356 Videtur
1281 1318 1386 1366 quod

344 1354 509 1437 §3⁸:22
531 1376 690 1412 materia
709 1373 952 1411 studiositatis
977 1385 1056 1410 non
1076 1373 1123 1409 sit
1150 1370 1304 1421 proprie
1326 1383 1388 1407 co-

335 1431 372 1477 Α
396 1445 455 1473 *⁷4
466 1414 498 1470 ‘6
513 1427 517 1431 ’
531 1429 659 1477 gnitio.
691 1428 892 1465 Studiosus
912 1427 1014 1463 enim
1035 1426 1169 1463 dicitur
1188 1425 1323 1473 aliquis
1343 1435 1388 1460 ex

337 1467 358 1487 ”
373 1498 385 1514 κ»
391 1476 471 1515 ⁷⁴35)
487 1474 519 1517 N
533 1495 578 1519 eo
609 1482 715 1530 quod
744 1481 898 1518 adhibet
924 1480 1086 1517 studium
1117 1478 1306 1527 aliquibus
1331 1490 1387 1514 re-

319 1537 402 1573 bus.
441 1535 518 1572 Sed
552 1536 590 1572 in
623 1534 792 1583 qualibet
820 1533 978 1570 materia
1017 1533 1130 1570 debet
1162 1533 1282 1569 homo
1312 1539 1388 1568 stu—

320 1590 424 1626 dium
461 1589 663 1626 adhibere
694 1588 743 1625 ad
778 1589 852 1624 hoc
881 1587 985 1635 quod
1015 1594 1115 1623 recte
1144 1586 1254 1623 faciat
1282 1584 1388 1633 quod

320 1651 376 1679 est
412 1642 642 1679 faciendum.
679 1642 780 1689 Ergo
809 1641 961 1677 videtur
988 1640 1094 1688 quod
1122 1651 1201 1676 non
1230 1639 1275 1675 sit
1303 1651 1387 1687 spe-

320 1696 423 1733 cialis
452 1696 612 1733 materia
640 1694 882 1732 studiositatis
912 1693 1087 1741 cognitio.

374 1761 409 1786 2.
441 1750 675 1791 PRAETEREA‚
695 1747 912 1784 studiositas
941 1745 1145 1783 curiositati
1169 1745 1387 1793 opponitur.

320 1803 397 1839 Sed
427 1802 634 1847 curiositas,
665 1813 763 1849 quae
792 1813 814 1837 a
842 1812 936 1837 cura
966 1799 1122 1845 dicitur,
1152 1807 1277 1847 potest
1305 1810 1388 1834 esse

319 1855 432 1892 etiam
455 1861 472 1877 α
502 1856 600 1892 circa
628 1862 805 1891 ornatum
835 1853 1013 1897 vestium,
1045 1860 1080 1888 et
1110 1851 1207 1888 circa
1228 1851 1299 1888 alia
1319 1852 1388 1888 hu-

318 1909 485 1946 iusmodi
523 1920 622 1956 quae
661 1907 850 1956 pertinent
882 1906 929 1943 ad
960 1918 1121 1955 corpus:
1152 1905 1254 1941 unde
1283 1906 1388 1953 Apo-

318 1963 436 1999 stolus
466 1962 570 2006 dicit,
601 1962 714 1998 Rom.
735 1972 795 1996 xm
815 1959 854 1996 *z
890 1960 1026 1996 Carnis
1055 1970 1188 1995 curam
1218 1970 1265 1995 ne
1280 1959 1388 2006 fece-

317 2017 397 2053 ritis
425 2016 462 2052 in
491 2014 692 2052 desideriis.
724 2014 826 2060 Ergo
852 2013 1068 2050 studiositas
1087 2024 1166 2048 non
1187 2020 1242 2048 est
1262 2013 1388 2048 solum

319 2071 418 2106 circa
447 2068 718 2116 cognitionem.

374 2123 408 2159 3.
439 2123 681 2167 PRAETEREA,
714 2121 848 2156 Ierem.
876 2132 911 2156 vi
938 2119 958 2141 '¹‘
994 2118 1148 2156 dicitur:
1186 2124 1223 2155 A
1251 2119 1392 2155 minori

320 2187 436 2224 usque
463 2175 514 2212 ad
541 2175 738 2219 maiorem,
767 2185 897 2210 omnes
921 2172 1107 2209 avaritiae
1124 2172 1281 2208 student.
1313 2172 1390 2209 Sed

319 2228 476 2266 avaritia
509 2241 587 2265 non
621 2236 676 2264 est
704 2227 857 2275 proprie
886 2226 984 2263 circa
1014 2225 1292 2273 cognitionem,
1322 2226 1390 2263 sed

319 2282 439 2330 magis
468 2282 567 2318 circa
595 2281 878 2330 possessionem
908 2279 1136 2326 divitiarum,
1163 2287 1205 2316 ut
1237 2291 1352 2328 supra
1371 2278 1392 2301 ’¹‘

319 2335 492 2373 habitum
524 2343 589 2372 est.
620 2336 721 2382 Ergo
751 2333 980 2379 studiositas,
1011 2345 1110 2381 quae
1139 2345 1162 2369 a
1185 2333 1306 2369 studio
1336 2332 1390 2370 di-

321 2389 427 2435 citur,
458 2401 535 2425 non
566 2396 621 2424 est
649 2387 802 2436 proprie
833 2387 931 2424 circa
961 2386 1232 2434 cognitionem.

375 2443 449 2478 SED
470 2454 616 2479 CONTRA
635 2453 701 2478 EST
716 2441 822 2489 quod
837 2440 971 2478 dicitur
983 2441 1096 2477 Prov.
1113 2438 1256 2476 xxvii*:
1277 2439 1392 2476 Stude

319 2496 535 2543 sapientiae,
554 2495 620 2542 fili
637 2495 700 2540 mi,
730 2501 767 2531 et
783 2494 944 2542 laetifica
965 2505 1033 2530 cor
1051 2505 1190 2538 meum,
1213 2498 1251 2529 ut
1268 2493 1391 2540 possis

321 2549 546 2597 respondere
561 2547 575 2577 β
593 2560 817 2585 sermonem.
849 2547 925 2584 Sed
947 2547 1083 2584 eadem
1103 2545 1320 2583 studiositas
1337 2554 1392 2583 est

322 2615 422 2650 quae
452 2602 625 2639 laudatur
653 2610 693 2638 ut
720 2602 852 2647 virtus,
873 2608 910 2637 et
938 2600 986 2638 ad
1015 2612 1133 2648 quam
1163 2601 1221 2636 lex
1246 2599 1389 2637 invitat.

323 2657 424 2704 Ergo
454 2654 669 2692 studiositas
689 2654 842 2704 proprie
863 2661 919 2691 est
943 2653 1040 2691 circa
1066 2652 1335 2701 cognitionem.

376 2711 602 2746 Responmzo
638 2720 822 2746 mCENDUM
852 2707 959 2755 quod
989 2706 1157 2744 studium
1186 2707 1391 2756 praecipue

321 2762 501 2811 importat
528 2762 801 2799 vehementem
835 2760 1130 2809 applicationem
1167 2759 1306 2797 mentis
1343 2760 1391 2797 ad

322 2816 473 2864 aliquid.
514 2816 626 2852 Mens
661 2823 790 2852 autem
824 2827 903 2851 non
936 2813 1145 2862 applicatur
1174 2813 1223 2850 ad
1251 2814 1392 2862 aliquid

322 2869 392 2906 nisi
412 2868 681 2916 cognoscendo
702 2868 805 2904 illud.
835 2867 948 2904 Unde
976 2879 1045 2916 per
1073 2867 1178 2915 prius
1198 2879 1308 2904 mens
1328 2879 1394 2916 ap-

322 2922 481 2971 plicatur
509 2923 557 2958 ad
586 2921 862 2969 cognitionem:
902 2920 1130 2957 secundario
1164 2928 1292 2957 autem
1327 2933 1392 2969 ap-

378 3053 406 3085 α)
425 3053 516 3078 etiam.
528 3066 548 3072 -
566 3059 631 3085 ergo
651 3053 668 3081 1.
687 3060 740 3078 om.
761 3052 854 3078 PCKa.

379 3088 403 3121 β)
423 3088 592 3121 respondere.
605 3102 622 3106 -
641 3088 821 3119 exprobranti
839 3087 909 3112 addit
928 3089 955 3113 P.

376 3126 402 3157 γ)
423 3124 459 3149 Et
477 3124 540 3156 quia
559 3124 596 3148 ad
615 3131 654 3149 ea.
667 3136 687 3143 —
708 3123 777 3154 Quia
796 3123 833 3148 ad
851 3130 883 3148 ea
902 3123 976 3154 BFK,
992 3123 1029 3148 Et
1047 3124 1110 3156 quia
1129 3124 1202 3149 circa
1219 3131 1251 3148 ea
1265 3124 1298 3149 de
1313 3125 1353 3150 ed.
1366 3132 1391 3154 a,

324 3160 360 3184 Et
379 3159 442 3191 quia
460 3159 533 3185 circa
552 3166 584 3184 ea
603 3159 631 3184 P.

1441 1316 1600 1365 plicatur
1627 1317 1676 1354 ad
1706 1329 1751 1353 ea
1780 1317 1817 1353 in
1848 1316 1986 1365 quibus
2015 1318 2135 1354 homo
2164 1330 2234 1367 per
2253 1320 2513 1380 cognitionem

1442 1369 1621 1429 dirigitur.
1653 1371 1701 1406 Et
1729 1370 1816 1407 ideo
1846 1370 2014 1407 studium
2044 1383 2114 1420 per
2141 1372 2246 1420 prius
2271 1373 2422 1423 respicit
2450 1387 2514 1412 co-

1441 1423 1669 1471 gnitionem:
1700 1431 1736 1460 et
1763 1436 1833 1472 per
1852 1424 2040 1472 posterius
2069 1437 2340 1475 quaecumque
2366 1427 2439 1465 alia
2463 1430 2513 1466 ad

1442 1489 1539 1525 quae
1569 1477 1765 1525 operanda
1794 1477 1999 1514 directione
2030 1478 2255 1526 cognitionis
2283 1480 2512 1529 indigemus.

1442 1530 1607 1568 Virtutes
1636 1538 1762 1567 autem
1792 1531 1944 1579 proprie
1974 1531 2044 1568 sibi
2073 1533 2279 1570 attribuunt
2307 1534 2409 1571 illam
2433 1547 2514 1572 ma-

1441 1585 1574 1621 teriam
1610 1583 1707 1620 circa
1745 1596 1861 1632 quam
1895 1585 2021 1632 primo
2056 1594 2092 1622 et
2119 1586 2377 1636 principaliter
2404 1597 2514 1627 sunt:

1442 1637 1536 1674 sicut
1573 1637 1752 1674 fortitudo
1791 1637 1958 1687 pericula
1999 1639 2149 1686 mortis,
2190 1649 2225 1677 et
2262 1643 2515 1690 temperantia

1442 1690 1735 1728 delectationem
1763 1699 1896 1729 tactus
1928 1692 1977 1728 Et
2004 1692 2091 1730 ideo
2117 1693 2332 1731 studiositas
2359 1697 2515 1745 proprie

1444 1744 1577 1781 dicitur
1604 1744 1705 1780 circa
1734 1745 2004 1792 cognitionem.

1495 1799 1554 1834 Αι)
1574 1808 1711 1834 vamum
1733 1809 1834 1834 ERGO
1854 1810 2040 1836 nicENDuu
2069 1801 2173 1847 quod
2205 1800 2303 1838 circa
2322 1802 2414 1839 alias
2433 1814 2514 1840 ma·

1443 1850 1553 1886 terias
1583 1862 1661 1886 non
1689 1858 1814 1899 potest
1842 1851 1983 1900 aliquid
2019 1860 2118 1888 recte
2149 1853 2248 1899 fieri,
2280 1854 2351 1892 nisi
2380 1868 2515 1893 secun-

1444 1904 1536 1940 dum
1571 1903 1677 1951 quod
1707 1911 1762 1940 est
1795 1904 2107 1952 praeordinatum
2135 1917 2206 1954 per
2233 1907 2421 1947 rationem
2451 1922 2515 1948 co·

1444 1965 1704 2005 gnoscentem.
1738 1957 1784 1993 Et
1812 1957 1900 1994 ideo
1929 1970 1998 2007 per
2025 1958 2130 2007 prius
2150 1959 2368 1998 studiositas
2387 1963 2516 2011 cogni-

1444 2010 1588 2047 tionem
1619 2010 1780 2059 respicit,
1806 2011 2038 2059 cuicumque
2059 2012 2240 2049 materiae
2260 2014 2430 2053 studium
2450 2017 2516 2054 ad-

1446 2064 1631 2101 hibeatur.

1499 2120 1556 2154 Αι)
1577 2129 1769 2154 SECUNDUM
1790 2129 1975 2155 mcennum
1995 2118 2102 2166 quod
2122 2131 2167 2156 ex
2188 2119 2327 2157 affectu
2348 2122 2516 2160 hominis

1445 2171 1600 2209 trahitur
1629 2183 1739 2207 mens
1769 2171 1849 2207 eius
1878 2171 1927 2208 ad
1956 2171 2232 2210 intendendum
2257 2174 2315 2211 his
2344 2175 2393 2212 ad
2413 2187 2515 2224 quae

1445 2225 1625 2262 afficitur:
1649 2224 1863 2261 secundum
1884 2225 1975 2263 illud
1997 2226 2130 2263 Matth.
2151 2238 2187 2263 vt
2202 2226 2242 2263 *t
2277 2228 2353 2266 Ubi
2368 2234 2424 2266 est
2439 2230 2516 2268 the-

2541 2242 2553 2253 ·
2565 2241 2634 2264 Vm.
2649 2247 2681 2264 ιι,

1445 2291 1581 2316 saurus
1610 2283 1706 2324 tuus,
1737 2278 1790 2314 ibi
1815 2283 1868 2314 est
1895 2284 1931 2314 et
1957 2285 2160 2316 cortuum.
2191 2281 2241 2317 Et
2260 2281 2349 2329 quia
2370 2283 2418 2320 ad
2440 2288 2515 2321 ea*
2640 2290 2658 2317 t

1446 2332 1584 2382 quibus
1608 2343 1696 2368 caro
1718 2331 1879 2377 fovetur,
1902 2336 2069 2369 maxime
2089 2333 2210 2370 homo
2231 2334 2405 2384 afficitur,
2426 2349 2518 2374 con-

1445 2397 1610 2435 sequens
1626 2393 1681 2421 est
1696 2384 1801 2433 quod
1818 2385 1994 2432 cogitatio
2010 2383 2023 2407 ⁶
2038 2386 2207 2423 hominis
2220 2396 2395 2426 versetur
2409 2402 2518 2439 prae·
2642 2389 2658 2416 ὓ

1447 2439 1556 2488 cipue
1591 2438 1689 2475 circa
1721 2449 1766 2474 ea
1801 2437 1940 2486 quibus
1974 2451 2063 2476 earo
2092 2439 2263 2478 fovetur:
2302 2450 2344 2478 ut
2376 2443 2518 2480 scilicet

1446 2493 1566 2529 homo
1586 2492 1751 2541 inquirat
1769 2491 1929 2539 qualiter
1946 2492 2091 2529 homo·
2112 2493 2255 2542 optime
2275 2495 2395 2555 possit
2413 2497 2516 2534 carni
2645 2504 2658 2521 ‘

1447 2558 1537 2583 suae
1562 2545 1781 2583 subvenire.
1813 2545 1861 2581 Et
1880 2546 2094 2583 seeundum
2115 2547 2202 2593 hoc,
2224 2548 2420 2586 curiositas
2448 2562 2518 2600 po-

1447 2600 1545 2637 nitur
1574 2599 1673 2636 circa
1702 2610 1747 2635 ea
1775 2610 1873 2647 quae
1902 2599 1950 2636 ad
1971 2611 2125 2636 carnem
2150 2600 2350 2659 pertinent,
2372 2603 2518 2641 ratione

1447 2665 1580 2690 eorum
1611 2664 1709 2701 quae
1739 2653 1786 2688 ad
1816 2652 2072 2700 cognitionem
2103 2654 2305 2702 pertinent.

1499 2709 1557 2743 An
1585 2717 1747 2743 Tamum
1777 2717 1962 2743 meramnum
1996 2707 2100 2754 quod
2130 2707 2287 2744 avaritia
2321 2708 2440 2747 inhiat
2467 2710 2517 2748 ad

1446 2762 1548 2797 lucra
1578 2759 1859 2808 conquirenda,
1890 2759 1938 2797 ad
1968 2761 2074 2807 quod
2108 2760 2274 2798 maxime
2305 2763 2518 2800 necessaria

1447 2822 1502 2850 est
1537 2813 1729 2861 quaedam
1762 2812 1896 2861 peritia
1929 2820 2166 2850 terrenarum
2203 2826 2342 2852 rerum.
2383 2816 2432 2853 Et
2459 2829 2518 2854 se-

1447 2867 1616 2904 cundum
1654 2867 1750 2910 hoc,
1784 2865 1954 2903 studium
1987 2866 2200 2904 attribuitur
2237 2867 2294 2904 his
2329 2880 2430 2916 quae
2467 2869 2515 2907 ad

1448 2920 1646 2958 avaritiam
1677 2927 1861 2968 spectant.

1500 3053 1525 3084 δ)
1545 3053 1683 3086 cogitatio.
1697 3067 1713 3071 -
1732 3051 1851 3085 cognitio
1871 3052 2009 3078 PCEHlsK
2030 3058 2055 3078 et
2073 3060 2099 3078 a.
2111 3067 2130 3073 -
2144 3053 2291 3086 praecipue
2309 3061 2362 3080 om.
2382 3055 2428 3081 Pa.

1501 3090 1523 3121 ε)
1543 3090 1630 3114 homo.
1643 3101 1663 3108 —
1681 3088 1742 3113 Om.
1763 3087 1815 3113 (ΞΕ.

1006 3236 1343 3271 Commentaria
1366 3237 1621 3271 Cardinalis
1644 3238 1848 3272 Caietam

331 3327 376 3388 IN
400 3317 638 3357 quaestionibus
663 3318 786 3348 duabus
810 3317 916 3354 simul,
933 3317 1049 3348 scilicet
1068 3317 1393 3358 centesimasexagesi-

359 3369 494 3392 masexta
518 3369 548 3392 et
563 3362 1071 3402 centesimasexagesimaseptima,
1090 3363 1127 3392 de
1149 3362 1348 3393 studiositate
1365 3369 1395 3393 et

328 3404 514 3438 curiositate.
537 3406 601 3435 duo
625 3406 720 3436 dubia
753 3414 934 3437 occurrunt.
963 3407 1107 3437 Primum
1127 3406 1162 3443 ¹⁸²,
1186 3407 1226 3437 de
1250 3407 1393 3437 subiecto

328 3448 531 3479 studiositatis
555 3456 585 3480 et
609 3450 815 3480 curiositatis:
840 3461 879 3480 an
904 3451 943 3481 sit
967 3451 1126 3491 appetitus
1149 3451 1311 3491 superior,
1337 3451 1394 3492 qui

328 3498 374 3522 est
396 3492 558 3528 voluntas;
583 3503 622 3522 an
639 3494 796 3533 appetitus
819 3494 962 3531 inferior,
990 3495 1045 3546 ‘³9¹
1069 3503 1115 3526 est
1139 3495 1394 3536 concupiscibilis

328 3542 358 3566 et
388 3536 559 3566 irascibilis.
591 3537 631 3566 Et
661 3538 739 3568 ratio
771 3539 858 3568 dubii
889 3546 935 3570 est
962 3539 1036 3579 quia
1060 3549 1097 3570 ex
1125 3547 1212 3580 parte
1246 3539 1393 3570 materiae

328 3587 457 3620 apparet
473 3580 561 3621 quod
586 3581 617 3610 in
632 3581 794 3612 voluntate
810 3582 871 3612 sint
888 3583 1074 3614 subiective:
1099 3584 1174 3625 quia
1191 3593 1392 3624 cognoscere,

329 3625 418 3665 quod
441 3624 569 3655 materia
593 3630 638 3654 est
662 3624 842 3665 iti-iusque,
866 3636 932 3657 non
955 3634 1090 3658 arctatur
1113 3628 1152 3658 ad
1177 3627 1393 3668 cognitionem

1447 3318 1639 3354 sensitivam,
1657 3318 1711 3348 sed
1731 3317 1973 3358 comprehendit
1995 3317 2091 3348 etiam
2115 3318 2333 3358 cognitionem
2358 3318 2521 3351 intellecti-

1446 3373 1529 3399 vam,
1556 3370 1591 3393 ut
1615 3363 1696 3393 clare
1719 3368 1805 3402 patet
1828 3361 1860 3392 in
1884 3361 1989 3401 primo
2013 3361 2146 3392 articulo
2170 3363 2366 3403 quaestionis
2389 3363 2519 3395 centesi-

1447 3405 1892 3446 maesexagesimaeseptimae.
1926 3406 1973 3436 Ex
2005 3406 2066 3436 hoc
2090 3406 2175 3437 enim
2206 3408 2295 3448 quod
2327 3408 2456 3439 materia
2473 3415 2520 3439 est

1447 3451 1539 3482 altior
1561 3450 1650 3482 omni
1674 3449 1813 3481 sensibili
1837 3457 1867 3480 et
1889 3449 2095 3490 imaginabili,
2123 3451 2265 3492 sequitur
2288 3453 2377 3493 quod
2401 3453 2441 3483 ad
2464 3462 2518 3494 ap-

1448 3495 1582 3535 petitum
1606 3494 1852 3530 intellectivum‚
1877 3494 1932 3535 qui
1957 3502 2003 3525 est
2026 3495 2192 3532 voluntas,
2215 3503 2349 3537 spectet:
2374 3496 2456 3528 sicut
2479 3491 2557 3527 de⁸
2597 3496 2704 3540 ⁰f.(‘:²o'⁸¹¹
2711 3494 2759 3540 R

1448 3539 1625 3570 humilitate
1649 3545 1679 3569 et
1709 3538 1856 3578 superbia
1879 3548 1915 3569 ex
1940 3538 2034 3569 simili
2059 3540 2180 3570 ratione
2209 3541 2399 3572 conclusum
2429 3546 2475 3572 est
2490 3540 2517 3572 ¹⁸.
2544 3524 2608 3567 13111111
2624 3550 2647 3566 11
2662 3523 2710 3540 m

1503 3583 1549 3614 Ex
1574 3589 1684 3613 natura
1707 3589 1815 3613 autem
1839 3590 1904 3613 tarn
1928 3583 1996 3614 talis
2021 3583 2153 3621 virtutis,
2172 3595 2270 3626 quam
2293 3585 2370 3622 vitii,
2389 3592 2519 3636 apparet
2545 3571 2634 3619 ηιμσ-
2621 3571 2760 3620 ”fflu'
2710 3576 2759 3598 ’Μ’

1447 3627 1536 3668 quod
1560 3637 1626 3658 non
1650 3634 1697 3658 est
1719 3627 1889 3658 subiective
1913 3627 1945 3658 in
1969 3628 2143 3659 voluntate.
2168 3629 2261 3665 Nam,
2284 3636 2320 3660 ut
2343 3629 2488 3670 superius
2502 3629 2519 3648 ¹⁸¹
2546 3627 2618 3646 ΝΜ·
