2768 4198
55 865 133 887 ’Vita
152 865 177 887 S.
196 865 268 896 Aug„

56 895 150 915 auctore
187 891 267 914 Possi-

55 919 103 944 dio.
118 924 169 947 cap.
182 925 204 941 v.

22 2556 27 2566 ‘¹
51 2557 150 2607 Περιιι.
170 2557 220 2585 Lu,
233 2558 265 2580 ιι.

18 3038 22 3054 ³
51 3028 267 3079 kexis-sum

53 3348 265 3398 aii-..em

950 298 1218 344 QUAESTIO
1250 299 1479 347 CLXXXV,

1509 301 1806 338 ARTICULUS
1835 301 1886 338 v1
2411 313 2488 350 479

302 376 365 407 rale
389 376 533 408 officium
557 386 708 407 exercere.
740 376 804 406 Sibi
833 375 893 416 ipsi
918 375 1055 416 imputet
1083 377 1211 408 illustris
1235 378 1290 418 qui
1324 388 1373 408 ac-
1398 377 1401 429 'l
1426 385 1501 409 vota
1524 379 1691 419 quaedam,
1717 387 1793 420 puta
1817 380 1964 410 castitatis
1993 387 2023 410 et
2046 380 2250 421 paupertatis,
2282 387 2356 411 sunt
2380 381 2417 411 de
2442 391 2490 411 es-

302 422 437 461 ceptavit
460 422 698 462 episcopatum:
723 427 753 451 et
777 426 949 460 exequatur
972 422 1061 461 quod
1084 422 1240 461 promisit.
1266 422 1399 453 Servet

300 466 370 496 Deo
386 472 417 496 et
433 466 590 496 Ecclesiae
613 465 719 496 fidem.
745 465 890 504 Turpem
913 475 945 495 se
969 474 1174 505 recognoscat
1197 467 1222 496 si
1241 477 1371 503 nomen,

299 510 493 550 potentiam,
518 510 678 540 honorem
701 519 737 539 ac
761 509 883 539 divitias
907 509 1048 550 episcopi
1072 517 1156 541 tenet
1179 511 1211 541 in
1236 521 1371 551 persona
1396 515 1398 534 τ’

299 564 366 591 sua,
392 554 535 585 officium
559 561 666 585 autem
691 553 778 584 alteri
803 554 937 594 delegat:
963 554 1117 594 quoniam
1137 555 1242 595 priora
1261 555 1370 586 omnia
1395 570 1397 592 ς

299 609 374 629 suae
398 599 470 629 data
493 605 567 629 sunt
590 608 743 638 personae
768 605 803 629 ut
827 598 939 629 habeat
962 599 1057 629 simul
1082 610 1155 630 cum
1179 600 1241 630 illis
1264 610 1371 640 perso—

298 643 369 673 nale
394 642 537 673 officium
561 642 714 683 episcopi.

295 864 350 904 plo
375 864 501 901 Valerii,
527 865 582 906 qui
612 875 668 906 per
695 865 914 905 Augustinum
945 866 1146 905 praedicabat
1160 866 1187 902 *,
1212 872 1270 896 etc.

350 909 418 939 XII.
437 909 472 939 In
487 910 695 949 responsione
710 910 749 941 ad
766 910 893 940 tertium
919 910 1061 941 eiusdem
1085 910 1216 946 articuli,
1234 910 1365 950 diligen-

294 959 340 983 ter
356 954 482 984 adverte
497 954 557 984 hos
573 955 656 985 duos
672 954 874 996 perfectionis
890 962 997 992 status,
1015 955 1132 986 scilicet
1151 954 1365 995 episcopalem
1390 957 1392 1001 J

295 1004 325 1028 et
349 997 543 1049 religiosum,
562 1009 628 1029 non
652 1009 684 1029 se
708 999 822 1030 habere
840 1006 874 1030 ut
894 1000 994 1040 magis
1018 999 1194 1050 perfectum
1211 1006 1242 1029 et
1258 998 1365 1029 minus

293 1042 482 1082 perfectum,
507 1043 551 1074 sic
575 1050 610 1074 ut
633 1043 664 1074 in
690 1044 810 1074 maiore
830 1044 1011 1074 includatur
1035 1044 1155 1074 minus:
1180 1044 1235 1074 sed
1260 1050 1295 1073 ut
1319 1043 1363 1073 di-

293 1096 460 1118 versorum
489 1098 643 1128 generum
675 1088 898 1128 perfectiones.
933 1089 974 1119 Et
997 1088 1071 1118 hinc
1098 1088 1245 1128 provenit
1275 1088 1391 1128 quod.

1394 665 1396 679 ‚
1422 645 1461 674 ad
1485 645 1705 685 episcopatum
1720 645 1746 676 *.
1772 646 1844 676 Hoc
1860 646 1946 676 enim
1970 657 2036 676 non
2053 653 2132 677 esset
2156 657 2238 687 opus
2255 647 2280 676 si
2300 646 2524 697 episcopalis·

350 686 437 717 Cum
461 687 509 717 his
533 694 640 717 tamen
665 694 724 717 stat
744 687 831 728 quod
855 697 991 727 persona
1015 688 1166 728 episcopi,
1183 689 1268 718 salva
1292 698 1368 718 con·
1393 682 1396 721 l
1421 695 1520 719 status
1546 696 1626 720 esset
1649 689 1816 730 perfectior
1833 697 1867 720 ut
1890 690 2040 731 perfectio
2058 691 2199 721 eiusdem
2222 691 2355 730 generis,
2373 698 2408 721 ut
2424 700 2488 720 una

297 731 444 762 scientiae
468 731 615 771 puritate,
640 741 676 762 ex
700 732 879 762 rationabili
903 742 996 762 causa
1020 732 1174 763 abstineat
1195 733 1234 763 ab
1258 732 1367 773 aliquo
1393 733 1395 765 Ῐ

295 775 428 815 proprio
453 776 511 806 sibi
536 783 618 812 actu,
637 783 667 807 et
689 787 746 816 per
769 776 866 806 alium
885 782 1024 807 exerceat
1047 777 1154 807 illum:
1180 784 1258 817 puta
1277 778 1394 817 quod
1392 802 1394 809 s

295 819 455 860 praedicet
478 830 533 860 per
549 821 658 856 alium,
677 821 731 852 ubi
747 821 809 851 hoc
828 821 927 861 magis
944 821 1112 861 expediens
1129 821 1237 858 fuerit;
1263 831 1366 852 exem·
1392 827 1393 864 ξ

1391 872 1393 896 ,’
1419 873 1495 897 voto
1519 867 1725 906 ingrediendo
1740 867 1960 907 perfectiorem
1977 868 2173 908 religionem,
2194 875 2230 899 ut
2252 868 2332 898 infra
2347 868 2365 887 *
2388 874 2484 909 patet.

1426 423 1525 453 sentia
1549 430 1647 454 status
1664 424 1865 464 perfectionis
1889 424 1994 460 unius,
2012 431 2089 464 puta
2112 425 2258 465 religiosi,
2276 432 2306 455 et
2327 435 2393 455 non
2417 433 2490 456 sunt

1396 468 1462 514 de
1479 468 1611 498 essentia
1627 475 1725 499 status
1749 468 1884 505 alterius,
1902 468 2019 499 scilicet
2034 469 2231 509 episcopalis.
2251 487 2268 492 -
2293 469 2377 499 Hinc
2393 469 2488 499 etiam

1425 511 1525 542 oritur
1548 513 1636 552 quod
1661 513 1716 553 qui
1742 513 1828 543 vovit
1857 523 1889 543 se
1913 513 2097 553 religiosum
2121 513 2204 550 fore,
2230 513 2254 543 si
2284 513 2410 544 interim
2433 524 2488 543 vo-

1423 563 1511 587 cetur
1526 557 1565 586 ad
1582 557 1816 597 episcopatum,
1834 564 1958 588 tenetur
1971 557 2103 597 implere
2120 558 2208 598 prius
2228 565 2341 588 votum
2364 558 2488 597 religio-

1423 600 1471 630 nis
1491 600 1670 651 profitendo
1693 601 1876 641 religiosum
1900 609 2031 632 statum:
2053 609 2083 632 et
2105 602 2217 632 deinde
2232 608 2338 643 potest
2359 602 2488 632 transire

2514 675 2543 696 de
2535 649 2639 697 afflasse
2638 652 2728 698 etuiszti

2513 701 2630 730 Redempt.

1421 733 1530 773 religio
1555 741 1601 764 est
1624 734 1791 774 perfectior
1810 735 1886 764 alia:
1912 735 1967 765 sed
1990 736 2182 766 transeundo
2206 736 2244 765 ad
2265 735 2486 775 episcopatum

1420 778 1562 818 absque
1555 788 1696 818 ingressu
1713 778 1883 818 religioniS,
1902 779 2100 810 satisfecisset
2114 786 2191 810 voto
2208 779 2388 819 religionis·
2381 803 2388 816 ,
2406 779 2487 810 sicut

1420 822 1474 862 qui
1491 822 1579 853 vovit
1602 823 1721 862 ingredi
1738 823 2003 863 imperfectiorem
2027 824 2221 864 religionem,
2240 823 2313 854 facit
2336 824 2409 855 satis
2426 833 2485 854 suo

2514 871 2660 899 ‘Qu.ct.x
2662 879 2725 899 xxxxx

1474 911 1602 941 Habent
1625 921 1699 951 ergo
1724 922 1756 941 se
1780 911 1968 952 episcopalis
1993 919 2023 943 et
2045 912 2210 952 religiosus
2234 919 2332 943 status
2356 919 2392 943 ut
2419 912 2484 943 duo
2513 901 2554 919 ³¹¹*
2562 905 2583 927 3,
2592 898 2724 920 Comment.

1418 955 1620 994 perfectionis
1643 965 1771 995 genera:
1797 966 1871 986 narn
1894 956 1946 987 ille
1970 964 2015 987 est
2038 957 2125 987 velut
2139 957 2338 997 perfectionis
2362 957 2486 987 univer-

1418 999 1500 1036 salis,
1525 999 1582 1030 iste
1606 999 1807 1039 perfectionis
1831 1000 2044 1040 particularis;
2069 1001 2121 1031 ille
2144 1001 2224 1032 sicut
2247 1002 2305 1037 sol,
2325 1001 2382 1032 iste
2406 1001 2486 1032 sicut

1390 1061 1391 1083 3
1390 1039 1584 1083 margarita
1614 1051 1669 1074 aut
1699 1044 1819 1086 animal¹
1839 1044 2031 1084 perfectum;
2066 1045 2117 1075 ille
2146 1052 2274 1076 naturae
2299 1045 2485 1086 perfectivae

1417 1087 1563 1124 aliorum,
1588 1088 1646 1118 iste
1670 1095 1799 1118 naturae
1823 1089 1881 1119 sibi
1904 1089 1963 1129 ipsi
1988 1089 2189 1130 proficientis,
2214 1097 2270 1120 etc.

1111 1221 1430 1262 ARTICULUS
1461 1220 1670 1264 SEXTUS

751 1313 907 1344 UTRUM
931 1312 1140 1344 EPISCOPO
1163 1312 1324 1343 LICEAT
1348 1313 1527 1350 ALIQUID
1551 1313 1773 1345 PROPRIUM
1796 1314 2028 1345 POSSIDERE

722 1390 797 1422 Infra,
817 1398 862 1423 qu.
881 1398 996 1420 cuxxvr,
1016 1395 1064 1416 art.
1085 1390 1108 1421 3,
1128 1390 1159 1414 ad
1181 1389 1211 1420 5;
1231 1390 1273 1414 De
1292 1390 1365 1422 Pers.
1388 1389 1465 1415 Vitae
1485 1390 1570 1422 Spir„
1590 1398 1645 1423 cap.
1664 1398 1738 1421 xvm;
1760 1391 1789 1415 In
1809 1391 1916 1420 Matth.,
1936 1399 1992 1424 cap.
2010 1399 2059 1416 xix.

408 1494 416 1517 ⁵,
428 1503 477 1538 ¹02<

348 1597 418 1660 v
411 1560 472 1623 N'²6
488 1578 748 1629 possidere.
720 1583 737 1600 ‘²
770 1578 962 1615 Dominus
982 1577 1084 1614 enim
1105 1577 1206 1625 dicit,
1227 1577 1362 1614 Matth.

320 1630 322 1632 ’
327 1585 445 1682 43⁴5}ss
461 1626 491 1667 k
505 1645 567 1670 Xix
585 1632 622 1669 *z
652 1632 695 1668 Si
710 1632 767 1668 vis
779 1633 973 1680 perfectus
992 1643 1082 1678 esse,
1102 1632 1200 1668 vade
1222 1637 1258 1668 et
1274 1642 1363 1668 ven—

291 1687 338 1725 de
364 1686 495 1724 omnia
522 1697 621 1735 quae
647 1686 763 1722 habes
790 1691 827 1722 et
852 1685 901 1722 da
923 1686 1174 1734 pauperibus,
1205 1690 1241 1721 et
1265 1685 1363 1731 veni,

289 1752 447 1790 sequere
465 1751 548 1777 me:
577 1751 624 1776 ex
643 1751 722 1788 quo
741 1738 894 1776 videtur
914 1739 1020 1798 quod
1038 1738 1255 1776 voluntaria
1273 1751 1365 1787 pau-

290 1802 416 1844 pertas
445 1793 495 1831 ad
521 1793 798 1842 perfectionem
827 1792 1050 1841 requiratur.
1087 1792 1165 1829 Sed
1195 1791 1364 1841 episcopi

291 1854 540 1886 assumuntur
563 1847 612 1883 ad
632 1853 772 1883 statum
801 1845 1057 1895 perfectionis.
1089 1846 1191 1894 Ergo
1211 1845 1366 1882 videtur

291 1901 398 1951 quod
425 1912 506 1937 non
533 1899 645 1936 liceat
673 1899 725 1937 eis
753 1899 952 1951 proprium
982 1899 1193 1948 possidere.

346 1966 381 1992 2.
409 1954 656 2000 PRAETEREA,
687 1953 856 2002 episcopi
885 1953 924 1990 in
953 1953 1125 1990 Ecclesia
1153 1959 1282 1990 tenent
1310 1952 1364 1988 lo-

291 2020 381 2046 cum
396 2007 688 2056 Apostolorum,
704 2014 747 2044 ut
762 2006 850 2044 dicit
865 2007 1047 2053 Glossa,
1016 2006 1036 2028 ‘¹‘
1065 2007 1158 2043 Luc.
1174 2018 1198 2042 x
1212 2005 1265 2043 **.
1286 2005 1364 2042 Sed

291 2060 487 2111 Apostolis
515 2059 708 2098 Dominus
744 2060 939 2109 praecepit
970 2068 1012 2097 ut
1039 2059 1132 2097 nihil
1165 2059 1364 2108 proprium

291 2115 548 2166 possiderent:
587 2114 800 2151 secundum
834 2113 926 2150 illud
955 2114 1090 2151 Matth.
1111 2125 1133 2150 x
1162 2112 1197 2148 *ε
1234 2113 1365 2150 Nolite

285 2169 481 2219 possidere
514 2180 655 2205 aurum
689 2179 809 2216 neque
845 2173 1064 2217 argentum,
1099 2178 1220 2215 neque
1247 2178 1363 2215 pecu-

292 2223 397 2260 niam
426 2222 464 2259 in
493 2222 597 2270 zonis
623 2222 766 2258 vestris.
796 2221 908 2258 Unde
938 2229 974 2258 et
998 2222 1145 2268 Petrus,
1166 2232 1236 2269 pro
1266 2233 1306 2256 se
1327 2227 1363 2256 et

291 2288 361 2326 pro
400 2275 481 2312 aliis
509 2274 704 2324 Apostolis
724 2273 750 2321 β,
772 2274 878 2311 dicit:
916 2275 1027 2321 Ecce,
1048 2286 1116 2311 nos
1144 2274 1364 2322 reliquimus

291 2330 421 2367 omnia
449 2333 487 2365 et
510 2329 630 2365 secuti
653 2340 784 2365 sumus
812 2333 857 2374 te,
887 2328 1105 2365 Matth.x1x
1122 2326 1154 2366 ⁹³².
1184 2328 1287 2375 Ergo
1306 2326 1362 2364 vi-

292 2383 402 2421 detur
421 2382 527 2431 quod
556 2382 727 2430 episcopi
747 2388 948 2419 teneantur
975 2382 1025 2419 ad
1053 2380 1167 2418 huius
1193 2380 1364 2418 mandati

291 2435 591 2483 observantiam,
621 2443 663 2472 ut
691 2435 782 2472 nihil
811 2435 1012 2484 proprium
1041 2434 1275 2483 possideant.

347 2491 382 2527 3.
409 2491 653 2537 PRAETEREA,
684 2489 946 2537 Hieronymus
976 2488 1075 2536 dicit,
1104 2488 1156 2525 ad
1181 2488 1363 2536 Nepotia-

291 2555 382 2581 num
400 2542 438 2579 *ε
469 2542 598 2580 Cleros
616 2554 768 2592 graece,
788 2542 903 2579 latine
919 2554 1003 2579 sors
1020 2541 1243 2591 appellatur.
1272 2542 1363 2578 Pro-

284 2602 418 2646 pterea
437 2595 566 2633 clerici
583 2596 771 2641 dicuntur,
792 2596 880 2644 quia
899 2595 945 2632 de
961 2601 1063 2632 sorte
1080 2595 1240 2632 Domini
1255 2600 1363 2632 sunt.-

290 2650 351 2688 vel
377 2650 466 2699 quia
494 2649 572 2698 ipse
603 2649 792 2685 Dominus
817 2660 918 2694 sors,
948 2649 1039 2685 idest
1066 2660 1179 2696 pars,
1209 2648 1362 2685 clerico-

291 2715 378 2740 rum
407 2709 471 2740 est.
506 2702 580 2745 Qui
601 2707 728 2738 aulem
747 2703 957 2739 Dominum
980 2702 1157 2750 possidet,
1178 2702 1271 2738 nihil
1297 2714 1361 2738 ex-

292 2763 352 2795 tra
380 2758 506 2794 Deum
534 2756 674 2792 habere
695 2761 828 2803 potest.
858 2756 901 2792 Si
916 2760 1043 2792 autem
1071 2767 1223 2800 aurum,
1242 2755 1277 2792 si
1299 2767 1362 2792 ar·
1387 2771 1389 2777 ·

290 2816 459 2862 gentum,
489 2809 524 2847 si
541 2809 807 2858 possessiones,
826 2809 861 2846 si
886 2808 1035 2845 variam
1055 2813 1071 2836 Ὺ
1098 2808 1361 2857 supellectilem

290 2865 414 2910 habet,
442 2875 529 2900 cum
558 2863 634 2899 istis
655 2863 830 2910 partibus
857 2874 932 2899 non
965 2862 1148 2911 dignatur
1173 2861 1363 2899 Dominus

280 2918 376 2966 fieri
405 2929 501 2967 pars
528 2916 618 2953 eius.
657 2917 759 2966 Ergo
788 2915 941 2952 videtur
976 2914 1082 2964 quod
1119 2927 1198 2951 non
1234 2915 1360 2952 solum

292 2970 475 3020 episcopi,
495 2969 564 3007 sed
584 2969 697 3006 etiam
720 2969 843 3006 clerici
864 2969 1029 3006 debeant
1047 2968 1204 3017 proprio
1221 2979 1360 3006 carere.

346 3025 420 3062 SED
441 3035 589 3061 CONTRA
608 3034 674 3060 EST
694 3023 798 3071 quod
828 3022 963 3059 dicitur
988 3022 1071 3068 XII,
1094 3033 1157 3069 qu.
1179 3033 1188 3057 1
1207 3020 1244 3057 *ε
1271 3022 1362 3070 Epi-

290 3089 425 3126 scopus
451 3077 498 3114 de
525 3077 636 3113 rebus
657 3076 826 3124 propriis
852 3075 913 3112 vel
938 3074 1140 3124 acquisitis,
1167 3074 1229 3111 vel
1255 3075 1360 3123 quid-

291 3130 382 3179 quid
398 3130 445 3167 de
457 3130 616 3179 proprio
645 3131 766 3176 habet,
786 3129 983 3166 heredibus
1009 3128 1087 3165 suis
1114 3127 1359 3176 derelinquat.

345 3184 572 3220 Responnsso
608 3195 792 3220 ιιιεΕΝιιιιΜ
831 3182 936 3230 quod
969 3182 1017 3219 ad
1058 3193 1102 3217 ea
1139 3193 1239 3229 quae
1273 3188 1361 3218 sunt

292 3235 637 3285 supererogationis
657 3237 782 3273 nullus
810 3243 969 3282 tenetur,
998 3234 1070 3271 nisi
1089 3246 1130 3271 se
1149 3233 1362 3282 specialiter

293 3289 343 3326 ad
370 3288 463 3325 illud
489 3296 584 3325 voto
613 3289 829 3338 adstringat.
858 3289 970 3327 Unde
998 3287 1232 3336 Augustinus
1262 3287 1359 3335 dicit,

292 3342 330 3378 in
358 3341 531 3390 Epistola
549 3341 600 3378 ad
616 3343 818 3380 Paulinam
838 3348 874 3379 et
890 3341 1177 3379 Armentarium
1191 3339 1228 3377 *ε
1262 3340 1360 3382 Quia

293 3395 370 3432 iam
399 3394 545 3440 vovisti,
575 3394 652 3431 iam
680 3401 714 3431 te
741 3396 982 3442 obstrinxisti,
1012 3395 1117 3432 aliud
1143 3394 1209 3431 tibi
1223 3394 1361 3442 facere

293 3460 368 3485 non
398 3447 491 3484 licet.
511 3447 740 3496 Priusquam
768 3460 864 3486 esses
881 3449 960 3486 voti
986 3461 1084 3494 reus,
1106 3447 1263 3484 liberum
1280 3446 1364 3495 fuit

348 3562 375 3594 α)
391 3561 539 3594 possidere.
551 3574 570 3580 -
588 3561 685 3586 habere
703 3561 779 3586 BFK.

348 3597 373 3630 β)
391 3597 566 3629 Αροεΐοῖίε.-
583 3597 644 3622 Om.
665 3596 742 3622 Pa.-
760 3597 810 3621 Pro
834 3597 998 3629 reliquimus,
1022 3598 1196 3630 relinquimus
1221 3597 1360 3629 ABFKpC,

294 3633 472 3665 delinquimus
491 3633 520 3658 E.

332 1510 336 1514 f
474 1497 479 1506 s
506 1484 528 1509 D
556 1483 699 1509 SEXTUM
723 1483 777 1508 s1c
799 1482 1043 1508 PROCEDITUR.
1072 1470 1234 1508 Videtur
1257 1470 1364 1530 quod
1416 1471 1518 1530 quod
1530 1470 1544 1493 ὃ
1572 1482 1669 1508 esses
1689 1472 1858 1519 inferior.
1890 1471 2135 1508 Manifestum
2157 1481 2212 1510 est
2231 1482 2357 1512 autern
2380 1478 2484 1525 quod
2608 1473 2623 1498 δ

322 1504 479 1585 ”’ἓῑ3’
507 1526 690 1575 episcopo
729 1537 808 1561 non
836 1524 948 1561 liceat
983 1523 1126 1572 aliquid
1162 1523 1363 1572 proprium
1416 1524 1549 1562 vivere
1578 1525 1722 1573 absque
1750 1524 1907 1574 proprio
1937 1526 2281 1573 supererogationis
2301 1535 2376 1565 est:
2406 1542 2485 1567 non

1418 1578 1519 1614 enim
1540 1577 1639 1615 cadit
1658 1578 1729 1614 sub
1748 1584 1966 1626 praecepto,
1988 1578 2055 1615 sed
2082 1580 2153 1615 sub
2174 1580 2343 1618 consilio.
2373 1582 2485 1620 Unde

1418 1644 1520 1679 cum,
1538 1632 1672 1668 Matth.
1684 1643 1745 1668 x1x
1755 1631 1787 1677 ²¹⁶,
1806 1630 1957 1668 dixisset
1975 1632 2168 1669 Dominus
2188 1633 2429 1683 adolescenti,
2445 1637 2487 1673 Si

1417 1685 1473 1722 vis
1493 1685 1546 1722 ad
1561 1685 1678 1721 vitam
1707 1685 1868 1734 ingredi,
1887 1696 1999 1722 serva
2019 1686 2210 1732 mandata,
2231 1695 2365 1735 postea
2379 1688 2399 1710 '¹‘
2427 1702 2485 1726 su-

1417 1738 1667 1787 peraddendo
1697 1737 1882 1774 subdidit:
1911 1739 1954 1774 Si
1978 1739 2035 1775 vis
2055 1740 2247 1787 perfectus
2274 1753 2363 1787 esse,
2388 1743 2485 1780 vade

1417 1798 1453 1829 et
1470 1792 1589 1829 vende
1608 1792 1736 1828 omnia
1756 1803 1854 1840 quae
1871 1792 1986 1828 hahes
2004 1797 2039 1828 et
2056 1792 2105 1828 da
2119 1794 2362 1841 pauperibus.
2392 1796 2483 1833 Non

1418 1853 1546 1882 autern
1567 1845 1738 1894 episcopi
1757 1845 1795 1881 in
1815 1857 1884 1881 sua
1904 1845 2145 1891 ordinatione
2163 1847 2211 1883 ad
2230 1847 2306 1883 hoc
2328 1860 2368 1884 se
2389 1849 2483 1885 obli-

1417 1906 1506 1947 gant
1528 1906 1569 1935 ut
1597 1899 1743 1946 absque
1762 1898 1918 1947 proprio
1947 1898 2098 1935 vivant:
2127 1911 2198 1936 nec
2219 1899 2331 1937 etiarn
2351 1901 2483 1939 vivere

1417 1953 1562 2001 absque
1590 1951 1746 2001 proprio
1776 1963 1821 1987 ex
1849 1951 2072 1988 necessitate
2107 1953 2310 2001 requiritur
2341 1954 2389 1992 ad
2417 1967 2483 2003 pa-

1418 2007 1555 2043 storale
1589 2005 1776 2052 officium,
1806 2005 1855 2042 ad
1889 2004 1994 2054 quod
2021 2017 2062 2042 se
2100 2006 2279 2054 obligant.
2318 2008 2367 2044 Et
2393 2008 2481 2046 ideo

1418 2072 1496 2097 non
1525 2066 1700 2096 tenentur
1728 2058 1897 2107 episcopi
1917 2059 1966 2095 ad
1993 2059 2069 2095 hoc
2097 2061 2201 2108 quod
2221 2059 2300 2097 sine
2325 2062 2481 2110 proprio

1416 2121 1563 2150 vivant.

1470 2169 1529 2203 AD
1558 2177 1696 2203 PRtMUM
1725 2177 1822 2202 ERGO
1851 2176 2037 2202 chENDUM
2065 2164 2182 2214 quod,
2212 2165 2307 2203 sicut
2330 2179 2445 2216 supra
2463 2168 2483 2190 ‘¹‘

1415 2220 1589 2257 habitum
1612 2226 1678 2266 est,
1698 2218 1879 2267 perfectio
1910 2217 2145 2255 Christianae
2169 2218 2271 2255 vitae
2293 2232 2372 2257 non
2393 2233 2483 2258 con-

1417 2273 1511 2310 sistit
1548 2272 1791 2309 essentialiter
1826 2271 1864 2308 in
1895 2271 2111 2308 voluntaria
2146 2280 2385 2321 paupertate,
2416 2275 2484 2312 sed

1415 2325 1630 2365 voluntaria
1651 2332 1856 2374 paupertas
1884 2323 2218 2362 instrumentaliter
2237 2334 2416 2374 operatur
2436 2328 2485 2365 ad

1416 2379 1690 2430 perfectionem
1718 2378 1829 2415 vitae.
1860 2378 1971 2415 Unde
2000 2390 2079 2414 non
2109 2386 2258 2426 oportet
2285 2381 2390 2428 quod
2419 2381 2485 2417 ubi

1417 2442 1472 2472 est
1491 2433 1615 2471 maior
1633 2439 1849 2481 paupertas,
1871 2430 1921 2468 ibi
1941 2431 1987 2467 sit
2005 2431 2129 2468 maior
2146 2432 2342 2480 perfectio.
2364 2433 2484 2479 Quin-

1415 2489 1537 2525 immo
1566 2493 1692 2536 potest
1720 2498 1801 2522 esse
1831 2496 1982 2522 summa
2010 2485 2192 2533 perfectio
2222 2498 2310 2522 cum
2344 2499 2484 2534 magna

1417 2540 1629 2590 opulentia:
1659 2551 1750 2576 narn
1785 2538 1994 2586 Abraham,
2025 2538 2085 2575 eui
2116 2538 2257 2575 dictum
2288 2546 2354 2586 est,
2388 2540 2481 2577 Gen.

1416 2607 1490 2632 xvu
1508 2594 1544 2642 ²¹⁶,
1573 2592 1739 2630 Ambula
1772 2603 1903 2629 coram
1936 2603 1997 2628 me
2028 2597 2065 2628 et
2095 2597 2170 2628 esto
2199 2593 2401 2639 perfectus,
2430 2593 2481 2629 le-

1416 2648 1515 2696 gitur
1543 2647 1652 2685 dives
1680 2645 1795 2682 fuisse
1814 2644 1845 2681 ²¹³.

1468 2703 1527 2738 An
1551 2711 1743 2737 SECUNDUM
1762 2709 1947 2735 DICENDUM
1972 2698 2076 2746 quod
2101 2697 2221 2734 verba
2240 2696 2302 2734 illa
2321 2697 2480 2735 Domini

1415 2754 1607 2804 tripliciter
1633 2759 1795 2802 possunt
1822 2751 1985 2799 intelligi.
2015 2751 2102 2788 Uno
2132 2750 2270 2798 modo,
2300 2750 2478 2798 mystice:

1415 2815 1456 2845 ut
1493 2819 1572 2844 non
1608 2805 1876 2855 possideamus
1914 2817 2050 2842 aurum
2092 2815 2219 2851 neque
2261 2812 2478 2853 argentum,

1414 2861 1523 2907 idest,
1552 2867 1594 2897 ut
1619 2858 1901 2909 praedicatores
1928 2871 2007 2895 non
2034 2857 2239 2894 innitantur
2266 2857 2479 2907 principali-

1414 2922 1471 2951 ter
1499 2913 1706 2962 sapientiae
1736 2919 1772 2948 et
1800 2912 2039 2961 eloquentiae
2067 2910 2286 2960 temporali;
2321 2918 2362 2947 ut
2390 2911 2478 2948 Hie-

1415 2979 1602 3016 ronymus
1631 2965 1786 3014 exponit
1803 2964 1834 3001 ²¹⁸.

1467 3020 1554 3057 Alio
1583 3019 1715 3065 modo,
1745 3018 1840 3055 sicut
1867 3017 2100 3066 Augustinus
2129 3016 2293 3065 exponit,
2322 3016 2361 3053 in
2379 3016 2476 3053 libro

1414 3075 1459 3111 de
1483 3074 1674 3110 Consensu
1692 3071 1923 3121 Evangelist.
1940 3071 1971 3118 ³²,
2001 3078 2043 3107 ut
2061 3070 2286 3118 intelligatur
2305 3070 2380 3106 hoc
2398 3070 2477 3106 Do-

1414 3127 1563 3165 minum
1583 3138 1663 3163 non
1682 3124 1966 3174 praecipiendo,
1987 3124 2054 3161 sed
2074 3123 2195 3170 magis
2221 3123 2476 3172 permittendo

1414 3181 1561 3218 dixisse.
1592 3178 1769 3215 Permisit
1796 3178 1899 3215 enim
1929 3178 1982 3214 eis
2009 3185 2052 3214 ut
2078 3177 2222 3225 absque
2250 3188 2343 3212 auro
2365 3183 2401 3212 et
2419 3188 2474 3212 ar-

1412 3240 1526 3281 gento
1557 3239 1593 3269 et
1620 3231 1700 3268 aliis
1724 3231 1939 3280 sumptibus
1967 3230 2015 3267 ad
2043 3229 2343 3279 praedicandum
2368 3229 2476 3277 irent,

1414 3285 1606 3334 accepturi
1644 3292 1818 3333 sumptus
1845 3284 1947 3321 vitae
1984 3283 2032 3320 ab
2061 3282 2119 3319 his
2153 3282 2293 3330 quibus
2326 3281 2476 3331 praedi-

1414 3340 1563 3376 cabant.
1601 3338 1711 3375 Unde
1741 3336 1869 3374 subdit
1886 3336 1926 3373 *ε
1955 3337 2108 3386 Dignus
2135 3341 2190 3372 est
2215 3336 2314 3372 enim
2343 3347 2474 3384 opera-

1413 3392 1492 3429 rius
1520 3392 1601 3428 cibo
1620 3402 1700 3427 suo.
1732 3391 1786 3426 Ita
1809 3397 1938 3427 tamen
1966 3389 2081 3438 quod,
2104 3388 2134 3426 si
2154 3388 2287 3438 aliquis
2315 3388 2476 3437 propriis

1414 3444 1629 3494 sumptibus
1665 3450 1833 3480 uteretur
1869 3442 1907 3480 in
1940 3441 2222 3491 praedicatione
2257 3441 2474 3489 Evangelii,

2512 1640 2523 1650 ·
2537 1638 2602 1660 Vers.
2618 1644 2647 1666 17.

2512 1691 2522 1702 ¹⁴
2536 1691 2602 1712 Vers-
2615 1696 2647 1714 21·

2509 2175 2721 2204 ’Qu.m.xxx1v,

2509 2207 2552 2224 art.
2566 2209 2586 2232 3,
2597 2203 2649 2225 adt

2510 2598 2631 2620 ’νε-,ιιι

2509 2642 2566 2663 ’lib
2569 2642 2590 2664 d.
2606 2648 2655 2670 cap.
2667 2649 2719 2670 xur,

2507 2674 2567 2690 vem
2581 2675 2602 2696 2,
2617 2669 2638 2690 6.

2505 2963 2515 2971 ¹⁸
2539 2961 2664 2983 Commeat.
2692 2962 2716 2983 in

2504 2987 2601 3014 Matth.,
2630 2987 2669 3009 lib.
2694 2988 2715 3014 Ι,

2504 3020 2555 3042 cap.
2572 3020 2594 3041 x,
2609 3020 2667 3036 vers.
2685 3020 2714 3035 ιο.

2504 3080 2514 3088 ”
2537 3078 2588 3100 Lib.
2609 3078 2643 3106 11,
2665 3085 2714 3107 cap.

2503 3111 2558 3126 xxx.

2502 3343 2514 3354 ⁸
2527 3343 2592 3365 Vers.
2607 3349 2639 3367 10-

1468 3560 1494 3593 γ)
1514 3559 1538 3584 si
1556 3558 1669 3583 variam.
1682 3571 1702 3576 -
1720 3557 1824 3582 variam
1843 3556 1965 3586 ABDFK,
1984 3556 2024 3581 vel
2042 3556 2147 3581 variam
2167 3556 2199 3586 H,
2219 3556 2374 3588 variamque
2393 3555 2420 3580 C.

1467 3594 1492 3627 δ)
1511 3594 1590 3627 quod.
1604 3608 1623 3612 —
1641 3601 1671 3618 eo
1690 3593 1761 3626 quod
1779 3593 1819 3618 ed.
1838 3600 1863 3621 a¹
1883 3599 1934 3625 quo
1953 3593 2054 3625 aliquae
2073 3591 2208 3616 editiones.
