2768 4198
40 1020 49 1029 ⁴
61 1018 130 1040 Persii
146 1017 251 1039 Satirar.

40 1046 140 1073 Prolog„
155 1050 212 1066 vers.
230 1043 251 1065 8.

40 1508 50 1518 ⁴
61 1507 108 1535 Qu.
119 1513 142 1533 v,
153 1507 176 1528 iu
193 1512 253 1534 resp.

39 1534 68 1555 ad
96 1539 159 1561 arag.
191 1536 252 1555 cont.

40 1561 142 1582 conclus.
159 1566 174 1588 ι,
189 1566 209 1581 2.

46 2746 56 2756 ⁸
70 2746 121 2767 Art.
137 2744 241 2773 praeced.

142 3119 177 3140 ιη,
188 3119 209 3134 n.
221 3120 240 3142 3.
252 3124 261 3128 -

50 3114 132 3163 ’Scarpi-
149 3140 200 3162 lect,
216 3146 237 3161 v.

52 3378 62 3387 ⁸
71 3376 129 3404 Cap.
140 3382 171 3403 iv,
182 3381 266 3402 n.1,4;

52 3408 214 3453 s.⁹‘†11.¹¹‘1.2÷.
226 3408 269 3453 'avt

287 267 361 303 128
967 264 1236 310 QUAEsrio
1267 263 1385 300 CXLI

281 345 426 385 cogimur
450 344 594 374 clamare.
626 344 700 374 Non
725 343 811 374 enim
836 349 939 372 cantat
968 341 1070 381 gallus
1094 340 1170 381 quia
1198 350 1273 370 eum
1298 350 1356 370 sua
1381 353 1383 402 δ

280 399 341 420 vox
365 389 515 420 delectat:
540 388 595 419 sed
613 398 650 418 ex
673 388 856 419 necessitate
880 393 1020 420 naturae,
1037 384 1088 414 vel
1104 391 1235 425 propter
1256 384 1355 415 victo·
1381 403 1383 421 ι,

281 434 359 464 riam
376 434 408 463 in
433 443 541 474 pugna
556 432 706 463 habitam.
733 432 782 467 Et,
800 430 942 465 breviter,
961 435 1091 469 propter
1114 438 1355 469 quamcumque
1382 429 1383 432 ’

228 509 231 512 ,
281 488 409 510 causam
421 477 612 508 inclinentur
624 477 664 506 ad
679 483 818 511 cantum,
831 484 896 504 non
911 473 1104 503 inclinantur
1117 479 1248 513 propter
1263 473 1354 509 hanc,

281 530 316 554 ut
340 523 533 553 delectentur
558 521 734 551 secundum
759 519 905 550 auditum
929 518 962 547 in
983 527 1063 547 voce
1087 524 1153 548 tam
1177 527 1235 548 sua
1258 526 1357 557 quam

280 568 391 598 aliena.
409 585 429 590 —
454 566 553 604 Quod
584 572 692 595 autem
720 566 801 594 laete
826 569 968 597 cantent,
992 562 1054 592 hoc
1086 569 1134 592 est
1163 562 1239 602 quia
1262 571 1357 592 causa

281 619 391 643 cantus
415 621 470 641 eos
499 610 649 641 delectat:
676 616 752 650 puta
782 607 858 648 quia
882 606 1005 647 peperit
1035 613 1090 636 aut
1113 606 1277 646 concepit,
1301 613 1356 636 aut

281 666 381 687 ovum
404 655 518 691 emisit,
536 661 610 690 etc.;
635 653 727 693 quasi
750 652 789 682 ad
813 658 934 682 tactum
958 657 1014 681 aut
1032 658 1164 691 gustum
1187 650 1356 691 pertinent,

280 701 365 731 intus
389 700 439 730 vel
463 706 557 729 extra.
574 716 595 721 -
618 697 684 728 Nec
709 697 904 726 delectantur
919 695 953 726 in
977 705 1124 726 sermone
1141 695 1285 725 humano
1302 695 1357 725 ali-

281 753 327 776 ter
349 755 447 785 quam
467 743 499 773 in
524 741 643 773 alienis.
668 741 804 772 Discunt
820 740 906 771 enirn
930 749 1002 770 aves
1019 750 1086 770 non
1110 740 1216 770 solum
1242 740 1280 770 ab
1297 740 1357 770 ho-

281 790 376 825 mine,
394 789 449 818 sed
472 787 540 817 aliis
564 786 685 816 avibus.
710 786 772 816 Sed
796 785 872 826 quia
896 784 1079 815 naturaliter
1102 784 1296 815 inclinantur
1319 785 1358 814 ad

280 833 441 875 quandam
458 830 792 871 disciplinabilitatem,
809 829 1036 860 delectabiliter
1051 829 1139 859 illam
1157 836 1360 870 exequuntur

280 888 316 909 ex
341 884 470 907 naturae
494 875 662 905 instinctu:
687 885 754 905 non
779 884 816 905 ex
839 874 1004 911 industria,
1022 883 1080 904 nec
1103 884 1140 904 ex
1156 874 1287 904 animali
1304 874 1358 904 de-

278 921 446 953 lectatione
472 919 551 951 circa
574 919 756 951 locutiones
780 926 835 950 aut
858 929 952 950 voces
982 919 1162 949 secundum
1185 929 1229 950 se.
1260 921 1358 950 Acce-

280 967 325 997 dit
349 975 447 1006 quam
470 964 649 1005 plurimum
673 965 712 994 ad
737 964 799 994 hoc
823 963 883 994 cibi
908 970 1070 1005 potusque
1094 963 1285 1003 indigentia:
1310 963 1359 994 iu-

278 1018 329 1042 xta
353 1010 449 1041 illud:
478 1009 558 1047 Quis
582 1009 742 1050 expedivit
756 1009 896 1049 psittaco
914 1018 1008 1039 suum
1036 1008 1162 1039 Chaere
1177 1008 1203 1040 *.

335 1055 434 1093 Quod
451 1061 559 1085 autem
583 1064 676 1084 canes
692 1061 722 1084 et
746 1053 861 1084 similia
881 1053 1030 1084 animalia
1046 1052 1242 1084 delectentur
1259 1053 1358 1083 odore

279 1107 309 1131 et
324 1100 394 1130 visu
419 1098 542 1130 domini
559 1098 608 1130 sui
632 1105 664 1129 et
679 1098 843 1139 plaudant,
861 1098 893 1128 in
909 1104 1062 1139 promptu
1083 1107 1178 1128 causa
1194 1105 1256 1128 est:
1282 1097 1358 1138 quia

278 1146 311 1176 in
335 1145 383 1175 his
400 1151 447 1175 est
470 1143 582 1175 relatio
599 1143 638 1174 ad
663 1143 781 1179 cibum,
799 1143 839 1173 ad
862 1143 1000 1178 verbera,
1019 1143 1059 1172 ad
1082 1142 1358 1173 conservationem

279 1197 309 1221 et
333 1189 476 1220 tutelam.
502 1189 542 1220 Et
559 1195 727 1229 propterea
751 1195 861 1219 contra
883 1195 1059 1224 extraneos,
1076 1195 1231 1229 tanquam
1250 1187 1358 1218 adver-

279 1242 383 1265 santes
407 1244 467 1266 suo
492 1233 611 1274 pastori
635 1240 666 1263 et
690 1232 915 1269 conservatori,
932 1233 1057 1268 latrant,
1075 1233 1235 1264 mordent.

335 1280 386 1310 Ad
410 1279 442 1309 id
465 1279 555 1320 quod
580 1277 695 1308 ultimo
721 1278 759 1308 de
783 1277 872 1308 olore
897 1277 1025 1313 dicitur,
1049 1277 1163 1308 eodem
1188 1276 1288 1307 modo
1313 1286 1360 1307 re-

280 1325 473 1365 spondetur,
499 1323 588 1364 quod
613 1333 679 1353 non
703 1329 834 1363 propter
859 1321 1103 1353 delectationem
1133 1322 1261 1353 auditus
1286 1331 1359 1352 can·
1386 1328 1387 1333 ¹

279 1376 334 1405 tat,
360 1369 414 1399 sed
439 1379 475 1399 ex
500 1375 630 1399 naturae
653 1367 803 1398 instinctu
829 1374 859 1398 et
889 1366 1113 1408 complexione
1137 1367 1176 1397 ad
1200 1367 1262 1397 hoc
1286 1376 1359 1397 mo-

280 1420 381 1444 vetur.

336 1458 389 1489 VI.
416 1457 449 1487 ln
475 1457 683 1498 responsione
717 1457 756 1487 ad
780 1463 931 1498 quartum
963 1456 1106 1487 eiusdem
1138 1456 1277 1492 articuli,
1303 1457 1360 1487 du-

281 1503 371 1534 bium
395 1512 432 1532 ex
455 1502 604 1537 Martino‚
622 1502 742 1532 ibidem
757 1501 784 1538 *,
808 1501 954 1537 occurrit,
981 1507 1091 1532 contra
1115 1501 1289 1532 secundam
1314 1511 1361 1531 re·
1387 1504 1389 1532 i

281 1547 491 1589 sponsionem
515 1547 565 1577 hic
589 1547 698 1578 datam
717 1553 878 1586 arguente,
896 1545 1032 1576 dicendo
1052 1546 1141 1587 quod
1166 1556 1232 1576 non
1257 1552 1362 1586 potest
1387 1547 1390 1578 l

281 1600 372 1624 stare.
396 1593 516 1629 Primo,
535 1591 611 1632 quia
635 1591 661 1622 si
684 1591 853 1622 delectatio
877 1589 1064 1631 spiritualis,
1088 1597 1166 1631 puta
1196 1590 1360 1627 scientiae,

282 1637 410 1669 retrahit
433 1647 451 1667 a
483 1643 653 1677 praecepto
685 1635 813 1672 orandi,
837 1643 893 1666 aut
915 1635 1044 1666 retrahit
1075 1645 1131 1676 per
1154 1645 1202 1671 se,
1228 1642 1283 1666 aut
1306 1645 1362 1676 per
1387 1642 1390 1675 ς

280 1682 379 1713 aliud.
403 1682 478 1712 Non
499 1691 555 1722 per
571 1681 675 1711 aliud:
700 1681 776 1722 quia
793 1680 872 1711 illud
889 1690 956 1711 non
973 1687 1020 1710 est
1036 1679 1150 1716 dabile,
1171 1686 1202 1710 et
1221 1679 1288 1710 sine
1303 1680 1360 1710 illo
1388 1678 1390 1716 Ι

281 1727 345 1758 alio
369 1726 546 1767 impediret.
572 1726 658 1766 Ergo
679 1735 735 1766 per
758 1735 802 1756 se.
827 1725 913 1764 Ergo
931 1735 987 1765 per
1006 1735 1038 1755 se
1056 1731 1102 1755 est
1118 1724 1315 1755 refrenanda.

338 1771 495 1802 Secundo.
521 1770 554 1802 Si
579 1770 737 1810 cupiditas
762 1769 916 1810 pecuniae
940 1777 995 1801 aut
1018 1768 1152 1799 honoris
1177 1779 1242 1799 non
1267 1776 1362 1800 retra-

282 1816 370 1846 heret
393 1816 431 1846 ab
455 1815 561 1856 aliqua
586 1815 646 1844 alia
670 1814 789 1854 potiori
814 1821 844 1844 et
868 1813 969 1854 magis
994 1813 1109 1850 debita,
1132 1813 1201 1854 ipsa
1225 1823 1291 1843 non
1316 1823 1362 1843 es·
1388 1819 1390 1823 ’

282 1867 329 1891 set
353 1860 558 1896 moderanda,
577 1869 634 1889 nec
659 1858 740 1889 circa
763 1868 833 1889 eam
858 1865 940 1888 esset
967 1858 1117 1898 ponenda
1142 1857 1252 1888 virtus.
1275 1858 1362 1898 Ergo

282 1915 319 1935 ex
342 1905 404 1935 hoc
428 1904 499 1944 ipso
516 1903 605 1945 quod
631 1903 797 1934 delectatio
815 1902 987 1943 spiritualis
1011 1901 1141 1933 retrahit
1156 1903 1195 1932 ab
1220 1901 1280 1932 alia
1296 1912 1362 1933 ma-

282 1949 329 1990 gis
354 1949 471 1987 debita,
496 1955 543 1979 est
566 1948 773 1984 moderanda,
790 1954 848 1979 etc.

338 1994 388 2025 Ad
412 1993 474 2024 hoc
498 1993 613 2024 dicitur
642 1993 731 2034 quod
756 1992 923 2024 delectatio
953 1991 1126 2032 spiritualis
1158 2002 1224 2022 non
1249 2002 1362 2023 secun-

1397 292 1405 311 ,
1439 265 1740 302 ARTICULUS
1768 265 1804 301 v

1410 341 1488 372 dum
1513 352 1556 379 se,
1573 343 1629 373 sed
1653 352 1708 383 per
1732 342 1830 379 aliud,
1851 343 1913 373 hoc
1938 350 1984 374 est
2017 350 2147 383 propter
2171 342 2325 383 temporis
2357 352 2490 373 concur-

1410 395 1484 416 sum
1507 396 1574 426 quo
1598 386 1659 417 alia
1675 387 1769 418 debet
1792 387 1926 418 exerceri
1942 387 2097 428 operatio,
2114 394 2271 428 repugnat
2293 387 2490 428 quandoque

1410 429 1534 461 rationi.
1560 429 1746 471 Corporalis
1770 438 1893 468 autem,
1917 431 2014 462 etiam
2038 432 2160 463 seclusa
2183 441 2389 473 quacumque
2412 431 2491 462 alte-

1409 473 1474 503 rius
1498 473 1718 514 impeditione,
1736 482 1783 506 est
1806 485 1843 506 ex
1866 476 1988 516 proprii
2011 476 2135 517 generis
2169 476 2351 508 excellentia
2375 476 2491 506 immo-

1411 517 1517 548 derata
1541 525 1572 548 et
1595 525 1705 549 contra
1728 519 1896 551 rationem.

1466 561 1508 592 Et
1531 571 1588 602 per
1614 563 1677 594 hoc
1707 571 1794 604 patet
1824 565 1992 605 responsio
2026 566 2067 596 ad
2098 566 2288 597 secundum.
2322 564 2491 605 Cupiditas

1411 605 1499 636 enim
1518 606 1673 646 pecuniae
1689 614 1720 639 et
1742 608 1886 649 honoris,
1903 609 2000 640 etiam
2023 610 2049 640 si
2073 620 2141 641 non
2155 610 2325 651 impediret
2340 609 2416 640 alias
2432 610 2490 640 bo-

1411 660 1467 680 nas
1491 651 1705 690 operationes,
1730 658 1777 682 est
1799 654 1978 684 secundum
2002 664 2035 685 se
2058 655 2272 692 moderanda,
2298 654 2375 696 quia
2397 653 2492 685 habet

1410 694 1442 725 in
1467 695 1600 735 proprio
1623 705 1738 735 genere
1762 703 1901 728 extrema
1923 697 2047 729 vitiosa.
2078 699 2154 730 Non
2178 699 2222 731 sic
2250 706 2359 730 autem
2383 705 2430 730 est
2452 698 2492 728 de

1410 738 1567 779 spirituali
1584 739 1804 776 delectatione,
1829 750 1911 782 quae
1932 742 2040 773 solum
2056 752 2113 783 per
2135 743 2280 775 accidens
2306 750 2376 784 eget
2399 743 2490 774 freno

1412 791 1468 814 aut
1491 784 1604 814 modo.

1467 828 1536 859 Vll.
1562 828 1597 858 In
1621 828 1832 869 responsione
1855 829 1896 859 ad
1919 829 2072 870 quintum
2096 832 2241 863 eiusdem
2264 832 2406 870 articuli,
2434 833 2491 863 du-

1412 872 1502 903 bium
1526 883 1564 903 ex
1578 873 1727 909 Martino,
1745 873 1866 904 ibidem
1879 873 1907 911 *‚
1925 874 2072 912 occurrit,
2089 883 2199 907 contra
2214 877 2296 908 hanc
2312 877 2493 919 responsio-

1412 927 1487 948 nem
1511 925 1672 958 arguente,
1695 918 1771 960 quia
1803 917 1925 949 multae
1949 918 2174 951 delectationes
2203 927 2305 952 tactus
2329 922 2493 953 ordinatae

1412 962 1452 992 ad
1476 963 1754 994 conservationem
1778 969 1909 994 naturae
1933 969 2017 1000 sunt,
2034 971 2157 1006 praeter
2187 964 2412 997 delectationes
2436 966 2492 997 ali-

1413 1007 1513 1038 menti
1538 1015 1568 1038 et
1591 1007 1724 1038 veneris.
1749 1007 1824 1038 Non
1849 1017 1924 1048 ergo
1941 1008 2022 1039 bene
2039 1009 2291 1040 determinantur
2313 1020 2396 1052 quae
2419 1017 2495 1042 sunt

1413 1052 1638 1083 delectationes
1661 1059 1763 1083 tactus
1788 1052 1981 1093 pertinentes
2010 1053 2048 1084 ad
2079 1053 2324 1094 temperantiam
2351 1065 2409 1096 per
2431 1055 2495 1087 hoc

1413 1096 1503 1138 quod
1534 1096 1723 1128 ordinantur
1753 1098 1794 1128 ad
1824 1097 2101 1129 conservationem
2131 1105 2272 1130 naturae.
2294 1116 2316 1122 -
2338 1098 2496 1132 Probatur

1412 1149 1618 1183 assumptum
1642 1142 1681 1172 de
1705 1141 1854 1173 exercitio
1877 1152 1993 1183 parvae
2016 1143 2169 1184 sphaerae
2193 1149 2225 1174 et
2247 1142 2420 1180 similibus,
2444 1152 2496 1175 or-

1413 1186 1528 1217 dinatis
1552 1186 1592 1216 ad
1616 1187 1894 1217 conservationem
1913 1194 2055 1224 naturae,
2081 1187 2156 1229 quia
2180 1188 2370 1220 ordinantur
2392 1188 2432 1219 ad
2449 1184 2496 1220 re-

1413 1231 1520 1272 gimen
1546 1231 1698 1262 sanitatis.

1470 1275 1521 1307 Ad
1543 1275 1606 1306 hoc
1631 1275 1746 1307 dicitur
1778 1276 1868 1317 quod
1892 1275 2042 1307 limitatio
2073 1276 2238 1314 Auctoris,
2264 1276 2383 1308 scilicet
2406 1277 2495 1319 quod

1414 1321 1640 1352 delectationes
1673 1327 1775 1351 tactus
1807 1321 1970 1352 ordinatae
1994 1321 2034 1352 ad
2058 1321 2335 1353 conservationem
2365 1329 2496 1353 naturae

1414 1372 1490 1396 sunt
1506 1365 1637 1396 materia
1654 1366 1892 1406 temperantiae,
1908 1365 2034 1397 videtur
2050 1364 2231 1403 scientifica,
2248 1373 2280 1397 et
2294 1375 2351 1408 per
2367 1375 2497 1398 causam

1387 1430 1389 1447 ;
1414 1417 1545 1451 propter
1567 1420 1668 1452 quam
1692 1418 1767 1442 sunt
1790 1410 1958 1448 maximae,
1976 1421 2012 1442 ac
2031 1421 2088 1452 per
2106 1411 2169 1442 hoc
2192 1410 2376 1453 principalis
2398 1411 2496 1443 virtu-

1387 1475 1389 1491 1
1414 1455 1454 1486 tis
1478 1455 1621 1486 materia.
1646 1455 1696 1486 Ad
1727 1455 1852 1486 obiecta
1882 1456 1915 1486 in
1940 1455 2131 1497 oppositum
2162 1455 2278 1487 dicitur
2301 1457 2391 1498 quod
2415 1455 2497 1499 alius

1415 1507 1462 1531 est
1486 1500 1567 1530 ordo
1592 1510 1648 1541 per
1671 1509 1721 1530 se:
1747 1507 1777 1531 et
1800 1500 1881 1531 alius
1906 1510 1962 1541 per
1986 1500 2141 1538 accidens,
2157 1511 2214 1532 seu
2239 1511 2276 1532 ex
2298 1507 2387 1542 parte
2411 1500 2497 1532 ordi-

1415 1545 1529 1576 nantis.
1555 1547 1679 1576 Auctor
1701 1544 1861 1586 siquidem
1877 1545 2022 1587 loquitur
2045 1546 2084 1576 de
2108 1546 2221 1577 ordine
2237 1555 2336 1588 quem
2360 1545 2496 1578 delecta-

1388 1596 1390 1626 }
1415 1589 1519 1621 tiones
1543 1599 1599 1630 per
1623 1599 1665 1626 se,
1682 1599 1719 1620 ex
1739 1596 1827 1631 parte
1851 1590 1910 1626 sui,
1926 1590 2063 1621 habent:
2089 1600 2155 1621 non
2181 1590 2220 1622 de
2236 1589 2348 1622 ordine
2371 1600 2428 1632 per
2444 1595 2497 1622 ae}

1416 1634 1533 1671 cidens,
1550 1644 1650 1675 quem
1673 1644 1710 1665 ex
1733 1641 1822 1675 parte
1846 1634 2023 1666 ordinantis
2047 1635 2234 1667 sortiuntur.
2259 1635 2437 1667 Delectatio
2456 1635 2498 1667 ni:

1415 1679 1549 1721 quidem
1563 1679 1632 1710 ludi
1657 1689 1772 1720 parvae
1789 1679 1932 1720 spherae,
1949 1688 1980 1712 et
2004 1680 2148 1711 similiter
2163 1680 2374 1712 venationum
2391 1687 2423 1712 et
2436 1680 2495 1712 hu-

1388 1742 1390 1761 5
1415 1724 1567 1761 iusmodi,
1585 1734 1651 1754 non
1676 1734 1734 1764 per
1756 1734 1789 1755 se
1813 1735 1869 1756 seu
1887 1735 1924 1755 ex
1939 1731 2027 1766 parte
2051 1724 2101 1756 sui
2117 1724 2306 1757 ordinantur
2321 1724 2354 1756 in
2371 1735 2496 1757 conser-

1388 1771 1390 1791 ἕ
1415 1769 1578 1800 vationem
1601 1776 1742 1805 naturae,
1765 1769 1819 1799 sed
1843 1769 1883 1799 ad
1908 1769 2006 1800 animi
2031 1779 2087 1800 seu
2111 1779 2266 1801 sensuum
2291 1770 2444 1812 quietem,
2465 1774 2497 1801 et

1415 1813 1634 1844 universaliter
1656 1813 1695 1843 ad
1721 1813 1974 1854 supervenientia
1998 1821 2129 1846 naturae
2151 1815 2254 1846 bona:
2279 1813 2428 1856 quamvis
2457 1814 2496 1846 ab

1415 1857 1477 1888 isto
1501 1858 1551 1888 vel
1577 1857 1633 1888 illo
1665 1857 1853 1888 ordinentur
1876 1858 1916 1888 ad
1947 1864 2078 1889 naturae
2109 1859 2398 1892 conservationem.
2434 1857 2496 1892 Sed

1416 1901 1642 1933 delectationes
1658 1901 1801 1933 alimenti
1825 1908 1856 1933 et
1869 1902 1992 1933 veneris
2008 1910 2120 1944 suapte
2144 1910 2257 1935 natura
2271 1910 2498 1936 statuent-,sunt

1415 1953 1451 1978 ut
1467 1953 1579 1978 natura
1594 1946 1627 1976 in
1651 1946 1819 1977 individuo
1837 1953 1867 1978 et
1883 1946 1916 1977 in
1933 1947 2038 1988 specie
2058 1954 2272 1980 conservetur.
2299 1948 2391 1980 Unde
2408 1948 2498 1980 obie-

1416 1990 1480 2023 ctio
1505 1990 1550 2022 nil
1574 1991 1679 2022 obstat
1702 1991 1865 2023 doctrinae
1888 1991 2049 2023 Auctoris.

1084 2154 1406 2198 ARTICULUS
1436 2154 1697 2206 QUINTUS

609 2250 766 2281 UTRUM
790 2249 922 2282 cmc».
947 2249 1157 2281 PROPmAs
1181 2248 1548 2281 DELECTATIONES
1572 2250 1742 2282 GUSTUs
1766 2250 1833 2282 srr
1857 2250 2173 2282 TEMPERAN‘rm

1284 2329 1315 2354 111
1335 2329 1432 2359 Ethic„
1453 2330 1512 2355 lect.
1530 2338 1572 2356 xx.

372 2444 383 2456 ,
502 2425 523 2450 D
544 2424 708 2456 QUlNTuM
728 2424 782 2449 Sic
802 2423 1045 2449 Paocem‘rua.
1068 2410 1229 2448 Videtur
1254 2410 1389 2480 quod!

337 2464 361 2486 ’“
502 2466 600 2504 circa
636 2465 811 2516 proprias
844 2465 1115 2503 delectationes
1148 2471 1280 2513 gustus
1315 2464 1388 2501 sit:

306 2552 325 2566 „
444 2517 764 2570 (temperantia.
795 2519 1077 2557 Delectationes
1107 2518 1209 2556 enim
1231 2525 1362 2567 gustus
1387 2513 1389 2571 ξ

290 2585 301 2596 ⁷
456 2566 588 2611 &sunt
615 2573 654 2611 in
675 2573 768 2611 cibis
789 2581 825 2610 et
844 2574 1011 2623 potibus,
1040 2572 1106 2622 qui
1131 2579 1219 2609 sunt
1238 2571 1359 2620 magis
1387 2573 1389 2620 ξ

286 2625 487 2664 necessarii
515 2628 565 2665 ad
593 2627 712 2664 vitam
741 2627 910 2664 hominis
943 2639 1062 2676 quam
1092 2625 1363 2664 delectationes

286 2692 557 2729 venereorum‚
585 2693 685 2730 quae
714 2680 904 2730 pertinent
931 2681 980 2718 ad
1008 2687 1165 2718 tactum.
1198 2679 1275 2716 Sed
1304 2692 1362 2717 se-

287 2734 456 2772 cundum
484 2735 677 2785 praedicta
696 2734 734 2783 ²⁸,
765 2734 1017 2784 temperantia
1047 2742 1103 2771 est
1131 2733 1231 2770 circa
1261 2733 1362 2770 dele—

288 2788 472 2826 ctationes
502 2801 636 2827 eorum
673 2800 772 2838 quae
802 2796 890 2826 sunt
923 2787 1136 2826 necessaria
1165 2786 1214 2824 ad
1242 2787 1362 2824 vitam

287 2842 467 2880 hominis.
498 2843 600 2891 Ergo
629 2842 883 2892 temperantia
913 2850 968 2880 est
996 2841 1118 2891 magis
1148 2840 1247 2878 circa
1274 2853 1362 2891 pro-

287 2896 389 2946 prias
423 2895 695 2934 delectationes
732 2904 863 2944 gustus
898 2908 1016 2945 quam
1053 2895 1152 2933 circa
1189 2894 1364 2944 proprias

289 2949 562 2987 delectationes
590 2957 724 2987 tactus.

344 3014 378 3040 2.
405 3003 642 3050 Pala-mm,
672 3002 924 3052 temperantia
954 3010 1010 3040 est
1039 3002 1137 3040 circa
1165 3001 1364 3052 passiones

289 3056 411 3105 magis
440 3069 557 3107 quam
588 3057 686 3094 circa
715 3069 775 3094 res
795 3056 908 3106 ipsas.
940 3056 1016 3094 Sed
1047 3056 1143 3094 sicut
1172 3055 1307 3093 dicitur
1325 3054 1364 3093 in

290 3112 321 3148 ΙΙ
343 3111 389 3148 de
406 3111 549 3148 Anima
568 3110 600 3157 *,
621 3116 740 3148 tactus
763 3110 911 3148 videtur
938 3121 1017 3147 esse
1035 3122 1165 3147 sensus
1183 3109 1364 3156 alimenti,

290 3172 476 3213 quantum
510 3164 559 3203 ad
588 3164 712 3214 ipsam
741 3163 994 3202 substantiam
1024 3163 1214 3201 alimenti:
1249 3174 1366 3211 sapor

290 3223 428 3264 autem,
457 3217 524 3267 qui
549 3226 604 3256 est
632 3217 786 3268 proprie
806 3217 1001 3255 obiectum
1025 3225 1169 3266 gustus,
1191 3222 1246 3254 est
1269 3217 1366 3254 sicut

291 3271 600 3309 delectamentum
642 3271 922 3309 alimentorum.
967 3271 1070 3320 Ergo
1113 3270 1365 3321 temperantia

293 3324 412 3373 magis
442 3333 497 3362 est
526 3325 623 3363 circa
651 3333 803 3374 gustum
833 3337 950 3375 quam
980 3324 1079 3362 circa
1107 3332 1263 3362 tactum.

349 3379 383 3415 3.
404 3379 639 3427 PRAETEREA,
661 3379 757 3416 sicut
776 3379 911 3417 dicitur
931 3378 968 3417 in
987 3379 1193 3416 V11Ethic.
1209 3377 1240 3425 ²¹⁸,
1262 3378 1365 3416 circa

293 3431 425 3468 eadem
459 3438 547 3469 sunt
578 3433 825 3481 temperantia
854 3439 890 3470 et
916 3432 1221 3481 intemperantia,
1250 3431 1366 3470 conti-
1392 3451 1393 3455 =

294 3484 420 3522 nentia
449 3490 485 3521 et
510 3485 788 3532 incontinentia,
806 3486 1091 3535 perseverantia
1119 3491 1155 3523 et
1181 3485 1364 3531 mollities,

349 3617 376 3648 α)
396 3615 437 3642 rei
455 3616 630 3642 necessariae.
642 3631 660 3636 —
678 3617 888 3642 necessariorum
908 3617 936 3642 P.

1417 2411 1467 2448 ad
1494 2423 1613 2460 quam
1642 2411 1832 2460 pertinent
1860 2411 2031 2450 deliciae.
2072 2411 2151 2449 Sed
2178 2412 2229 2449 ad
2257 2412 2413 2451 delicias
2439 2413 2497 2451 vi-

1418 2465 1528 2502 detur
1556 2465 1745 2513 pertinere
1775 2465 1976 2503 delectatio
2005 2477 2104 2515 quae
2126 2473 2183 2503 est
2211 2465 2249 2503 in
2278 2466 2494 2516 saporibus,

1417 2517 1483 2567 qui
1513 2518 1702 2568 pertinent
1731 2518 1779 2556 ad
1808 2526 1974 2567 gustum.
2014 2519 2118 2568 Ergo
2157 2519 2411 2569 temperantia
2439 2528 2497 2558 est

1418 2571 1517 2610 circa
1546 2571 1817 2610 delectationes
1845 2572 2021 2622 proprias
2048 2580 2193 2621 gustus.

1473 2625 1548 2662 SED
1569 2637 1716 2663 CONTRA
1736 2637 1803 2663 EST
1822 2626 1929 2675 quod
1957 2625 2219 2676 Philosophus
2238 2625 2361 2664 dicit*
2389 2627 2496 2677 quod
2525 2639 2535 2649 ·

1417 2679 1671 2728 temperantia
1700 2687 1736 2717 et
1763 2679 2058 2730 intemperantia
2085 2680 2261 2718 videntur
2286 2685 2400 2731 gustu
2423 2692 2497 2730 pa·
2543 2709 2548 2715 .

1418 2745 1505 2770 rum
1533 2733 1596 2770 vel
1622 2733 1716 2770 nihil
1744 2733 1808 2771 uti.

1473 2787 1700 2825 Rsssrownao
1726 2798 1913 2825 mcanntm
1943 2786 2062 2837 quod,
2093 2786 2191 2837 sicut
2217 2787 2362 2826 dictum
2393 2794 2448 2826 est
2461 2787 2494 2838 ⁸,
2524 2798 2534 2807 ·

1417 2840 1670 2891 temperantia
1699 2841 1868 2879 consistit
1897 2841 1996 2879 circa
2023 2841 2250 2891 praecipuas
2279 2840 2495 2880 delectatio-

1419 2906 1505 2941 nes,
1534 2907 1634 2944 quae
1665 2894 1831 2932 maxime
1860 2894 2050 2944 pertinent
2078 2894 2127 2934 ad
2157 2894 2494 2934 conservationem

1418 2948 1614 2986 humanae
1641 2948 1765 2995 vitae,
1794 2949 1858 2986 vel
1891 2949 1929 2986 in
1958 2947 2084 2998 specie
2112 2949 2174 2986 vel
2209 2948 2248 2987 in
2280 2947 2494 2987 individuo.

1420 3003 1462 3039 ln
1491 3002 1629 3051 quibus
1658 3001 1798 3052 aliquid
1829 3001 2091 3040 consideratur
2127 3002 2401 3052 principaliter,
2429 3002 2496 3040 ali-

1419 3055 1513 3105 quid
1533 3063 1661 3093 autem
1682 3055 1923 3094 secundario.
1952 3055 2215 3106 Principaliter
2233 3055 2391 3106 quidem
2412 3055 2494 3107 ipse

1390 3139 1391 3154 2
1419 3122 1512 3147 usus
1549 3109 1603 3147 rei
1633 3109 1870 3148 necessariae
1891 3114 1927 3147 ⁴²:
1964 3117 2057 3160 puta
2084 3109 2146 3147 vel
2175 3108 2364 3158 feminae,
2395 3122 2494 3159 quae

1420 3172 1476 3201 est
1517 3162 1732 3202 necessaria
1768 3163 1817 3202 ad
1853 3162 2189 3202 conservationem
2227 3162 2388 3212 speciei;
2431 3164 2494 3202 vel

1391 3257 1393 3272 ᾖ
1419 3216 1492 3254 cibi
1520 3218 1583 3254 vel
1612 3224 1742 3266 potus,
1771 3229 1872 3267 quae
1900 3224 1988 3254 sunt
2016 3215 2232 3254 necessaria
2260 3216 2309 3254 ad
2339 3229 2495 3256 conser-

1417 3270 1615 3308 vationem
1643 3269 1840 3308 individui.
1880 3270 1930 3307 Et
1956 3269 2038 3319 ipse
2066 3281 2160 3308 usus
2188 3270 2331 3308 horum
2361 3282 2493 3309 neces-

1418 3324 1607 3362 sariorum
1635 3324 1753 3365 habet
1780 3322 1975 3374 quandam
2007 3323 2249 3361 essentialem
2276 3324 2494 3364 delectatio-

1419 3390 1510 3416 nem
1539 3377 1772 3416 adiunctam.
1807 3376 2043 3415 Secundario
2072 3386 2201 3416 autem
2231 3377 2495 3417 consideratur

1420 3431 1519 3470 circa
1547 3439 1754 3480 utrumque
1773 3442 1887 3469 usum
1917 3430 2061 3480 aliquid
2090 3432 2196 3480 quod
2225 3431 2314 3471 facit
2340 3431 2390 3471 ad
2417 3431 2494 3470 hoc

1392 3493 1394 3530 ᾗ
1419 3484 1525 3534 quod
1554 3496 1646 3521 usus
1674 3484 1719 3521 sit
1747 3484 1868 3532 magis
1888 3483 2120 3523 delectabilis
2140 3483 2176 3523 βε
2206 3485 2302 3523 sicut
2329 3484 2495 3535 pulchri-

1475 3614 1502 3648 β)
1521 3615 1694 3642 delectabilis.
1707 3628 1725 3636 ι-
1743 3615 1924 3642 delectabilius
1943 3616 2062 3650 BFpAK,
2079 3617 2262 3644 de1ecra1n'1ior
2281 3617 2354 3643 unit.

2521 884 2530 893 ·
2541 882 2589 910 Qu.
2599 888 2623 909 v,
2632 881 2656 904 in
2672 887 2734 910 resp.

2520 909 2625 958 2303
2639 913 2660 963 ἑ.
2672 912 2734 931 ⁰⁰⁰¹·
