<?xml version="1.0" encoding="UTF-8"?>
<!DOCTYPE html PUBLIC "-//W3C//DTD XHTML 1.0 Transitional//EN"
    "http://www.w3.org/TR/xhtml1/DTD/xhtml1-transitional.dtd">
<html xmlns="http://www.w3.org/1999/xhtml" xml:lang="en" lang="en">
 <head>
  <title>
</title>
<meta http-equiv="Content-Type" content="text/html;charset=utf-8" />
  <meta name='ocr-system' content='tesseract 3.04.00' />
  <meta name='ocr-capabilities' content='ocr_page ocr_carea ocr_par ocr_line ocrx_word'/>
</head>
<body>
  <div class='ocr_page' id='page_1' title='image "./operaomniaiussui10thom/operaomniaiussui10thom_0450.png"; bbox 0 0 2768 4198; ppageno 0'>
   <div class='ocr_carea' id='block_1_1' title="bbox 53 1973 228 1999">
    <p class='ocr_par' dir='ltr' id='par_1_1' title="bbox 53 1973 228 1999">
     <span class='ocr_line' id='line_1_1' title="bbox 53 1973 228 1999; baseline -0.006 -5"><span class='ocrx_word' id='word_1_1' title='bbox 53 1974 63 1983; x_wconf 77' lang='lat'>⁴</span> <span class='ocrx_word' id='word_1_2' title='bbox 77 1973 132 1999; x_wconf 77' lang='lat' dir='ltr'>Cap.</span> <span class='ocrx_word' id='word_1_3' title='bbox 149 1978 228 1994; x_wconf 75' lang='lat' dir='ltr'>xxviii.</span> 
     </span>
    </p>
   </div>
   <div class='ocr_carea' id='block_1_2' title="bbox 54 2229 211 2258">
    <p class='ocr_par' dir='ltr' id='par_1_2' title="bbox 54 2229 211 2258">
     <span class='ocr_line' id='line_1_2' title="bbox 54 2229 211 2258; baseline 0 -8"><span class='ocrx_word' id='word_1_4' title='bbox 54 2231 61 2239; x_wconf 92' lang='grc'><em>“</em></span> <span class='ocrx_word' id='word_1_5' title='bbox 78 2229 144 2251; x_wconf 62' lang='grc' dir='ltr'>νει-5Δ</span> <span class='ocrx_word' id='word_1_6' title='bbox 157 2236 176 2256; x_wconf 76' lang='lat'>2,</span> <span class='ocrx_word' id='word_1_7' title='bbox 192 2236 211 2258; x_wconf 91' lang='lat'>3.</span> 
     </span>
    </p>
   </div>
   <div class='ocr_carea' id='block_1_3' title="bbox 57 3041 182 3070">
    <p class='ocr_par' dir='ltr' id='par_1_3' title="bbox 57 3041 182 3070">
     <span class='ocr_line' id='line_1_3' title="bbox 57 3041 182 3070; baseline 0.016 -9"><span class='ocrx_word' id='word_1_8' title='bbox 57 3042 67 3052; x_wconf 73' lang='lat'>⁴</span> <span class='ocrx_word' id='word_1_9' title='bbox 84 3041 148 3063; x_wconf 73' lang='lat' dir='ltr'>Vei-s.</span> <span class='ocrx_word' id='word_1_10' title='bbox 163 3048 182 3070; x_wconf 87' lang='lat'>3.</span> 
     </span>
    </p>
   </div>
   <div class='ocr_carea' id='block_1_4' title="bbox 285 291 362 337">
    <p class='ocr_par' dir='ltr' id='par_1_4' title="bbox 285 291 362 337">
     <span class='ocr_line' id='line_1_4' title="bbox 285 291 362 337; baseline 0 -11"><span class='ocrx_word' id='word_1_11' title='bbox 285 291 362 337; x_wconf 87' lang='lat'>408</span> 
     </span>
    </p>
   </div>
   <div class='ocr_carea' id='block_1_5' title="bbox 287 367 1383 544">
    <p class='ocr_par' dir='ltr' id='par_1_5' title="bbox 287 367 1383 544">
     <span class='ocr_line' id='line_1_5' title="bbox 287 367 1383 410; baseline -0.005 -9"><span class='ocrx_word' id='word_1_12' title='bbox 287 372 365 402; x_wconf 87' lang='lat' dir='ltr'>ritus</span> <span class='ocrx_word' id='word_1_13' title='bbox 389 372 537 402; x_wconf 88' lang='lat' dir='ltr'><strong>debentes</strong></span> <span class='ocrx_word' id='word_1_14' title='bbox 561 371 674 401; x_wconf 88' lang='lat' dir='ltr'>servire</span> <span class='ocrx_word' id='word_1_15' title='bbox 699 370 890 410; x_wconf 83' lang='lat' dir='ltr'>vegetativae</span> <span class='ocrx_word' id='word_1_16' title='bbox 915 368 1004 408; x_wconf 88' lang='lat' dir='ltr'>parti,</span> <span class='ocrx_word' id='word_1_17' title='bbox 1023 367 1191 398; x_wconf 87' lang='lat' dir='ltr'>trahuntur</span> <span class='ocrx_word' id='word_1_18' title='bbox 1207 367 1247 396; x_wconf 84' lang='lat' dir='ltr'>ad</span> <span class='ocrx_word' id='word_1_19' title='bbox 1263 367 1355 396; x_wconf 86' lang='lat' dir='ltr'>mini-</span> <span class='ocrx_word' id='word_1_20' title='bbox 1382 369 1383 378; x_wconf 68' lang='lat'>¹</span> 
     </span>
     <span class='ocr_line' id='line_1_6' title="bbox 288 411 1357 455; baseline -0.006 -9"><span class='ocrx_word' id='word_1_21' title='bbox 288 417 453 446; x_wconf 82' lang='lat' dir='ltr'>strandum</span> <span class='ocrx_word' id='word_1_22' title='bbox 474 415 667 455; x_wconf 82' lang='lat' dir='ltr'>cogitativae‚</span> <span class='ocrx_word' id='word_1_23' title='bbox 682 414 906 445; x_wconf 86' lang='lat' dir='ltr'>memorativae</span> <span class='ocrx_word' id='word_1_24' title='bbox 922 420 952 442; x_wconf 87' lang='lat' dir='ltr'>et</span> <span class='ocrx_word' id='word_1_25' title='bbox 969 411 1155 442; x_wconf 90' lang='lat' dir='ltr'>huiusmodi</span> <span class='ocrx_word' id='word_1_26' title='bbox 1179 411 1357 441; x_wconf 87' lang='lat' dir='ltr'>ministran-</span> 
     </span>
     <span class='ocr_line' id='line_1_7' title="bbox 287 455 1356 500; baseline -0.006 -10"><span class='ocrx_word' id='word_1_27' title='bbox 287 460 371 490; x_wconf 88' lang='lat' dir='ltr'>tibus</span> <span class='ocrx_word' id='word_1_28' title='bbox 395 460 576 491; x_wconf 83' lang='lat' dir='ltr'>intellectui.</span> <span class='ocrx_word' id='word_1_29' title='bbox 611 461 814 500; x_wconf 85' lang='lat' dir='ltr'>Quandoque</span> <span class='ocrx_word' id='word_1_30' title='bbox 839 458 932 488; x_wconf 88' lang='lat' dir='ltr'>etiam</span> <span class='ocrx_word' id='word_1_31' title='bbox 957 456 1079 487; x_wconf 85' lang='lat' dir='ltr'>confert</span> <span class='ocrx_word' id='word_1_32' title='bbox 1106 455 1285 486; x_wconf 82' lang='lat' dir='ltr'>exercitatio</span> <span class='ocrx_word' id='word_1_33' title='bbox 1309 455 1356 484; x_wconf 90' lang='lat' dir='ltr'>in-</span> 
     </span>
     <span class='ocr_line' id='line_1_8' title="bbox 287 500 1357 544; baseline -0.006 -9"><span class='ocrx_word' id='word_1_34' title='bbox 287 505 429 535; x_wconf 89' lang='lat' dir='ltr'>tellectus</span> <span class='ocrx_word' id='word_1_35' title='bbox 445 506 646 544; x_wconf 84' lang='lat' dir='ltr'>vegetativae,</span> <span class='ocrx_word' id='word_1_36' title='bbox 667 515 725 544; x_wconf 93' lang='lat' dir='ltr'>pro</span> <span class='ocrx_word' id='word_1_37' title='bbox 743 510 863 544; x_wconf 88' lang='lat' dir='ltr'>quanto</span> <span class='ocrx_word' id='word_1_38' title='bbox 883 501 975 542; x_wconf 91' lang='lat' dir='ltr'>ponit</span> <span class='ocrx_word' id='word_1_39' title='bbox 990 501 1023 531; x_wconf 88' lang='lat' dir='ltr'>in</span> <span class='ocrx_word' id='word_1_40' title='bbox 1040 500 1186 531; x_wconf 86' lang='lat' dir='ltr'>exercitio</span> <span class='ocrx_word' id='word_1_41' title='bbox 1202 507 1232 530; x_wconf 90' lang='lat' dir='ltr'>et</span> <span class='ocrx_word' id='word_1_42' title='bbox 1248 500 1357 530; x_wconf 86' lang='lat' dir='ltr'>labore</span> 
     </span>
    </p>
   </div>
   <div class='ocr_carea' id='block_1_6' title="bbox 935 289 1834 336">
    <p class='ocr_par' dir='ltr' id='par_1_6' title="bbox 935 289 1834 336">
     <span class='ocr_line' id='line_1_9' title="bbox 935 289 1834 336; baseline 0.001 -10"><span class='ocrx_word' id='word_1_43' title='bbox 935 289 1203 336; x_wconf 87' lang='lat' dir='ltr'>QUAESTIO</span> <span class='ocrx_word' id='word_1_44' title='bbox 1234 289 1426 335; x_wconf 88' lang='lat' dir='ltr'>CLXXV,</span> <span class='ocrx_word' id='word_1_45' title='bbox 1457 290 1755 327; x_wconf 91' lang='lat' dir='ltr'>ARTICULUS</span> <span class='ocrx_word' id='word_1_46' title='bbox 1784 291 1834 327; x_wconf 90' lang='lat' dir='ltr'>Vl</span> 
     </span>
    </p>
   </div>
   <div class='ocr_carea' id='block_1_7' title="bbox 1410 367 2482 410">
    <p class='ocr_par' dir='ltr' id='par_1_7' title="bbox 1410 367 2482 410">
     <span class='ocr_line' id='line_1_10' title="bbox 1410 367 2482 410; baseline 0.003 -13"><span class='ocrx_word' id='word_1_47' title='bbox 1410 367 1540 398; x_wconf 87' lang='lat' dir='ltr'>virtutes</span> <span class='ocrx_word' id='word_1_48' title='bbox 1564 368 1622 399; x_wconf 91' lang='lat' dir='ltr'>sibi</span> <span class='ocrx_word' id='word_1_49' title='bbox 1637 369 1865 400; x_wconf 80' lang='lat' dir='ltr'>ministrantes:</span> <span class='ocrx_word' id='word_1_50' title='bbox 1890 370 1980 400; x_wconf 87' lang='lat' dir='ltr'>labor</span> <span class='ocrx_word' id='word_1_51' title='bbox 1994 370 2080 400; x_wconf 87' lang='lat' dir='ltr'>enirn</span> <span class='ocrx_word' id='word_1_52' title='bbox 2097 376 2127 400; x_wconf 88' lang='lat' dir='ltr'>et</span> <span class='ocrx_word' id='word_1_53' title='bbox 2143 369 2327 400; x_wconf 87' lang='lat' dir='ltr'>exercitium</span> <span class='ocrx_word' id='word_1_54' title='bbox 2342 370 2482 410; x_wconf 84' lang='lat' dir='ltr'>partium</span> 
     </span>
    </p>
   </div>
   <div class='ocr_carea' id='block_1_8' title="bbox 1410 412 2482 495">
    <p class='ocr_par' dir='ltr' id='par_1_8' title="bbox 1410 412 2482 495">
     <span class='ocr_line' id='line_1_11' title="bbox 1411 412 2482 455; baseline 0.003 -14"><span class='ocrx_word' id='word_1_55' title='bbox 1411 412 1638 451; x_wconf 87' lang='lat' dir='ltr'>corporalium,</span> <span class='ocrx_word' id='word_1_56' title='bbox 1662 413 1688 443; x_wconf 91' lang='lat' dir='ltr'>si</span> <span class='ocrx_word' id='word_1_57' title='bbox 1707 414 1870 444; x_wconf 87' lang='lat' dir='ltr'>moderate</span> <span class='ocrx_word' id='word_1_58' title='bbox 1889 421 1920 445; x_wconf 91' lang='lat' dir='ltr'>et</span> <span class='ocrx_word' id='word_1_59' title='bbox 1939 421 2083 455; x_wconf 90' lang='lat' dir='ltr'>tempore</span> <span class='ocrx_word' id='word_1_60' title='bbox 2104 424 2247 454; x_wconf 89' lang='lat' dir='ltr'>congruo</span> <span class='ocrx_word' id='word_1_61' title='bbox 2266 413 2353 451; x_wconf 85' lang='lat' dir='ltr'>fiant,</span> <span class='ocrx_word' id='word_1_62' title='bbox 2378 414 2417 444; x_wconf 88' lang='lat' dir='ltr'>ad</span> <span class='ocrx_word' id='word_1_63' title='bbox 2437 414 2482 444; x_wconf 93' lang='lat' dir='ltr'>di-</span> 
     </span>
     <span class='ocr_line' id='line_1_12' title="bbox 1410 456 1792 495; baseline 0.008 -10"><span class='ocrx_word' id='word_1_64' title='bbox 1410 456 1589 495; x_wconf 83' lang='lat' dir='ltr'>gestionem</span> <span class='ocrx_word' id='word_1_65' title='bbox 1613 457 1792 488; x_wconf 87' lang='lat' dir='ltr'>conferunt.</span> 
     </span>
    </p>
   </div>
   <div class='ocr_carea' id='block_1_9' title="bbox 1082 618 1644 660">
    <p class='ocr_par' dir='ltr' id='par_1_9' title="bbox 1082 618 1644 660">
     <span class='ocr_line' id='line_1_13' title="bbox 1082 618 1644 660; baseline 0 0"><span class='ocrx_word' id='word_1_66' title='bbox 1082 618 1403 660; x_wconf 87' lang='lat' dir='ltr'>ARTICULUS</span> <span class='ocrx_word' id='word_1_67' title='bbox 1434 618 1644 660; x_wconf 88' lang='lat' dir='ltr'>SEXTUS</span> 
     </span>
    </p>
   </div>
   <div class='ocr_carea' id='block_1_10' title="bbox 512 702 1385 736">
    <p class='ocr_par' dir='ltr' id='par_1_10' title="bbox 512 702 1385 736">
     <span class='ocr_line' id='line_1_14' title="bbox 512 702 1385 736; baseline -0.003 -1"><span class='ocrx_word' id='word_1_68' title='bbox 512 706 666 736; x_wconf 86' lang='lat' dir='ltr'>UTRUM</span> <span class='ocrx_word' id='word_1_69' title='bbox 690 704 856 735; x_wconf 85' lang='lat' dir='ltr'>PAULUS</span> <span class='ocrx_word' id='word_1_70' title='bbox 882 703 1182 734; x_wconf 87' lang='lat' dir='ltr'>IGNORAVERIT</span> <span class='ocrx_word' id='word_1_71' title='bbox 1205 703 1266 732; x_wconf 89' lang='lat' dir='ltr'>AN</span> <span class='ocrx_word' id='word_1_72' title='bbox 1289 702 1385 733; x_wconf 91' lang='lat' dir='ltr'>EIUS</span> 
     </span>
    </p>
   </div>
   <div class='ocr_carea' id='block_1_11' title="bbox 958 772 1369 806">
    <p class='ocr_par' dir='ltr' id='par_1_11' title="bbox 958 772 1369 806">
     <span class='ocr_line' id='line_1_15' title="bbox 958 772 1369 806; baseline -0.003 -8"><span class='ocrx_word' id='word_1_73' title='bbox 958 774 999 798; x_wconf 86' lang='lat' dir='ltr'>De</span> <span class='ocrx_word' id='word_1_74' title='bbox 1023 774 1112 802; x_wconf 69' lang='lat' dir='ltr'>Verit„</span> <span class='ocrx_word' id='word_1_75' title='bbox 1133 781 1178 806; x_wconf 87' lang='lat' dir='ltr'>qu.</span> <span class='ocrx_word' id='word_1_76' title='bbox 1197 780 1252 803; x_wconf 83' lang='lat' dir='ltr'>xm,</span> <span class='ocrx_word' id='word_1_77' title='bbox 1271 777 1318 798; x_wconf 82' lang='lat' dir='ltr'>art.</span> <span class='ocrx_word' id='word_1_78' title='bbox 1339 772 1369 803; x_wconf 74' lang='lat'>53</span> 
     </span>
    </p>
   </div>
   <div class='ocr_carea' id='block_1_12' title="bbox 290 840 1391 1700">
    <p class='ocr_par' dir='ltr' id='par_1_12' title="bbox 290 840 1387 1375">
     <span class='ocr_line' id='line_1_16' title="bbox 409 840 1386 900; baseline -0.005 -19"><span class='ocrx_word' id='word_1_79' title='bbox 409 885 414 895; x_wconf 60' lang='lat'>,</span> <span class='ocrx_word' id='word_1_80' title='bbox 441 874 449 881; x_wconf 29' lang='grc' dir='ltr'><em>κ</em></span> <span class='ocrx_word' id='word_1_81' title='bbox 503 857 525 881; x_wconf 92' lang='lat' dir='ltr'>D</span> <span class='ocrx_word' id='word_1_82' title='bbox 554 855 697 880; x_wconf 79' lang='lat' dir='ltr'>SEXTUM</span> <span class='ocrx_word' id='word_1_83' title='bbox 725 855 778 879; x_wconf 80' lang='lat' dir='ltr'>stc</span> <span class='ocrx_word' id='word_1_84' title='bbox 808 854 1049 879; x_wconf 81' lang='lat' dir='ltr'>PROCEDlTUR.</span> <span class='ocrx_word' id='word_1_85' title='bbox 1072 841 1231 878; x_wconf 92' lang='lat' dir='ltr'>Videtur</span> <span class='ocrx_word' id='word_1_86' title='bbox 1252 840 1386 900; x_wconf 80' lang='lat' dir='ltr'>quod</span> <span class='ocrx_word' id='word_1_87' title='bbox 1383 853 1386 896; x_wconf 56' lang='lat'><em>2</em></span> 
     </span>
     <span class='ocr_line' id='line_1_17' title="bbox 327 891 1385 946; baseline -0.002 -12"><span class='ocrx_word' id='word_1_88' title='bbox 327 891 351 946; x_wconf 38' lang='lat' dir='ltr'><strong><em>f</em></strong></span> <span class='ocrx_word' id='word_1_89' title='bbox 503 898 644 934; x_wconf 90' lang='lat' dir='ltr'>Paulus</span> <span class='ocrx_word' id='word_1_90' title='bbox 674 909 751 932; x_wconf 92' lang='lat' dir='ltr'>non</span> <span class='ocrx_word' id='word_1_91' title='bbox 780 895 1012 944; x_wconf 83' lang='lat' dir='ltr'>ignoraverit</span> <span class='ocrx_word' id='word_1_92' title='bbox 1040 908 1088 932; x_wconf 90' lang='lat' dir='ltr'>an</span> <span class='ocrx_word' id='word_1_93' title='bbox 1121 895 1199 931; x_wconf 89' lang='lat' dir='ltr'>eius</span> <span class='ocrx_word' id='word_1_94' title='bbox 1229 894 1358 931; x_wconf 88' lang='lat' dir='ltr'>anima</span> <span class='ocrx_word' id='word_1_95' title='bbox 1384 897 1385 932; x_wconf 71' lang='lat' dir='ltr'>l</span> 
     </span>
     <span class='ocr_line' id='line_1_18' title="bbox 308 948 1357 1002; baseline -0.002 -16"><span class='ocrx_word' id='word_1_96' title='bbox 308 957 311 962; x_wconf 83' lang='lat'>·</span> <span class='ocrx_word' id='word_1_97' title='bbox 327 962 423 1002; x_wconf 39' lang='lat' dir='ltr'>jv.-</span> <span class='ocrx_word' id='word_1_98' title='bbox 450 949 613 993; x_wconf 70' lang='lat' dir='ltr'>(fuerit</span> <span class='ocrx_word' id='word_1_99' title='bbox 645 963 667 987; x_wconf 91' lang='lat' dir='ltr'>a</span> <span class='ocrx_word' id='word_1_100' title='bbox 707 962 868 999; x_wconf 90' lang='lat' dir='ltr'>corpore</span> <span class='ocrx_word' id='word_1_101' title='bbox 902 956 1087 998; x_wconf 88' lang='lat' dir='ltr'>separata.</span> <span class='ocrx_word' id='word_1_102' title='bbox 1125 948 1226 986; x_wconf 88' lang='lat' dir='ltr'>Dicit</span> <span class='ocrx_word' id='word_1_103' title='bbox 1254 948 1357 985; x_wconf 90' lang='lat' dir='ltr'>enim</span> 
     </span>
     <span class='ocr_line' id='line_1_19' title="bbox 327 972 1386 1053; baseline -0.004 -10.923"><span class='ocrx_word' id='word_1_104' title='bbox 327 972 495 1041; x_wconf 43' lang='lat'>(⁶3)</span> <span class='ocrx_word' id='word_1_105' title='bbox 461 997 596 1053; x_wconf 82' lang='lat' dir='ltr'>ipse</span> <span class='ocrx_word' id='word_1_106' title='bbox 628 1005 659 1041; x_wconf 88' lang='grc' dir='ltr'>ΙΙ</span> <span class='ocrx_word' id='word_1_107' title='bbox 681 1004 732 1040; x_wconf 90' lang='lat' dir='ltr'>ad</span> <span class='ocrx_word' id='word_1_108' title='bbox 750 1005 837 1040; x_wconf 90' lang='lat' dir='ltr'>Cor.</span> <span class='ocrx_word' id='word_1_109' title='bbox 858 1016 906 1040; x_wconf 85' lang='lat' dir='ltr'>xu</span> <span class='ocrx_word' id='word_1_110' title='bbox 925 1003 964 1040; x_wconf 78' lang='lat' dir='ltr'>*z</span> <span class='ocrx_word' id='word_1_111' title='bbox 996 1004 1080 1040; x_wconf 88' lang='lat' dir='ltr'>Scio</span> <span class='ocrx_word' id='word_1_112' title='bbox 1108 1002 1298 1039; x_wconf 86' lang='lat' dir='ltr'>hominem</span> <span class='ocrx_word' id='word_1_113' title='bbox 1320 1003 1357 1039; x_wconf 89' lang='lat' dir='ltr'>in</span> <span class='ocrx_word' id='word_1_114' title='bbox 1384 1021 1386 1024; x_wconf 94' lang='lat'>·</span> 
     </span>
     <span class='ocr_line' id='line_1_20' title="bbox 295 1046 1385 1108; baseline -0.003 -12"><span class='ocrx_word' id='word_1_115' title='bbox 295 1059 440 1096; x_wconf 81' lang='lat' dir='ltr'>Christo</span> <span class='ocrx_word' id='word_1_116' title='bbox 479 1064 629 1108; x_wconf 81' lang='lat' dir='ltr'>raptum</span> <span class='ocrx_word' id='word_1_117' title='bbox 664 1069 780 1106; x_wconf 84' lang='lat' dir='ltr'>usque</span> <span class='ocrx_word' id='word_1_118' title='bbox 815 1058 867 1095; x_wconf 88' lang='lat' dir='ltr'>ad</span> <span class='ocrx_word' id='word_1_119' title='bbox 898 1058 1048 1094; x_wconf 86' lang='lat' dir='ltr'>tertium</span> <span class='ocrx_word' id='word_1_120' title='bbox 1081 1057 1240 1094; x_wconf 84' lang='lat' dir='ltr'>caelum.</span> <span class='ocrx_word' id='word_1_121' title='bbox 1281 1046 1385 1094; x_wconf 91' lang='lat' dir='ltr'>Sed</span> 
     </span>
     <span class='ocr_line' id='line_1_21' title="bbox 290 1110 1357 1160; baseline -0.004 -9"><span class='ocrx_word' id='word_1_122' title='bbox 290 1116 402 1151; x_wconf 84' lang='lat' dir='ltr'>homo</span> <span class='ocrx_word' id='word_1_123' title='bbox 431 1112 603 1149; x_wconf 89' lang='lat' dir='ltr'>nominat</span> <span class='ocrx_word' id='word_1_124' title='bbox 628 1111 884 1160; x_wconf 88' lang='lat' dir='ltr'>compositum</span> <span class='ocrx_word' id='word_1_125' title='bbox 905 1123 950 1148; x_wconf 85' lang='lat' dir='ltr'>ex</span> <span class='ocrx_word' id='word_1_126' title='bbox 969 1110 1098 1148; x_wconf 89' lang='lat' dir='ltr'>anima</span> <span class='ocrx_word' id='word_1_127' title='bbox 1119 1119 1154 1147; x_wconf 92' lang='lat' dir='ltr'>et</span> <span class='ocrx_word' id='word_1_128' title='bbox 1174 1123 1357 1160; x_wconf 62' lang='lat' dir='ltr'>corporei</span> 
     </span>
     <span class='ocr_line' id='line_1_22' title="bbox 291 1163 1387 1216; baseline -0.005 -12"><span class='ocrx_word' id='word_1_129' title='bbox 291 1173 418 1216; x_wconf 81' lang='lat' dir='ltr'>raptus</span> <span class='ocrx_word' id='word_1_130' title='bbox 449 1166 562 1203; x_wconf 91' lang='lat' dir='ltr'>etiam</span> <span class='ocrx_word' id='word_1_131' title='bbox 593 1164 718 1202; x_wconf 85' lang='lat' dir='ltr'>differt</span> <span class='ocrx_word' id='word_1_132' title='bbox 746 1177 768 1201; x_wconf 90' lang='lat' dir='ltr'>a</span> <span class='ocrx_word' id='word_1_133' title='bbox 791 1172 925 1202; x_wconf 87' lang='lat' dir='ltr'>morte.</span> <span class='ocrx_word' id='word_1_134' title='bbox 955 1164 1114 1202; x_wconf 90' lang='lat' dir='ltr'>Videtur</span> <span class='ocrx_word' id='word_1_135' title='bbox 1135 1176 1223 1212; x_wconf 88' lang='lat' dir='ltr'>ergo</span> <span class='ocrx_word' id='word_1_136' title='bbox 1253 1163 1360 1212; x_wconf 91' lang='lat' dir='ltr'>quod</span> <span class='ocrx_word' id='word_1_137' title='bbox 1385 1182 1387 1197; x_wconf 63' lang='grc' dir='ltr'><strong>ι</strong></span> 
     </span>
     <span class='ocr_line' id='line_1_23' title="bbox 291 1218 1387 1270; baseline -0.004 -12"><span class='ocrx_word' id='word_1_138' title='bbox 291 1221 371 1270; x_wconf 90' lang='lat' dir='ltr'>ipse</span> <span class='ocrx_word' id='word_1_139' title='bbox 406 1219 556 1256; x_wconf 87' lang='lat' dir='ltr'>sciverit</span> <span class='ocrx_word' id='word_1_140' title='bbox 593 1219 762 1256; x_wconf 89' lang='lat' dir='ltr'>animam</span> <span class='ocrx_word' id='word_1_141' title='bbox 797 1231 875 1255; x_wconf 91' lang='lat' dir='ltr'>non</span> <span class='ocrx_word' id='word_1_142' title='bbox 904 1218 1016 1255; x_wconf 84' lang='lat' dir='ltr'>fuisse</span> <span class='ocrx_word' id='word_1_143' title='bbox 1045 1230 1114 1267; x_wconf 88' lang='lat' dir='ltr'>per</span> <span class='ocrx_word' id='word_1_144' title='bbox 1143 1226 1308 1255; x_wconf 89' lang='lat' dir='ltr'>mortem</span> <span class='ocrx_word' id='word_1_145' title='bbox 1338 1231 1360 1255; x_wconf 91' lang='lat' dir='ltr'>a</span> <span class='ocrx_word' id='word_1_146' title='bbox 1386 1229 1387 1239; x_wconf 63' lang='lat'>¹</span> 
     </span>
     <span class='ocr_line' id='line_1_24' title="bbox 293 1271 1360 1323; baseline -0.003 -12"><span class='ocrx_word' id='word_1_147' title='bbox 293 1286 453 1323; x_wconf 91' lang='lat' dir='ltr'>corpore</span> <span class='ocrx_word' id='word_1_148' title='bbox 473 1280 708 1322; x_wconf 84' lang='lat' dir='ltr'>separatam:</span> <span class='ocrx_word' id='word_1_149' title='bbox 739 1272 962 1321; x_wconf 89' lang='lat' dir='ltr'>praesertim</span> <span class='ocrx_word' id='word_1_150' title='bbox 983 1271 1072 1320; x_wconf 90' lang='lat' dir='ltr'>quia</span> <span class='ocrx_word' id='word_1_151' title='bbox 1091 1273 1167 1309; x_wconf 93' lang='lat' dir='ltr'>hoc</span> <span class='ocrx_word' id='word_1_152' title='bbox 1187 1284 1360 1309; x_wconf 90' lang='lat' dir='ltr'>commu—</span> 
     </span>
     <span class='ocr_line' id='line_1_25' title="bbox 293 1325 892 1375; baseline -0.005 -10"><span class='ocrx_word' id='word_1_153' title='bbox 293 1329 388 1365; x_wconf 87' lang='lat' dir='ltr'>niter</span> <span class='ocrx_word' id='word_1_154' title='bbox 416 1339 438 1363; x_wconf 89' lang='lat' dir='ltr'>a</span> <span class='ocrx_word' id='word_1_155' title='bbox 466 1326 699 1364; x_wconf 90' lang='lat' dir='ltr'>Doctoribus</span> <span class='ocrx_word' id='word_1_156' title='bbox 727 1325 892 1375; x_wconf 90' lang='lat' dir='ltr'>ponitur.</span> 
     </span>
    </p>

    <p class='ocr_par' dir='ltr' id='par_1_13' title="bbox 293 1374 1391 1700">
     <span class='ocr_line' id='line_1_26' title="bbox 348 1374 1389 1438; baseline -0.003 -20"><span class='ocrx_word' id='word_1_157' title='bbox 348 1394 382 1418; x_wconf 91' lang='lat'>2.</span> <span class='ocrx_word' id='word_1_158' title='bbox 405 1381 648 1429; x_wconf 72' lang='lat' dir='ltr'>PRAETEREA,</span> <span class='ocrx_word' id='word_1_159' title='bbox 671 1391 715 1416; x_wconf 90' lang='lat' dir='ltr'>ex</span> <span class='ocrx_word' id='word_1_160' title='bbox 737 1378 920 1416; x_wconf 92' lang='lat' dir='ltr'>eisdem</span> <span class='ocrx_word' id='word_1_161' title='bbox 944 1378 1119 1428; x_wconf 89' lang='lat' dir='ltr'>Apostoli</span> <span class='ocrx_word' id='word_1_162' title='bbox 1138 1378 1266 1415; x_wconf 87' lang='lat' dir='ltr'>verbis</span> <span class='ocrx_word' id='word_1_163' title='bbox 1295 1391 1360 1438; x_wconf 79' lang='lat' dir='ltr'>pa·</span> <span class='ocrx_word' id='word_1_164' title='bbox 1387 1374 1389 1406; x_wconf 65' lang='lat' dir='ltr'>i</span> 
     </span>
     <span class='ocr_line' id='line_1_27' title="bbox 293 1432 1360 1483; baseline -0.004 -11"><span class='ocrx_word' id='word_1_165' title='bbox 293 1444 344 1473; x_wconf 90' lang='lat' dir='ltr'>tet</span> <span class='ocrx_word' id='word_1_166' title='bbox 372 1434 478 1483; x_wconf 92' lang='lat' dir='ltr'>quod</span> <span class='ocrx_word' id='word_1_167' title='bbox 507 1433 587 1483; x_wconf 88' lang='lat' dir='ltr'>ipse</span> <span class='ocrx_word' id='word_1_168' title='bbox 617 1433 726 1470; x_wconf 90' lang='lat' dir='ltr'>scivit</span> <span class='ocrx_word' id='word_1_169' title='bbox 759 1445 836 1482; x_wconf 92' lang='lat' dir='ltr'>quo</span> <span class='ocrx_word' id='word_1_170' title='bbox 872 1441 1000 1482; x_wconf 89' lang='lat' dir='ltr'>raptus</span> <span class='ocrx_word' id='word_1_171' title='bbox 1035 1432 1166 1470; x_wconf 88' lang='lat' dir='ltr'>fuerit:</span> <span class='ocrx_word' id='word_1_172' title='bbox 1206 1432 1294 1481; x_wconf 84' lang='lat' dir='ltr'>quia</span> <span class='ocrx_word' id='word_1_173' title='bbox 1323 1432 1360 1469; x_wconf 89' lang='lat' dir='ltr'>in</span> 
     </span>
     <span class='ocr_line' id='line_1_28' title="bbox 293 1485 1390 1536; baseline -0.004 -10"><span class='ocrx_word' id='word_1_174' title='bbox 293 1489 442 1527; x_wconf 76' lang='lat' dir='ltr'>tertium</span> <span class='ocrx_word' id='word_1_175' title='bbox 470 1487 630 1525; x_wconf 88' lang='lat' dir='ltr'>caelum.</span> <span class='ocrx_word' id='word_1_176' title='bbox 661 1487 738 1524; x_wconf 89' lang='lat' dir='ltr'>Sed</span> <span class='ocrx_word' id='word_1_177' title='bbox 768 1499 813 1523; x_wconf 88' lang='lat' dir='ltr'>ex</span> <span class='ocrx_word' id='word_1_178' title='bbox 835 1487 911 1523; x_wconf 91' lang='lat' dir='ltr'>hoc</span> <span class='ocrx_word' id='word_1_179' title='bbox 931 1486 1100 1536; x_wconf 90' lang='lat' dir='ltr'>sequitur</span> <span class='ocrx_word' id='word_1_180' title='bbox 1128 1486 1234 1535; x_wconf 92' lang='lat' dir='ltr'>quod</span> <span class='ocrx_word' id='word_1_181' title='bbox 1254 1485 1363 1523; x_wconf 89' lang='lat' dir='ltr'>scivit</span> <span class='ocrx_word' id='word_1_182' title='bbox 1388 1503 1390 1522; x_wconf 85' lang='lat'>;</span> 
     </span>
     <span class='ocr_line' id='line_1_29' title="bbox 293 1539 1390 1589; baseline -0.003 -9"><span class='ocrx_word' id='word_1_183' title='bbox 293 1551 422 1580; x_wconf 90' lang='lat' dir='ltr'>utrum</span> <span class='ocrx_word' id='word_1_184' title='bbox 451 1541 561 1578; x_wconf 85' lang='lat' dir='ltr'>fuerit</span> <span class='ocrx_word' id='word_1_185' title='bbox 588 1541 627 1578; x_wconf 91' lang='lat' dir='ltr'>in</span> <span class='ocrx_word' id='word_1_186' title='bbox 656 1553 817 1589; x_wconf 89' lang='lat' dir='ltr'>corpore</span> <span class='ocrx_word' id='word_1_187' title='bbox 846 1541 909 1577; x_wconf 89' lang='lat' dir='ltr'>vel</span> <span class='ocrx_word' id='word_1_188' title='bbox 938 1552 1028 1577; x_wconf 90' lang='lat' dir='ltr'>non.</span> <span class='ocrx_word' id='word_1_189' title='bbox 1064 1539 1165 1587; x_wconf 85' lang='lat' dir='ltr'>Quia</span> <span class='ocrx_word' id='word_1_190' title='bbox 1194 1539 1225 1576; x_wconf 92' lang='lat' dir='ltr'>si</span> <span class='ocrx_word' id='word_1_191' title='bbox 1253 1539 1364 1577; x_wconf 90' lang='lat' dir='ltr'>scivit</span> <span class='ocrx_word' id='word_1_192' title='bbox 1389 1567 1390 1570; x_wconf 21' lang='grc' dir='ltr'>η</span> 
     </span>
     <span class='ocr_line' id='line_1_30' title="bbox 293 1593 1363 1653; baseline -0.003 -20"><span class='ocrx_word' id='word_1_193' title='bbox 293 1597 445 1634; x_wconf 87' lang='lat' dir='ltr'>tertium</span> <span class='ocrx_word' id='word_1_194' title='bbox 475 1596 624 1632; x_wconf 88' lang='lat' dir='ltr'>caelum</span> <span class='ocrx_word' id='word_1_195' title='bbox 661 1606 742 1631; x_wconf 91' lang='lat' dir='ltr'>esse</span> <span class='ocrx_word' id='word_1_196' title='bbox 773 1593 917 1653; x_wconf 79' lang='lat' dir='ltr'>aliquid</span> <span class='ocrx_word' id='word_1_197' title='bbox 946 1606 1199 1642; x_wconf 88' lang='lat' dir='ltr'>corporeum,</span> <span class='ocrx_word' id='word_1_198' title='bbox 1231 1606 1363 1630; x_wconf 88' lang='lat' dir='ltr'>conse-</span> 
     </span>
     <span class='ocr_line' id='line_1_31' title="bbox 294 1647 1391 1700; baseline -0.003 -14"><span class='ocrx_word' id='word_1_199' title='bbox 294 1662 416 1700; x_wconf 91' lang='lat' dir='ltr'>quens</span> <span class='ocrx_word' id='word_1_200' title='bbox 446 1656 501 1685; x_wconf 89' lang='lat' dir='ltr'>est</span> <span class='ocrx_word' id='word_1_201' title='bbox 529 1648 634 1697; x_wconf 91' lang='lat' dir='ltr'>quod</span> <span class='ocrx_word' id='word_1_202' title='bbox 663 1647 815 1684; x_wconf 86' lang='lat' dir='ltr'>sciverit</span> <span class='ocrx_word' id='word_1_203' title='bbox 843 1647 1013 1684; x_wconf 87' lang='lat' dir='ltr'>animam</span> <span class='ocrx_word' id='word_1_204' title='bbox 1037 1660 1146 1684; x_wconf 88' lang='lat' dir='ltr'>suam</span> <span class='ocrx_word' id='word_1_205' title='bbox 1178 1659 1256 1683; x_wconf 91' lang='lat' dir='ltr'>non</span> <span class='ocrx_word' id='word_1_206' title='bbox 1280 1659 1363 1683; x_wconf 89' lang='lat' dir='ltr'>esse</span> <span class='ocrx_word' id='word_1_207' title='bbox 1390 1653 1391 1663; x_wconf 66' lang='lat'>³</span> 
     </span>
    </p>
   </div>
   <div class='ocr_carea' id='block_1_13' title="bbox 295 1699 1364 1751">
    <p class='ocr_par' dir='ltr' id='par_1_14' title="bbox 295 1699 1364 1751">
     <span class='ocr_line' id='line_1_32' title="bbox 295 1699 1364 1751; baseline -0.004 -11"><span class='ocrx_word' id='word_1_208' title='bbox 295 1716 316 1740; x_wconf 80' lang='grc'>3.</span> <span class='ocrx_word' id='word_1_209' title='bbox 353 1715 514 1751; x_wconf 77' lang='lat' dir='ltr'>corpore</span> <span class='ocrx_word' id='word_1_210' title='bbox 550 1709 784 1750; x_wconf 69' lang='lat' dir='ltr'>separatam:</span> <span class='ocrx_word' id='word_1_211' title='bbox 823 1712 912 1748; x_wconf 79' lang='lat' dir='ltr'>qula</span> <span class='ocrx_word' id='word_1_212' title='bbox 939 1699 1038 1737; x_wconf 84' lang='lat' dir='ltr'>Vlsio</span> <span class='ocrx_word' id='word_1_213' title='bbox 1073 1700 1127 1736; x_wconf 81' lang='lat' dir='ltr'>rel.</span> <span class='ocrx_word' id='word_1_214' title='bbox 1156 1711 1364 1749; x_wconf 75' lang='lat' dir='ltr'>corporeae</span> 
     </span>
    </p>
   </div>
   <div class='ocr_carea' id='block_1_14' title="bbox 304 859 493 1047">
    <p class='ocr_par' dir='ltr' id='par_1_15' title="bbox 304 859 493 1047">
     <span class='ocr_line' id='line_1_33' title="bbox 304 859 493 1047; baseline 0 -98"><span class='ocrx_word' id='word_1_215' title='bbox 304 859 493 1047; x_wconf 95' lang='lat' dir='ltr'>  </span> 
     </span>
    </p>
   </div>
   <div class='ocr_carea' id='block_1_15' title="bbox 1386 1321 1388 1337">
    <p class='ocr_par' dir='ltr' id='par_1_16' title="bbox 1386 1321 1388 1337">
     <span class='ocr_line' id='line_1_34' title="bbox 1386 1321 1388 1337; baseline 0 0"><span class='ocrx_word' id='word_1_216' title='bbox 1386 1321 1388 1337; x_wconf 77' lang='lat' dir='ltr'>l</span> 
     </span>
    </p>
   </div>
   <div class='ocr_carea' id='block_1_16' title="bbox 294 1806 1367 1962">
    <p class='ocr_par' dir='ltr' id='par_1_17' title="bbox 294 1806 1367 1962">
     <span class='ocr_line' id='line_1_35' title="bbox 294 1806 1365 1858; baseline -0.002 -13"><span class='ocrx_word' id='word_1_217' title='bbox 294 1809 399 1858; x_wconf 91' lang='lat' dir='ltr'>quod</span> <span class='ocrx_word' id='word_1_218' title='bbox 429 1821 507 1845; x_wconf 90' lang='lat' dir='ltr'>non</span> <span class='ocrx_word' id='word_1_219' title='bbox 528 1806 543 1837; x_wconf 73' lang='grc' dir='ltr'><strong>β</strong></span> <span class='ocrx_word' id='word_1_220' title='bbox 562 1806 793 1855; x_wconf 89' lang='lat' dir='ltr'>ignoraverit</span> <span class='ocrx_word' id='word_1_221' title='bbox 812 1818 861 1842; x_wconf 91' lang='lat' dir='ltr'>an</span> <span class='ocrx_word' id='word_1_222' title='bbox 881 1807 1010 1843; x_wconf 89' lang='lat' dir='ltr'>anima</span> <span class='ocrx_word' id='word_1_223' title='bbox 1030 1806 1141 1843; x_wconf 86' lang='lat' dir='ltr'>fuerit</span> <span class='ocrx_word' id='word_1_224' title='bbox 1160 1819 1182 1843; x_wconf 89' lang='lat' dir='ltr'>a</span> <span class='ocrx_word' id='word_1_225' title='bbox 1202 1818 1365 1855; x_wconf 91' lang='lat' dir='ltr'>corpore</span> 
     </span>
     <span class='ocr_line' id='line_1_36' title="bbox 294 1869 477 1911; baseline -0.005 -12"><span class='ocrx_word' id='word_1_226' title='bbox 294 1869 477 1911; x_wconf 90' lang='lat' dir='ltr'>separata.</span> 
     </span>
     <span class='ocr_line' id='line_1_37' title="bbox 350 1912 1367 1962; baseline -0.003 -10"><span class='ocrx_word' id='word_1_227' title='bbox 350 1916 384 1952; x_wconf 86' lang='lat'>3.</span> <span class='ocrx_word' id='word_1_228' title='bbox 406 1916 641 1960; x_wconf 75' lang='lat' dir='ltr'>PRAETEREA,</span> <span class='ocrx_word' id='word_1_229' title='bbox 672 1912 768 1950; x_wconf 89' lang='lat' dir='ltr'>sicut</span> <span class='ocrx_word' id='word_1_230' title='bbox 786 1913 1021 1962; x_wconf 85' lang='lat' dir='ltr'>Augustinus</span> <span class='ocrx_word' id='word_1_231' title='bbox 1042 1912 1141 1959; x_wconf 92' lang='lat' dir='ltr'>dicit,</span> <span class='ocrx_word' id='word_1_232' title='bbox 1163 1914 1232 1949; x_wconf 91' lang='lat' dir='ltr'>XII</span> <span class='ocrx_word' id='word_1_233' title='bbox 1253 1923 1367 1961; x_wconf 86' lang='lat' dir='ltr'>super</span> 
     </span>
    </p>
   </div>
   <div class='ocr_carea' id='block_1_17' title="bbox 1409 702 2260 737">
    <p class='ocr_par' dir='ltr' id='par_1_18' title="bbox 1409 702 2260 737">
     <span class='ocr_line' id='line_1_38' title="bbox 1409 702 2260 737; baseline 0.006 -5"><span class='ocrx_word' id='word_1_234' title='bbox 1409 702 1548 732; x_wconf 86' lang='lat' dir='ltr'>ANIMA</span> <span class='ocrx_word' id='word_1_235' title='bbox 1572 702 1597 732; x_wconf 91' lang='lat' dir='ltr'>F</span> <span class='ocrx_word' id='word_1_236' title='bbox 1602 703 1733 733; x_wconf 87' lang='lat' dir='ltr'><strong>UERIT</strong></span> <span class='ocrx_word' id='word_1_237' title='bbox 1753 706 1782 734; x_wconf 94' lang='lat' dir='ltr'><strong>A</strong></span> <span class='ocrx_word' id='word_1_238' title='bbox 1806 703 2010 736; x_wconf 88' lang='lat' dir='ltr'>CORPORE</span> <span class='ocrx_word' id='word_1_239' title='bbox 2035 706 2260 737; x_wconf 86' lang='lat' dir='ltr'>SEPARATA</span> 
     </span>
    </p>
   </div>
   <div class='ocr_carea' id='block_1_18' title="bbox 1390 773 1812 806">
    <p class='ocr_par' dir='ltr' id='par_1_19' title="bbox 1390 773 1812 806">
     <span class='ocr_line' id='line_1_39' title="bbox 1390 773 1812 806; baseline 0.005 -9"><span class='ocrx_word' id='word_1_240' title='bbox 1390 773 1410 797; x_wconf 92' lang='lat'>11</span> <span class='ocrx_word' id='word_1_241' title='bbox 1429 773 1466 797; x_wconf 83' lang='lat' dir='ltr'>ad</span> <span class='ocrx_word' id='word_1_242' title='bbox 1487 773 1558 802; x_wconf 66' lang='lat' dir='ltr'>Cor„</span> <span class='ocrx_word' id='word_1_243' title='bbox 1578 781 1632 806; x_wconf 85' lang='lat' dir='ltr'>cap.</span> <span class='ocrx_word' id='word_1_244' title='bbox 1652 781 1696 803; x_wconf 70' lang='grc' dir='ltr'>ιιι,</span> <span class='ocrx_word' id='word_1_245' title='bbox 1715 774 1774 805; x_wconf 81' lang='lat' dir='ltr'>lect</span> <span class='ocrx_word' id='word_1_246' title='bbox 1795 782 1812 799; x_wconf 89' lang='lat'>1.</span> 
     </span>
    </p>
   </div>
   <div class='ocr_carea' id='block_1_19' title="bbox 1410 842 2491 1271">
    <p class='ocr_par' dir='ltr' id='par_1_20' title="bbox 1410 842 2491 1271">
     <span class='ocr_line' id='line_1_40' title="bbox 1467 842 2484 896; baseline 0.008 -18"><span class='ocrx_word' id='word_1_247' title='bbox 1467 842 1544 879; x_wconf 89' lang='lat' dir='ltr'>Sed</span> <span class='ocrx_word' id='word_1_248' title='bbox 1573 842 1676 878; x_wconf 91' lang='lat' dir='ltr'>hunc</span> <span class='ocrx_word' id='word_1_249' title='bbox 1705 854 1861 879; x_wconf 90' lang='lat' dir='ltr'>sensum</span> <span class='ocrx_word' id='word_1_250' title='bbox 1885 842 2079 892; x_wconf 89' lang='lat' dir='ltr'>improbat</span> <span class='ocrx_word' id='word_1_251' title='bbox 2097 842 2110 866; x_wconf 64' lang='grc' dir='ltr'><strong>ὅ</strong></span> <span class='ocrx_word' id='word_1_252' title='bbox 2137 847 2384 896; x_wconf 82' lang='lat' dir='ltr'>Augustinus,</span> <span class='ocrx_word' id='word_1_253' title='bbox 2415 849 2484 885; x_wconf 91' lang='lat' dir='ltr'>XII</span> 
     </span>
     <span class='ocr_line' id='line_1_41' title="bbox 1410 895 2486 961; baseline 0.007 -30"><span class='ocrx_word' id='word_1_254' title='bbox 1410 907 1524 943; x_wconf 85' lang='lat' dir='ltr'>super</span> <span class='ocrx_word' id='word_1_255' title='bbox 1555 895 1648 932; x_wconf 88' lang='lat' dir='ltr'>Gen.</span> <span class='ocrx_word' id='word_1_256' title='bbox 1680 895 1732 932; x_wconf 84' lang='lat' dir='ltr'>ad</span> <span class='ocrx_word' id='word_1_257' title='bbox 1757 896 1822 933; x_wconf 88' lang='lat' dir='ltr'>li.tt</span> <span class='ocrx_word' id='word_1_258' title='bbox 1848 896 1868 918; x_wconf 68' lang='lat'>&#39;¹‘</span> <span class='ocrx_word' id='word_1_259' title='bbox 1924 908 1994 945; x_wconf 88' lang='lat' dir='ltr'>per</span> <span class='ocrx_word' id='word_1_260' title='bbox 2024 897 2100 934; x_wconf 90' lang='lat' dir='ltr'>hoc</span> <span class='ocrx_word' id='word_1_261' title='bbox 2138 899 2244 947; x_wconf 90' lang='lat' dir='ltr'>quod</span> <span class='ocrx_word' id='word_1_262' title='bbox 2275 902 2486 961; x_wconf 82' lang='lat' dir='ltr'>Apostolus</span> 
     </span>
     <span class='ocr_line' id='line_1_42' title="bbox 1413 949 2485 1001; baseline 0.007 -16"><span class='ocrx_word' id='word_1_263' title='bbox 1413 949 1500 986; x_wconf 91' lang='lat' dir='ltr'>dicit</span> <span class='ocrx_word' id='word_1_264' title='bbox 1529 961 1569 985; x_wconf 93' lang='lat' dir='ltr'>se</span> <span class='ocrx_word' id='word_1_265' title='bbox 1599 949 1755 986; x_wconf 89' lang='lat' dir='ltr'>scivisse</span> <span class='ocrx_word' id='word_1_266' title='bbox 1785 960 1825 986; x_wconf 93' lang='lat' dir='ltr'>se</span> <span class='ocrx_word' id='word_1_267' title='bbox 1855 961 1938 986; x_wconf 91' lang='lat' dir='ltr'>esse</span> <span class='ocrx_word' id='word_1_268' title='bbox 1959 957 2111 998; x_wconf 86' lang='lat' dir='ltr'>raptum</span> <span class='ocrx_word' id='word_1_269' title='bbox 2132 963 2254 1001; x_wconf 89' lang='lat' dir='ltr'>usque</span> <span class='ocrx_word' id='word_1_270' title='bbox 2273 953 2312 990; x_wconf 92' lang='lat' dir='ltr'>in</span> <span class='ocrx_word' id='word_1_271' title='bbox 2331 955 2485 992; x_wconf 89' lang='lat' dir='ltr'>tertium</span> 
     </span>
     <span class='ocr_line' id='line_1_43' title="bbox 1413 1002 2487 1051; baseline 0.007 -13"><span class='ocrx_word' id='word_1_272' title='bbox 1413 1002 1572 1039; x_wconf 88' lang='lat' dir='ltr'>caelum.</span> <span class='ocrx_word' id='word_1_273' title='bbox 1614 1002 1768 1039; x_wconf 88' lang='lat' dir='ltr'>Sciebat</span> <span class='ocrx_word' id='word_1_274' title='bbox 1805 1015 1896 1051; x_wconf 89' lang='lat' dir='ltr'>ergo</span> <span class='ocrx_word' id='word_1_275' title='bbox 1925 1016 2064 1041; x_wconf 90' lang='lat' dir='ltr'>verum</span> <span class='ocrx_word' id='word_1_276' title='bbox 2102 1017 2184 1042; x_wconf 91' lang='lat' dir='ltr'>esse</span> <span class='ocrx_word' id='word_1_277' title='bbox 2218 1006 2372 1045; x_wconf 84' lang='lat' dir='ltr'>tertium</span> <span class='ocrx_word' id='word_1_278' title='bbox 2402 1020 2487 1045; x_wconf 89' lang='lat' dir='ltr'>cae-</span> 
     </span>
     <span class='ocr_line' id='line_1_44' title="bbox 1413 1055 2487 1106; baseline 0.007 -14"><span class='ocrx_word' id='word_1_279' title='bbox 1413 1057 1492 1093; x_wconf 90' lang='lat' dir='ltr'>lum</span> <span class='ocrx_word' id='word_1_280' title='bbox 1521 1055 1612 1093; x_wconf 92' lang='lat' dir='ltr'>illud</span> <span class='ocrx_word' id='word_1_281' title='bbox 1641 1056 1679 1093; x_wconf 88' lang='lat' dir='ltr'>in</span> <span class='ocrx_word' id='word_1_282' title='bbox 1709 1056 1816 1104; x_wconf 91' lang='lat' dir='ltr'>quod</span> <span class='ocrx_word' id='word_1_283' title='bbox 1846 1064 1975 1106; x_wconf 91' lang='lat' dir='ltr'>raptus</span> <span class='ocrx_word' id='word_1_284' title='bbox 1999 1057 2078 1105; x_wconf 87' lang='lat' dir='ltr'>fuit,</span> <span class='ocrx_word' id='word_1_285' title='bbox 2111 1065 2147 1095; x_wconf 90' lang='lat' dir='ltr'>et</span> <span class='ocrx_word' id='word_1_286' title='bbox 2174 1071 2254 1097; x_wconf 91' lang='lat' dir='ltr'>non</span> <span class='ocrx_word' id='word_1_287' title='bbox 2274 1059 2487 1099; x_wconf 90' lang='lat' dir='ltr'>similitudi-</span> 
     </span>
     <span class='ocr_line' id='line_1_45' title="bbox 1413 1109 2488 1169; baseline 0.006 -22"><span class='ocrx_word' id='word_1_288' title='bbox 1413 1122 1503 1147; x_wconf 88' lang='lat' dir='ltr'>nem</span> <span class='ocrx_word' id='word_1_289' title='bbox 1533 1109 1797 1169; x_wconf 82' lang='lat' dir='ltr'>imaginariam</span> <span class='ocrx_word' id='word_1_290' title='bbox 1817 1110 1915 1148; x_wconf 86' lang='lat' dir='ltr'>tertii</span> <span class='ocrx_word' id='word_1_291' title='bbox 1935 1110 2050 1148; x_wconf 89' lang='lat' dir='ltr'>caeli:</span> <span class='ocrx_word' id='word_1_292' title='bbox 2081 1110 2263 1161; x_wconf 80' lang='lat' dir='ltr'>alioquin,</span> <span class='ocrx_word' id='word_1_293' title='bbox 2283 1113 2315 1150; x_wconf 89' lang='lat' dir='ltr'>si</span> <span class='ocrx_word' id='word_1_294' title='bbox 2334 1114 2488 1152; x_wconf 90' lang='lat' dir='ltr'>tertium</span> 
     </span>
     <span class='ocr_line' id='line_1_46' title="bbox 1414 1163 2488 1217; baseline 0.007 -18"><span class='ocrx_word' id='word_1_295' title='bbox 1414 1164 1564 1200; x_wconf 89' lang='lat' dir='ltr'>caelum</span> <span class='ocrx_word' id='word_1_296' title='bbox 1593 1163 1809 1200; x_wconf 90' lang='lat' dir='ltr'>nominavit</span> <span class='ocrx_word' id='word_1_297' title='bbox 1827 1169 1840 1185; x_wconf 51' lang='grc' dir='ltr'>θ</span> <span class='ocrx_word' id='word_1_298' title='bbox 1868 1163 2099 1213; x_wconf 89' lang='lat' dir='ltr'>phantasma</span> <span class='ocrx_word' id='word_1_299' title='bbox 2132 1165 2231 1204; x_wconf 91' lang='lat' dir='ltr'>tertii</span> <span class='ocrx_word' id='word_1_300' title='bbox 2261 1167 2377 1215; x_wconf 89' lang='lat' dir='ltr'>caeli,</span> <span class='ocrx_word' id='word_1_301' title='bbox 2406 1167 2488 1217; x_wconf 87' lang='lat' dir='ltr'>pari</span> 
     </span>
     <span class='ocr_line' id='line_1_47' title="bbox 1414 1217 2491 1271; baseline 0.006 -18"><span class='ocrx_word' id='word_1_302' title='bbox 1414 1217 1559 1254; x_wconf 87' lang='lat' dir='ltr'>ratione</span> <span class='ocrx_word' id='word_1_303' title='bbox 1590 1217 1714 1254; x_wconf 89' lang='lat' dir='ltr'>dicere</span> <span class='ocrx_word' id='word_1_304' title='bbox 1743 1217 1867 1267; x_wconf 92' lang='lat' dir='ltr'>potuit</span> <span class='ocrx_word' id='word_1_305' title='bbox 1894 1230 1934 1254; x_wconf 92' lang='lat' dir='ltr'>se</span> <span class='ocrx_word' id='word_1_306' title='bbox 1964 1217 2003 1255; x_wconf 88' lang='lat' dir='ltr'>in</span> <span class='ocrx_word' id='word_1_307' title='bbox 2033 1231 2195 1268; x_wconf 90' lang='lat' dir='ltr'>corpore</span> <span class='ocrx_word' id='word_1_308' title='bbox 2224 1228 2390 1271; x_wconf 87' lang='lat' dir='ltr'>raptum,</span> <span class='ocrx_word' id='word_1_309' title='bbox 2421 1233 2491 1259; x_wconf 90' lang='lat' dir='ltr'>no-</span> 
     </span>
    </p>
   </div>
   <div class='ocr_carea' id='block_1_20' title="bbox 1386 1270 2492 1324">
    <p class='ocr_par' dir='ltr' id='par_1_21' title="bbox 1386 1270 2492 1324">
     <span class='ocr_line' id='line_1_48' title="bbox 1386 1270 2492 1324; baseline 0.006 -17"><span class='ocrx_word' id='word_1_310' title='bbox 1386 1286 1388 1294; x_wconf 67' lang='lat'>=</span> <span class='ocrx_word' id='word_1_311' title='bbox 1415 1270 1565 1308; x_wconf 87' lang='lat' dir='ltr'>minans</span> <span class='ocrx_word' id='word_1_312' title='bbox 1590 1283 1730 1320; x_wconf 90' lang='lat' dir='ltr'>corpus</span> <span class='ocrx_word' id='word_1_313' title='bbox 1758 1271 1902 1320; x_wconf 87' lang='lat' dir='ltr'>proprii</span> <span class='ocrx_word' id='word_1_314' title='bbox 1922 1272 2094 1322; x_wconf 91' lang='lat' dir='ltr'>corporis</span> <span class='ocrx_word' id='word_1_315' title='bbox 2115 1273 2357 1323; x_wconf 81' lang='lat' dir='ltr'>phantasma,</span> <span class='ocrx_word' id='word_1_316' title='bbox 2379 1276 2492 1324; x_wconf 87' lang='lat' dir='ltr'>quale</span> 
     </span>
    </p>
   </div>
   <div class='ocr_carea' id='block_1_21' title="bbox 1387 1323 2493 1432">
    <p class='ocr_par' dir='ltr' id='par_1_22' title="bbox 1387 1323 2493 1432">
     <span class='ocr_line' id='line_1_49' title="bbox 1387 1323 2492 1374; baseline 0.006 -14.182"><span class='ocrx_word' id='word_1_317' title='bbox 1387 1332 1572 1374; x_wconf 87' lang='lat' dir='ltr'>apparet</span> <span class='ocrx_word' id='word_1_318' title='bbox 1600 1324 1638 1362; x_wconf 89' lang='lat' dir='ltr'>in</span> <span class='ocrx_word' id='word_1_319' title='bbox 1667 1324 1838 1362; x_wconf 89' lang='lat' dir='ltr'>somniis.</span> <span class='ocrx_word' id='word_1_320' title='bbox 1870 1323 1910 1362; x_wconf 91' lang='lat' dir='ltr'>Si</span> <span class='ocrx_word' id='word_1_321' title='bbox 1929 1333 2059 1363; x_wconf 89' lang='lat' dir='ltr'>autern</span> <span class='ocrx_word' id='word_1_322' title='bbox 2079 1325 2224 1365; x_wconf 84' lang='lat' dir='ltr'>sciebat</span> <span class='ocrx_word' id='word_1_323' title='bbox 2253 1340 2335 1366; x_wconf 88' lang='lat' dir='ltr'>esse</span> <span class='ocrx_word' id='word_1_324' title='bbox 2363 1341 2457 1367; x_wconf 88' lang='lat' dir='ltr'>vere</span> <span class='ocrx_word' id='word_1_325' title='bbox 2479 1329 2492 1356; x_wconf 63' lang='grc' dir='ltr'><strong>ζ</strong></span> 
     </span>
     <span class='ocr_line' id='line_1_50' title="bbox 1415 1378 2493 1432; baseline 0.006 -18"><span class='ocrx_word' id='word_1_326' title='bbox 1415 1378 1566 1415; x_wconf 91' lang='lat' dir='ltr'>tertium</span> <span class='ocrx_word' id='word_1_327' title='bbox 1588 1379 1751 1425; x_wconf 90' lang='lat' dir='ltr'>caelum,</span> <span class='ocrx_word' id='word_1_328' title='bbox 1772 1378 1915 1416; x_wconf 88' lang='lat' dir='ltr'>sciebat</span> <span class='ocrx_word' id='word_1_329' title='bbox 1935 1391 2025 1428; x_wconf 88' lang='lat' dir='ltr'>ergo</span> <span class='ocrx_word' id='word_1_330' title='bbox 2046 1387 2175 1419; x_wconf 88' lang='lat' dir='ltr'>utrum</span> <span class='ocrx_word' id='word_1_331' title='bbox 2195 1389 2295 1419; x_wconf 90' lang='lat' dir='ltr'>esset</span> <span class='ocrx_word' id='word_1_332' title='bbox 2309 1387 2327 1410; x_wconf 70' lang='grc' dir='ltr'><strong>η</strong></span> <span class='ocrx_word' id='word_1_333' title='bbox 2347 1382 2493 1432; x_wconf 87' lang='lat' dir='ltr'>aliquid</span> 
     </span>
    </p>
   </div>
   <div class='ocr_carea' id='block_1_22' title="bbox 1388 1431 2503 1551">
    <p class='ocr_par' dir='ltr' id='par_1_23' title="bbox 1388 1431 2503 1539">
     <span class='ocr_line' id='line_1_51' title="bbox 1388 1431 2494 1492; baseline 0.006 -25"><span class='ocrx_word' id='word_1_334' title='bbox 1388 1449 1390 1482; x_wconf 37' lang='grc' dir='ltr'><strong>ᾗ</strong></span> <span class='ocrx_word' id='word_1_335' title='bbox 1416 1431 1607 1480; x_wconf 89' lang='lat' dir='ltr'>spirituale</span> <span class='ocrx_word' id='word_1_336' title='bbox 1638 1440 1674 1468; x_wconf 92' lang='lat' dir='ltr'>et</span> <span class='ocrx_word' id='word_1_337' title='bbox 1702 1432 1989 1492; x_wconf 89' lang='lat' dir='ltr'>incorporeum,</span> <span class='ocrx_word' id='word_1_338' title='bbox 2011 1441 2048 1470; x_wconf 92' lang='lat' dir='ltr'>et</span> <span class='ocrx_word' id='word_1_339' title='bbox 2067 1433 2120 1471; x_wconf 92' lang='lat' dir='ltr'>sic</span> <span class='ocrx_word' id='word_1_340' title='bbox 2139 1446 2220 1472; x_wconf 88' lang='lat' dir='ltr'>non</span> <span class='ocrx_word' id='word_1_341' title='bbox 2238 1443 2391 1485; x_wconf 86' lang='lat' dir='ltr'>poterat</span> <span class='ocrx_word' id='word_1_342' title='bbox 2411 1449 2494 1474; x_wconf 87' lang='lat' dir='ltr'>cor-</span> 
     </span>
     <span class='ocr_line' id='line_1_52' title="bbox 1416 1485 2503 1551; baseline 0.007 -31"><span class='ocrx_word' id='word_1_343' title='bbox 1416 1497 1488 1533; x_wconf 91' lang='lat' dir='ltr'>pus</span> <span class='ocrx_word' id='word_1_344' title='bbox 1518 1485 1598 1521; x_wconf 90' lang='lat' dir='ltr'>eius</span> <span class='ocrx_word' id='word_1_345' title='bbox 1627 1485 1713 1522; x_wconf 92' lang='lat' dir='ltr'>illuc</span> <span class='ocrx_word' id='word_1_346' title='bbox 1744 1485 1844 1535; x_wconf 86' lang='lat' dir='ltr'>rapi:</span> <span class='ocrx_word' id='word_1_347' title='bbox 1874 1493 1939 1523; x_wconf 87' lang='lat' dir='ltr'>aut</span> <span class='ocrx_word' id='word_1_348' title='bbox 1965 1495 2064 1524; x_wconf 89' lang='lat' dir='ltr'>esset</span> <span class='ocrx_word' id='word_1_349' title='bbox 2086 1487 2228 1547; x_wconf 81' lang='lat' dir='ltr'>aliquid</span> <span class='ocrx_word' id='word_1_350' title='bbox 2248 1501 2503 1551; x_wconf 74' lang='lat' dir='ltr'>corporeum,</span> 
     </span>
    </p>
   </div>
   <div class='ocr_carea' id='block_1_23' title="bbox 1418 1538 2494 1595">
    <p class='ocr_par' dir='ltr' id='par_1_24' title="bbox 1418 1538 2494 1595">
     <span class='ocr_line' id='line_1_53' title="bbox 1418 1538 2494 1595; baseline 0.007 -21"><span class='ocrx_word' id='word_1_351' title='bbox 1418 1546 1453 1575; x_wconf 91' lang='lat' dir='ltr'>et</span> <span class='ocrx_word' id='word_1_352' title='bbox 1482 1538 1535 1575; x_wconf 90' lang='lat' dir='ltr'>sic</span> <span class='ocrx_word' id='word_1_353' title='bbox 1564 1538 1694 1576; x_wconf 89' lang='lat' dir='ltr'>anima</span> <span class='ocrx_word' id='word_1_354' title='bbox 1723 1551 1802 1576; x_wconf 90' lang='lat' dir='ltr'>non</span> <span class='ocrx_word' id='word_1_355' title='bbox 1829 1547 1961 1588; x_wconf 91' lang='lat' dir='ltr'>posset</span> <span class='ocrx_word' id='word_1_356' title='bbox 1988 1540 2077 1578; x_wconf 89' lang='lat' dir='ltr'>illuc</span> <span class='ocrx_word' id='word_1_357' title='bbox 2105 1541 2186 1579; x_wconf 91' lang='lat' dir='ltr'>sine</span> <span class='ocrx_word' id='word_1_358' title='bbox 2210 1554 2374 1592; x_wconf 90' lang='lat' dir='ltr'>corpore</span> <span class='ocrx_word' id='word_1_359' title='bbox 2397 1543 2494 1595; x_wconf 89' lang='lat' dir='ltr'>rapi,</span> 
     </span>
    </p>
   </div>
   <div class='ocr_carea' id='block_1_24' title="bbox 1389 1591 2013 1642">
    <p class='ocr_par' dir='ltr' id='par_1_25' title="bbox 1389 1591 2013 1642">
     <span class='ocr_line' id='line_1_54' title="bbox 1389 1591 2013 1642; baseline 0.002 -13"><span class='ocrx_word' id='word_1_360' title='bbox 1389 1600 1391 1640; x_wconf 54' lang='grc' dir='ltr'>ἶ</span> <span class='ocrx_word' id='word_1_361' title='bbox 1417 1591 1487 1629; x_wconf 75' lang='lat' dir='ltr'>nisi</span> <span class='ocrx_word' id='word_1_362' title='bbox 1517 1600 1757 1640; x_wconf 75' lang='lat' dir='ltr'>separaretur</span> <span class='ocrx_word' id='word_1_363' title='bbox 1786 1605 1808 1629; x_wconf 77' lang='lat' dir='ltr'>a</span> <span class='ocrx_word' id='word_1_364' title='bbox 1838 1605 2013 1642; x_wconf 79' lang='lat' dir='ltr'>corpore.</span> 
     </span>
    </p>
   </div>
   <div class='ocr_carea' id='block_1_25' title="bbox 1472 1645 2496 1695">
    <p class='ocr_par' dir='ltr' id='par_1_26' title="bbox 1472 1645 2496 1695">
     <span class='ocr_line' id='line_1_55' title="bbox 1472 1645 2496 1695; baseline 0.006 -13"><span class='ocrx_word' id='word_1_365' title='bbox 1472 1645 1520 1682; x_wconf 90' lang='lat' dir='ltr'>Et</span> <span class='ocrx_word' id='word_1_366' title='bbox 1558 1646 1645 1683; x_wconf 91' lang='lat' dir='ltr'>ideo</span> <span class='ocrx_word' id='word_1_367' title='bbox 1680 1653 1831 1695; x_wconf 90' lang='lat' dir='ltr'>oportet</span> <span class='ocrx_word' id='word_1_368' title='bbox 1860 1647 2075 1684; x_wconf 88' lang='lat' dir='ltr'>secundum</span> <span class='ocrx_word' id='word_1_369' title='bbox 2104 1648 2222 1686; x_wconf 89' lang='lat' dir='ltr'>alium</span> <span class='ocrx_word' id='word_1_370' title='bbox 2251 1661 2411 1687; x_wconf 90' lang='lat' dir='ltr'>sensum</span> <span class='ocrx_word' id='word_1_371' title='bbox 2440 1650 2496 1692; x_wconf 78' lang='lat' dir='ltr'>in-</span> 
     </span>
    </p>
   </div>
   <div class='ocr_carea' id='block_1_26' title="bbox 295 1699 2507 1813">
    <p class='ocr_par' dir='ltr' id='par_1_27' title="bbox 295 1699 2507 1804">
     <span class='ocr_line' id='line_1_56' title="bbox 1418 1699 2507 1751; baseline 0.007 -16.806"><span class='ocrx_word' id='word_1_372' title='bbox 1418 1699 1602 1746; x_wconf 87' lang='lat' dir='ltr'>telligere:</span> <span class='ocrx_word' id='word_1_373' title='bbox 1633 1706 1673 1736; x_wconf 91' lang='lat' dir='ltr'>ut</span> <span class='ocrx_word' id='word_1_374' title='bbox 1701 1699 1842 1736; x_wconf 91' lang='lat' dir='ltr'>scilicet</span> <span class='ocrx_word' id='word_1_375' title='bbox 1869 1702 2082 1749; x_wconf 89' lang='lat' dir='ltr'>Apostolus</span> <span class='ocrx_word' id='word_1_376' title='bbox 2110 1701 2263 1740; x_wconf 86' lang='lat' dir='ltr'>sciverit</span> <span class='ocrx_word' id='word_1_377' title='bbox 2291 1703 2399 1751; x_wconf 90' lang='lat' dir='ltr'>quod</span> <span class='ocrx_word' id='word_1_378' title='bbox 2427 1699 2507 1742; x_wconf 63' lang='lat' dir='ltr'>fuit&#39;</span> 
     </span>
     <span class='ocr_line' id='line_1_57' title="bbox 295 1750 2502 1813; baseline -0.003 -20"><span class='ocrx_word' id='word_1_379' title='bbox 295 1769 373 1794; x_wconf 91' lang='lat' dir='ltr'>non</span> <span class='ocrx_word' id='word_1_380' title='bbox 408 1762 532 1804; x_wconf 91' lang='lat' dir='ltr'>potest</span> <span class='ocrx_word' id='word_1_381' title='bbox 568 1754 652 1792; x_wconf 88' lang='lat' dir='ltr'>fieri</span> <span class='ocrx_word' id='word_1_382' title='bbox 686 1754 755 1790; x_wconf 92' lang='lat' dir='ltr'>nisi</span> <span class='ocrx_word' id='word_1_383' title='bbox 790 1765 858 1802; x_wconf 91' lang='lat' dir='ltr'>per</span> <span class='ocrx_word' id='word_1_384' title='bbox 892 1766 1043 1813; x_wconf 59' lang='lat' dir='ltr'>corpus</span> <span class='ocrx_word' id='word_1_385' title='bbox 1082 1754 1185 1801; x_wconf 90' lang='lat' dir='ltr'>Ergo</span> <span class='ocrx_word' id='word_1_386' title='bbox 1213 1750 1393 1790; x_wconf 61' lang='lat' dir='ltr'>videtur*</span> <span class='ocrx_word' id='word_1_387' title='bbox 2500 1752 2502 1754; x_wconf 82' lang='grc'><strong>’</strong></span> 
     </span>
    </p>
   </div>
   <div class='ocr_carea' id='block_1_27' title="bbox 1421 1752 2495 1800">
    <p class='ocr_par' dir='ltr' id='par_1_28' title="bbox 1421 1752 2495 1800">
     <span class='ocr_line' id='line_1_58' title="bbox 1421 1752 2495 1800; baseline 0.007 -12"><span class='ocrx_word' id='word_1_388' title='bbox 1421 1759 1550 1800; x_wconf 91' lang='lat' dir='ltr'>raptus</span> <span class='ocrx_word' id='word_1_389' title='bbox 1578 1752 1793 1790; x_wconf 88' lang='lat' dir='ltr'>secundum</span> <span class='ocrx_word' id='word_1_390' title='bbox 1823 1755 1993 1791; x_wconf 88' lang='lat' dir='ltr'>animam</span> <span class='ocrx_word' id='word_1_391' title='bbox 2022 1762 2058 1792; x_wconf 90' lang='lat' dir='ltr'>et</span> <span class='ocrx_word' id='word_1_392' title='bbox 2077 1767 2156 1792; x_wconf 91' lang='lat' dir='ltr'>non</span> <span class='ocrx_word' id='word_1_393' title='bbox 2176 1757 2391 1794; x_wconf 90' lang='lat' dir='ltr'>secundum</span> <span class='ocrx_word' id='word_1_394' title='bbox 2412 1769 2495 1796; x_wconf 76' lang='lat' dir='ltr'>cor·-</span> 
     </span>
    </p>
   </div>
   <div class='ocr_carea' id='block_1_28' title="bbox 1419 1805 2496 1912">
    <p class='ocr_par' dir='ltr' id='par_1_29' title="bbox 1419 1805 2496 1912">
     <span class='ocr_line' id='line_1_59' title="bbox 1419 1805 2496 1855; baseline 0.008 -15"><span class='ocrx_word' id='word_1_395' title='bbox 1419 1816 1510 1853; x_wconf 89' lang='lat' dir='ltr'>pus;</span> <span class='ocrx_word' id='word_1_396' title='bbox 1532 1805 1733 1842; x_wconf 89' lang='lat' dir='ltr'>nesciverit</span> <span class='ocrx_word' id='word_1_397' title='bbox 1750 1813 1881 1844; x_wconf 89' lang='lat' dir='ltr'>tamen</span> <span class='ocrx_word' id='word_1_398' title='bbox 1895 1807 2058 1855; x_wconf 87' lang='lat' dir='ltr'>qualiter</span> <span class='ocrx_word' id='word_1_399' title='bbox 2072 1822 2113 1846; x_wconf 89' lang='lat' dir='ltr'>se</span> <span class='ocrx_word' id='word_1_400' title='bbox 2127 1809 2287 1847; x_wconf 90' lang='lat' dir='ltr'>haberet</span> <span class='ocrx_word' id='word_1_401' title='bbox 2301 1810 2432 1848; x_wconf 78' lang='lat' dir='ltr'>anima</span> <span class='ocrx_word' id='word_1_402' title='bbox 2446 1811 2496 1850; x_wconf 86' lang='lat' dir='ltr'>ad</span> 
     </span>
     <span class='ocr_line' id='line_1_60' title="bbox 1421 1858 2495 1912; baseline 0.008 -18"><span class='ocrx_word' id='word_1_403' title='bbox 1421 1869 1573 1906; x_wconf 87' lang='lat' dir='ltr'>corpus,</span> <span class='ocrx_word' id='word_1_404' title='bbox 1595 1867 1722 1896; x_wconf 90' lang='lat' dir='ltr'>utrum</span> <span class='ocrx_word' id='word_1_405' title='bbox 1743 1858 1884 1896; x_wconf 90' lang='lat' dir='ltr'>scilicet</span> <span class='ocrx_word' id='word_1_406' title='bbox 1906 1859 2017 1898; x_wconf 83' lang='lat' dir='ltr'>fuerit</span> <span class='ocrx_word' id='word_1_407' title='bbox 2036 1861 2118 1899; x_wconf 90' lang='lat' dir='ltr'>sine</span> <span class='ocrx_word' id='word_1_408' title='bbox 2139 1875 2303 1912; x_wconf 87' lang='lat' dir='ltr'>corpore</span> <span class='ocrx_word' id='word_1_409' title='bbox 2320 1865 2384 1902; x_wconf 78' lang='lat' dir='ltr'>vel</span> <span class='ocrx_word' id='word_1_410' title='bbox 2402 1877 2495 1902; x_wconf 90' lang='lat' dir='ltr'>non.</span> 
     </span>
    </p>
   </div>
   <div class='ocr_carea' id='block_1_29' title="bbox 1384 933 1396 1994">
    <p class='ocr_par' dir='ltr' id='par_1_30' title="bbox 1384 933 1396 1994">
     <span class='ocr_line' id='line_1_61' title="bbox 1384 933 1396 1994; baseline 0 0"><span class='ocrx_word' id='word_1_411' title='bbox 1384 933 1396 1994; x_wconf 95' lang='lat' dir='ltr'> </span> 
     </span>
    </p>
   </div>
   <div class='ocr_carea' id='block_1_30' title="bbox 290 1965 1396 3460">
    <p class='ocr_par' dir='ltr' id='par_1_31' title="bbox 294 1965 1367 2220">
     <span class='ocr_line' id='line_1_62' title="bbox 298 1965 1366 2017; baseline -0.002 -12"><span class='ocrx_word' id='word_1_412' title='bbox 298 1969 390 2005; x_wconf 86' lang='lat' dir='ltr'>Gen.</span> <span class='ocrx_word' id='word_1_413' title='bbox 407 1969 458 2005; x_wconf 85' lang='lat' dir='ltr'>ad</span> <span class='ocrx_word' id='word_1_414' title='bbox 471 1967 535 2004; x_wconf 86' lang='lat' dir='ltr'>litt.</span> <span class='ocrx_word' id='word_1_415' title='bbox 547 1967 579 2013; x_wconf 66' lang='lat'>²⁸,</span> <span class='ocrx_word' id='word_1_416' title='bbox 596 1967 677 2017; x_wconf 90' lang='lat' dir='ltr'>ipse</span> <span class='ocrx_word' id='word_1_417' title='bbox 698 1965 735 2003; x_wconf 92' lang='lat' dir='ltr'>in</span> <span class='ocrx_word' id='word_1_418' title='bbox 758 1975 867 2016; x_wconf 89' lang='lat' dir='ltr'>raptu</span> <span class='ocrx_word' id='word_1_419' title='bbox 882 1966 977 2003; x_wconf 88' lang='lat' dir='ltr'>vidit</span> <span class='ocrx_word' id='word_1_420' title='bbox 996 1965 1058 2003; x_wconf 94' lang='lat' dir='ltr'>illa</span> <span class='ocrx_word' id='word_1_421' title='bbox 1072 1966 1220 2004; x_wconf 89' lang='lat' dir='ltr'>visione</span> <span class='ocrx_word' id='word_1_422' title='bbox 1237 1967 1366 2004; x_wconf 89' lang='lat' dir='ltr'>Deum</span> 
     </span>
     <span class='ocr_line' id='line_1_63' title="bbox 294 2020 1366 2071; baseline -0.002 -13"><span class='ocrx_word' id='word_1_423' title='bbox 294 2035 370 2071; x_wconf 89' lang='lat' dir='ltr'>qua</span> <span class='ocrx_word' id='word_1_424' title='bbox 397 2021 529 2059; x_wconf 90' lang='lat' dir='ltr'>vident</span> <span class='ocrx_word' id='word_1_425' title='bbox 557 2021 675 2058; x_wconf 89' lang='lat' dir='ltr'>sancti</span> <span class='ocrx_word' id='word_1_426' title='bbox 704 2020 742 2056; x_wconf 93' lang='lat' dir='ltr'>in</span> <span class='ocrx_word' id='word_1_427' title='bbox 771 2020 903 2070; x_wconf 88' lang='lat' dir='ltr'>patria.</span> <span class='ocrx_word' id='word_1_428' title='bbox 945 2020 1022 2058; x_wconf 91' lang='lat' dir='ltr'>Sed</span> <span class='ocrx_word' id='word_1_429' title='bbox 1052 2020 1186 2067; x_wconf 88' lang='lat' dir='ltr'>sancti,</span> <span class='ocrx_word' id='word_1_430' title='bbox 1218 2032 1262 2057; x_wconf 88' lang='lat' dir='ltr'>ex</span> <span class='ocrx_word' id='word_1_431' title='bbox 1291 2020 1366 2057; x_wconf 94' lang='lat' dir='ltr'>hoc</span> 
     </span>
     <span class='ocr_line' id='line_1_64' title="bbox 294 2073 1366 2124; baseline -0.001 -12"><span class='ocrx_word' id='word_1_432' title='bbox 294 2076 378 2124; x_wconf 89' lang='lat' dir='ltr'>ipso</span> <span class='ocrx_word' id='word_1_433' title='bbox 408 2074 514 2124; x_wconf 90' lang='lat' dir='ltr'>quod</span> <span class='ocrx_word' id='word_1_434' title='bbox 542 2074 674 2112; x_wconf 90' lang='lat' dir='ltr'>vident</span> <span class='ocrx_word' id='word_1_435' title='bbox 702 2075 851 2121; x_wconf 86' lang='lat' dir='ltr'>Deum,</span> <span class='ocrx_word' id='word_1_436' title='bbox 881 2073 1005 2111; x_wconf 92' lang='lat' dir='ltr'>sciunt</span> <span class='ocrx_word' id='word_1_437' title='bbox 1037 2086 1086 2111; x_wconf 92' lang='lat' dir='ltr'>an</span> <span class='ocrx_word' id='word_1_438' title='bbox 1120 2074 1272 2111; x_wconf 86' lang='lat' dir='ltr'>animae</span> <span class='ocrx_word' id='word_1_439' title='bbox 1303 2086 1366 2111; x_wconf 90' lang='lat' dir='ltr'>eo-</span> 
     </span>
     <span class='ocr_line' id='line_1_65' title="bbox 294 2127 1367 2177; baseline -0.002 -11"><span class='ocrx_word' id='word_1_440' title='bbox 294 2142 378 2166; x_wconf 91' lang='lat' dir='ltr'>rum</span> <span class='ocrx_word' id='word_1_441' title='bbox 409 2129 481 2166; x_wconf 90' lang='lat' dir='ltr'>sint</span> <span class='ocrx_word' id='word_1_442' title='bbox 510 2141 531 2165; x_wconf 90' lang='lat' dir='ltr'>a</span> <span class='ocrx_word' id='word_1_443' title='bbox 561 2128 786 2177; x_wconf 89' lang='lat' dir='ltr'>corporibus</span> <span class='ocrx_word' id='word_1_444' title='bbox 806 2135 1014 2177; x_wconf 89' lang='lat' dir='ltr'>separatae.</span> <span class='ocrx_word' id='word_1_445' title='bbox 1046 2127 1149 2175; x_wconf 89' lang='lat' dir='ltr'>Ergo</span> <span class='ocrx_word' id='word_1_446' title='bbox 1171 2135 1206 2164; x_wconf 91' lang='lat' dir='ltr'>et</span> <span class='ocrx_word' id='word_1_447' title='bbox 1226 2128 1367 2164; x_wconf 85' lang='lat' dir='ltr'>Paulus</span> 
     </span>
     <span class='ocr_line' id='line_1_66' title="bbox 294 2181 518 2220; baseline 0 -1"><span class='ocrx_word' id='word_1_448' title='bbox 294 2184 369 2219; x_wconf 92' lang='lat' dir='ltr'>hoc</span> <span class='ocrx_word' id='word_1_449' title='bbox 399 2181 518 2220; x_wconf 86' lang='lat' dir='ltr'>scivit.</span> 
     </span>
    </p>

    <p class='ocr_par' dir='ltr' id='par_1_32' title="bbox 295 2234 1368 2380">
     <span class='ocr_line' id='line_1_67' title="bbox 351 2234 1366 2284; baseline -0.003 -11"><span class='ocrx_word' id='word_1_450' title='bbox 351 2237 424 2273; x_wconf 82' lang='lat' dir='ltr'>SED</span> <span class='ocrx_word' id='word_1_451' title='bbox 455 2247 602 2272; x_wconf 79' lang='lat' dir='ltr'>CONTRA</span> <span class='ocrx_word' id='word_1_452' title='bbox 628 2247 694 2272; x_wconf 79' lang='lat' dir='ltr'>EST</span> <span class='ocrx_word' id='word_1_453' title='bbox 723 2235 829 2284; x_wconf 88' lang='lat' dir='ltr'>quod</span> <span class='ocrx_word' id='word_1_454' title='bbox 859 2234 993 2272; x_wconf 88' lang='lat' dir='ltr'>dicitur</span> <span class='ocrx_word' id='word_1_455' title='bbox 1022 2236 1054 2271; x_wconf 94' lang='lat' dir='ltr'>II</span> <span class='ocrx_word' id='word_1_456' title='bbox 1074 2235 1126 2271; x_wconf 87' lang='lat' dir='ltr'>ad</span> <span class='ocrx_word' id='word_1_457' title='bbox 1148 2234 1236 2271; x_wconf 88' lang='lat' dir='ltr'>Cor.</span> <span class='ocrx_word' id='word_1_458' title='bbox 1257 2246 1306 2271; x_wconf 86' lang='lat' dir='ltr'>xu</span> <span class='ocrx_word' id='word_1_459' title='bbox 1326 2235 1366 2271; x_wconf 71' lang='grc' dir='ltr'>*ε</span> 
     </span>
     <span class='ocr_line' id='line_1_68' title="bbox 296 2288 1368 2338; baseline -0.002 -12"><span class='ocrx_word' id='word_1_460' title='bbox 296 2290 382 2326; x_wconf 82' lang='lat' dir='ltr'>Sive</span> <span class='ocrx_word' id='word_1_461' title='bbox 409 2290 446 2326; x_wconf 88' lang='lat' dir='ltr'>in</span> <span class='ocrx_word' id='word_1_462' title='bbox 477 2301 636 2338; x_wconf 86' lang='lat' dir='ltr'>corpore</span> <span class='ocrx_word' id='word_1_463' title='bbox 663 2289 741 2325; x_wconf 79' lang='lat' dir='ltr'>sive</span> <span class='ocrx_word' id='word_1_464' title='bbox 768 2294 878 2325; x_wconf 87' lang='lat' dir='ltr'>extra</span> <span class='ocrx_word' id='word_1_465' title='bbox 906 2299 1060 2336; x_wconf 86' lang='lat' dir='ltr'>corpus,</span> <span class='ocrx_word' id='word_1_466' title='bbox 1090 2288 1234 2324; x_wconf 87' lang='lat' dir='ltr'>nescio:</span> <span class='ocrx_word' id='word_1_467' title='bbox 1263 2288 1368 2324; x_wconf 87' lang='lat' dir='ltr'>Deus</span> 
     </span>
     <span class='ocr_line' id='line_1_69' title="bbox 295 2344 374 2380; baseline 0.013 -1"><span class='ocrx_word' id='word_1_468' title='bbox 295 2344 374 2380; x_wconf 87' lang='lat' dir='ltr'>scit.</span> 
     </span>
    </p>

    <p class='ocr_par' dir='ltr' id='par_1_33' title="bbox 290 2393 1396 3460">
     <span class='ocr_line' id='line_1_70' title="bbox 351 2393 1368 2443; baseline -0.002 -11"><span class='ocrx_word' id='word_1_469' title='bbox 351 2397 578 2432; x_wconf 80' lang='lat' dir='ltr'>RESPONnEo</span> <span class='ocrx_word' id='word_1_470' title='bbox 617 2406 803 2432; x_wconf 84' lang='lat' dir='ltr'>D1CENDUM</span> <span class='ocrx_word' id='word_1_471' title='bbox 840 2393 946 2442; x_wconf 86' lang='lat' dir='ltr'>quod</span> <span class='ocrx_word' id='word_1_472' title='bbox 983 2393 1096 2430; x_wconf 92' lang='lat' dir='ltr'>huius</span> <span class='ocrx_word' id='word_1_473' title='bbox 1135 2393 1368 2443; x_wconf 90' lang='lat' dir='ltr'>quaestionis</span> 
     </span>
     <span class='ocr_line' id='line_1_71' title="bbox 296 2446 1367 2497; baseline -0.002 -11"><span class='ocrx_word' id='word_1_474' title='bbox 296 2450 498 2486; x_wconf 88' lang='lat' dir='ltr'>veritatem</span> <span class='ocrx_word' id='word_1_475' title='bbox 519 2448 692 2497; x_wconf 91' lang='lat' dir='ltr'>accipere</span> <span class='ocrx_word' id='word_1_476' title='bbox 713 2455 864 2497; x_wconf 89' lang='lat' dir='ltr'>oportet</span> <span class='ocrx_word' id='word_1_477' title='bbox 893 2459 938 2484; x_wconf 85' lang='lat' dir='ltr'>ex</span> <span class='ocrx_word' id='word_1_478' title='bbox 967 2446 1057 2496; x_wconf 90' lang='lat' dir='ltr'>ipsis</span> <span class='ocrx_word' id='word_1_479' title='bbox 1085 2447 1260 2496; x_wconf 91' lang='lat' dir='ltr'>Apostoli</span> <span class='ocrx_word' id='word_1_480' title='bbox 1282 2459 1367 2484; x_wconf 88' lang='lat' dir='ltr'>ver-</span> 
     </span>
     <span class='ocr_line' id='line_1_72' title="bbox 297 2500 1368 2551; baseline -0.001 -12"><span class='ocrx_word' id='word_1_481' title='bbox 297 2503 374 2540; x_wconf 91' lang='lat' dir='ltr'>bis:</span> <span class='ocrx_word' id='word_1_482' title='bbox 405 2502 544 2551; x_wconf 86' lang='lat' dir='ltr'>quibus</span> <span class='ocrx_word' id='word_1_483' title='bbox 574 2501 662 2539; x_wconf 91' lang='lat' dir='ltr'>dicit</span> <span class='ocrx_word' id='word_1_484' title='bbox 690 2514 730 2538; x_wconf 91' lang='lat' dir='ltr'>se</span> <span class='ocrx_word' id='word_1_485' title='bbox 760 2501 902 2550; x_wconf 90' lang='lat' dir='ltr'>aliquid</span> <span class='ocrx_word' id='word_1_486' title='bbox 931 2500 1038 2547; x_wconf 88' lang='lat' dir='ltr'>scire,</span> <span class='ocrx_word' id='word_1_487' title='bbox 1069 2500 1209 2538; x_wconf 90' lang='lat' dir='ltr'>scilicet</span> <span class='ocrx_word' id='word_1_488' title='bbox 1237 2513 1278 2538; x_wconf 90' lang='lat' dir='ltr'>se</span> <span class='ocrx_word' id='word_1_489' title='bbox 1306 2513 1368 2538; x_wconf 88' lang='lat' dir='ltr'>ra-</span> 
     </span>
     <span class='ocr_line' id='line_1_73' title="bbox 290 2554 1367 2604; baseline 0 -12"><span class='ocrx_word' id='word_1_490' title='bbox 290 2562 400 2604; x_wconf 88' lang='lat' dir='ltr'>ptum</span> <span class='ocrx_word' id='word_1_491' title='bbox 435 2568 514 2593; x_wconf 88' lang='lat' dir='ltr'>esse</span> <span class='ocrx_word' id='word_1_492' title='bbox 549 2567 665 2604; x_wconf 84' lang='lat' dir='ltr'>usque</span> <span class='ocrx_word' id='word_1_493' title='bbox 692 2555 744 2592; x_wconf 83' lang='lat' dir='ltr'>ad</span> <span class='ocrx_word' id='word_1_494' title='bbox 769 2555 919 2592; x_wconf 87' lang='lat' dir='ltr'>tertium</span> <span class='ocrx_word' id='word_1_495' title='bbox 948 2554 1118 2599; x_wconf 85' lang='lat' dir='ltr'>caelum;</span> <span class='ocrx_word' id='word_1_496' title='bbox 1157 2562 1193 2591; x_wconf 92' lang='lat' dir='ltr'>et</span> <span class='ocrx_word' id='word_1_497' title='bbox 1225 2554 1367 2603; x_wconf 91' lang='lat' dir='ltr'>aliquid</span> 
     </span>
     <span class='ocr_line' id='line_1_74' title="bbox 297 2608 1395 2657; baseline -0.002 -11"><span class='ocrx_word' id='word_1_498' title='bbox 297 2609 455 2657; x_wconf 90' lang='lat' dir='ltr'>nescire,</span> <span class='ocrx_word' id='word_1_499' title='bbox 476 2608 616 2646; x_wconf 89' lang='lat' dir='ltr'>scilicet</span> <span class='ocrx_word' id='word_1_500' title='bbox 645 2614 771 2646; x_wconf 85' lang='lat' dir='ltr'>utrum</span> <span class='ocrx_word' id='word_1_501' title='bbox 800 2609 837 2645; x_wconf 88' lang='lat' dir='ltr'>in</span> <span class='ocrx_word' id='word_1_502' title='bbox 867 2619 1027 2656; x_wconf 83' lang='lat' dir='ltr'>corpore</span> <span class='ocrx_word' id='word_1_503' title='bbox 1054 2614 1120 2644; x_wconf 86' lang='lat' dir='ltr'>aut</span> <span class='ocrx_word' id='word_1_504' title='bbox 1147 2613 1257 2645; x_wconf 84' lang='lat' dir='ltr'>extra</span> <span class='ocrx_word' id='word_1_505' title='bbox 1286 2620 1368 2645; x_wconf 87' lang='lat' dir='ltr'>cor·</span> <span class='ocrx_word' id='word_1_506' title='bbox 1393 2621 1395 2642; x_wconf 75' lang='lat'>1</span> 
     </span>
     <span class='ocr_line' id='line_1_75' title="bbox 290 2660 1395 2712; baseline -0.001 -12"><span class='ocrx_word' id='word_1_507' title='bbox 290 2675 375 2711; x_wconf 84' lang='lat' dir='ltr'>pus.</span> <span class='ocrx_word' id='word_1_508' title='bbox 407 2663 523 2710; x_wconf 88' lang='lat' dir='ltr'>Quod</span> <span class='ocrx_word' id='word_1_509' title='bbox 545 2662 702 2712; x_wconf 89' lang='lat' dir='ltr'>quidem</span> <span class='ocrx_word' id='word_1_510' title='bbox 721 2669 846 2712; x_wconf 89' lang='lat' dir='ltr'>potest</span> <span class='ocrx_word' id='word_1_511' title='bbox 866 2661 1065 2711; x_wconf 89' lang='lat' dir='ltr'>dupliciter</span> <span class='ocrx_word' id='word_1_512' title='bbox 1084 2660 1248 2710; x_wconf 86' lang='lat' dir='ltr'>intelligi.</span> <span class='ocrx_word' id='word_1_513' title='bbox 1278 2661 1366 2699; x_wconf 94' lang='lat' dir='ltr'>Uno</span> <span class='ocrx_word' id='word_1_514' title='bbox 1394 2662 1395 2694; x_wconf 67' lang='lat' dir='ltr'>l</span> 
     </span>
     <span class='ocr_line' id='line_1_76' title="bbox 297 2715 1368 2765; baseline -0.002 -11"><span class='ocrx_word' id='word_1_515' title='bbox 297 2716 428 2763; x_wconf 88' lang='lat' dir='ltr'>modo,</span> <span class='ocrx_word' id='word_1_516' title='bbox 459 2724 499 2753; x_wconf 89' lang='lat' dir='ltr'>ut</span> <span class='ocrx_word' id='word_1_517' title='bbox 526 2717 602 2754; x_wconf 91' lang='lat' dir='ltr'>hoc</span> <span class='ocrx_word' id='word_1_518' title='bbox 629 2716 736 2765; x_wconf 91' lang='lat' dir='ltr'>quod</span> <span class='ocrx_word' id='word_1_519' title='bbox 765 2716 912 2762; x_wconf 90' lang='lat' dir='ltr'>dicitur,</span> <span class='ocrx_word' id='word_1_520' title='bbox 930 2715 1009 2753; x_wconf 80' lang='lat' dir='ltr'>sive</span> <span class='ocrx_word' id='word_1_521' title='bbox 1037 2715 1074 2752; x_wconf 89' lang='lat' dir='ltr'>in</span> <span class='ocrx_word' id='word_1_522' title='bbox 1104 2726 1264 2764; x_wconf 82' lang='lat' dir='ltr'>corpore</span> <span class='ocrx_word' id='word_1_523' title='bbox 1290 2715 1368 2752; x_wconf 80' lang='lat' dir='ltr'>sive</span> 
     </span>
     <span class='ocr_line' id='line_1_77' title="bbox 296 2768 1395 2818; baseline -0.002 -11"><span class='ocrx_word' id='word_1_524' title='bbox 296 2776 405 2807; x_wconf 88' lang='lat' dir='ltr'>extra</span> <span class='ocrx_word' id='word_1_525' title='bbox 435 2782 592 2818; x_wconf 85' lang='lat' dir='ltr'>corpus,</span> <span class='ocrx_word' id='word_1_526' title='bbox 622 2783 702 2807; x_wconf 93' lang='lat' dir='ltr'>non</span> <span class='ocrx_word' id='word_1_527' title='bbox 735 2770 917 2807; x_wconf 89' lang='lat' dir='ltr'>referatur</span> <span class='ocrx_word' id='word_1_528' title='bbox 953 2769 1002 2807; x_wconf 92' lang='lat' dir='ltr'>ad</span> <span class='ocrx_word' id='word_1_529' title='bbox 1031 2768 1158 2817; x_wconf 90' lang='lat' dir='ltr'>ipsum</span> <span class='ocrx_word' id='word_1_530' title='bbox 1189 2781 1271 2806; x_wconf 92' lang='lat' dir='ltr'>esse</span> <span class='ocrx_word' id='word_1_531' title='bbox 1299 2769 1368 2806; x_wconf 88' lang='lat' dir='ltr'>ho·</span> <span class='ocrx_word' id='word_1_532' title='bbox 1394 2785 1395 2804; x_wconf 52' lang='grc' dir='ltr'><strong>ι</strong></span> 
     </span>
     <span class='ocr_line' id='line_1_78' title="bbox 297 2819 1395 2873; baseline -0.001 -13"><span class='ocrx_word' id='word_1_533' title='bbox 297 2824 409 2861; x_wconf 84' lang='lat' dir='ltr'>minis</span> <span class='ocrx_word' id='word_1_534' title='bbox 431 2824 538 2873; x_wconf 86' lang='lat' dir='ltr'>rapti,</span> <span class='ocrx_word' id='word_1_535' title='bbox 570 2824 677 2872; x_wconf 89' lang='lat' dir='ltr'>quasi</span> <span class='ocrx_word' id='word_1_536' title='bbox 698 2822 929 2872; x_wconf 87' lang='lat' dir='ltr'>ignoraverit</span> <span class='ocrx_word' id='word_1_537' title='bbox 948 2835 997 2860; x_wconf 88' lang='lat' dir='ltr'>an</span> <span class='ocrx_word' id='word_1_538' title='bbox 1017 2822 1147 2872; x_wconf 88' lang='lat' dir='ltr'>anima</span> <span class='ocrx_word' id='word_1_539' title='bbox 1168 2822 1249 2860; x_wconf 91' lang='lat' dir='ltr'>eius</span> <span class='ocrx_word' id='word_1_540' title='bbox 1269 2830 1368 2859; x_wconf 89' lang='lat' dir='ltr'>esset</span> <span class='ocrx_word' id='word_1_541' title='bbox 1394 2819 1395 2840; x_wconf 72' lang='lat'>³</span> 
     </span>
     <span class='ocr_line' id='line_1_79' title="bbox 297 2876 1395 2926; baseline 0 -12"><span class='ocrx_word' id='word_1_542' title='bbox 297 2877 334 2914; x_wconf 93' lang='lat' dir='ltr'>in</span> <span class='ocrx_word' id='word_1_543' title='bbox 364 2890 525 2926; x_wconf 89' lang='lat' dir='ltr'>corpore</span> <span class='ocrx_word' id='word_1_544' title='bbox 554 2878 616 2914; x_wconf 90' lang='lat' dir='ltr'>vel</span> <span class='ocrx_word' id='word_1_545' title='bbox 645 2890 743 2914; x_wconf 88' lang='lat' dir='ltr'>non:</span> <span class='ocrx_word' id='word_1_546' title='bbox 779 2877 848 2914; x_wconf 91' lang='lat' dir='ltr'>sed</span> <span class='ocrx_word' id='word_1_547' title='bbox 877 2877 922 2914; x_wconf 87' lang='lat' dir='ltr'>ad</span> <span class='ocrx_word' id='word_1_548' title='bbox 954 2876 1117 2914; x_wconf 89' lang='lat' dir='ltr'>modum</span> <span class='ocrx_word' id='word_1_549' title='bbox 1146 2884 1296 2924; x_wconf 86' lang='lat' dir='ltr'>raptus,</span> <span class='ocrx_word' id='word_1_550' title='bbox 1326 2883 1368 2913; x_wconf 93' lang='lat' dir='ltr'>ut</span> <span class='ocrx_word' id='word_1_551' title='bbox 1394 2889 1395 2914; x_wconf 57' lang='lat' dir='ltr'>l</span> 
     </span>
     <span class='ocr_line' id='line_1_80' title="bbox 297 2928 1367 2979; baseline -0.001 -12"><span class='ocrx_word' id='word_1_552' title='bbox 297 2931 437 2967; x_wconf 86' lang='lat' dir='ltr'>scilicet</span> <span class='ocrx_word' id='word_1_553' title='bbox 456 2936 471 2959; x_wconf 76' lang='grc' dir='ltr'><strong>Υ</strong></span> <span class='ocrx_word' id='word_1_554' title='bbox 501 2930 731 2979; x_wconf 89' lang='lat' dir='ltr'>ignoraverit</span> <span class='ocrx_word' id='word_1_555' title='bbox 759 2943 807 2967; x_wconf 88' lang='lat' dir='ltr'>an</span> <span class='ocrx_word' id='word_1_556' title='bbox 837 2942 975 2979; x_wconf 88' lang='lat' dir='ltr'>corpus</span> <span class='ocrx_word' id='word_1_557' title='bbox 1005 2930 1086 2967; x_wconf 91' lang='lat' dir='ltr'>eius</span> <span class='ocrx_word' id='word_1_558' title='bbox 1115 2929 1226 2967; x_wconf 84' lang='lat' dir='ltr'>fuerit</span> <span class='ocrx_word' id='word_1_559' title='bbox 1253 2928 1367 2966; x_wconf 91' lang='lat' dir='ltr'>simul</span> 
     </span>
     <span class='ocr_line' id='line_1_81' title="bbox 297 2983 1366 3033; baseline -0.001 -13"><span class='ocrx_word' id='word_1_560' title='bbox 297 2993 447 3033; x_wconf 89' lang='lat' dir='ltr'>raptum</span> <span class='ocrx_word' id='word_1_561' title='bbox 477 2996 566 3021; x_wconf 92' lang='lat' dir='ltr'>cum</span> <span class='ocrx_word' id='word_1_562' title='bbox 596 2984 723 3021; x_wconf 88' lang='lat' dir='ltr'>anima</span> <span class='ocrx_word' id='word_1_563' title='bbox 753 2984 790 3020; x_wconf 91' lang='lat' dir='ltr'>in</span> <span class='ocrx_word' id='word_1_564' title='bbox 819 2983 970 3020; x_wconf 89' lang='lat' dir='ltr'>tertium</span> <span class='ocrx_word' id='word_1_565' title='bbox 1001 2984 1163 3030; x_wconf 91' lang='lat' dir='ltr'>caelum,</span> <span class='ocrx_word' id='word_1_566' title='bbox 1184 2983 1246 3019; x_wconf 93' lang='lat' dir='ltr'>vel</span> <span class='ocrx_word' id='word_1_567' title='bbox 1275 2995 1366 3029; x_wconf 83' lang='lat' dir='ltr'>non,</span> 
     </span>
     <span class='ocr_line' id='line_1_82' title="bbox 298 3036 1367 3084; baseline -0.001 -10"><span class='ocrx_word' id='word_1_568' title='bbox 298 3039 362 3075; x_wconf 90' lang='lat' dir='ltr'>sed</span> <span class='ocrx_word' id='word_1_569' title='bbox 394 3038 519 3074; x_wconf 90' lang='lat' dir='ltr'>solum</span> <span class='ocrx_word' id='word_1_570' title='bbox 549 3037 688 3084; x_wconf 88' lang='lat' dir='ltr'>anima,</span> <span class='ocrx_word' id='word_1_571' title='bbox 720 3037 815 3074; x_wconf 91' lang='lat' dir='ltr'>sicut</span> <span class='ocrx_word' id='word_1_572' title='bbox 835 3037 974 3074; x_wconf 88' lang='lat' dir='ltr'>Ezech.</span> <span class='ocrx_word' id='word_1_573' title='bbox 992 3049 1051 3074; x_wconf 78' lang='lat' dir='ltr'>vui</span> <span class='ocrx_word' id='word_1_574' title='bbox 1067 3036 1087 3058; x_wconf 75' lang='lat'>’¹‘</span> <span class='ocrx_word' id='word_1_575' title='bbox 1107 3036 1241 3074; x_wconf 90' lang='lat' dir='ltr'>dicitur</span> <span class='ocrx_word' id='word_1_576' title='bbox 1260 3036 1367 3084; x_wconf 89' lang='lat' dir='ltr'>quod</span> 
     </span>
     <span class='ocr_line' id='line_1_83' title="bbox 297 3090 1367 3128; baseline -0.002 0"><span class='ocrx_word' id='word_1_577' title='bbox 297 3092 478 3128; x_wconf 86' lang='lat' dir='ltr'>adductus</span> <span class='ocrx_word' id='word_1_578' title='bbox 507 3097 561 3128; x_wconf 88' lang='lat' dir='ltr'>est</span> <span class='ocrx_word' id='word_1_579' title='bbox 591 3091 628 3128; x_wconf 91' lang='lat' dir='ltr'>in</span> <span class='ocrx_word' id='word_1_580' title='bbox 657 3091 862 3128; x_wconf 81' lang='lat' dir='ltr'>visionibus</span> <span class='ocrx_word' id='word_1_581' title='bbox 889 3090 966 3128; x_wconf 86' lang='lat' dir='ltr'>Dei</span> <span class='ocrx_word' id='word_1_582' title='bbox 991 3090 1028 3128; x_wconf 89' lang='lat' dir='ltr'>in</span> <span class='ocrx_word' id='word_1_583' title='bbox 1058 3090 1279 3127; x_wconf 84' lang='lat' dir='ltr'>Ierusalem.</span> <span class='ocrx_word' id='word_1_584' title='bbox 1319 3090 1367 3126; x_wconf 90' lang='lat' dir='ltr'>Et</span> 
     </span>
     <span class='ocr_line' id='line_1_84' title="bbox 298 3143 1365 3192; baseline -0.002 -11"><span class='ocrx_word' id='word_1_585' title='bbox 298 3146 398 3181; x_wconf 90' lang='lat' dir='ltr'>hunc</span> <span class='ocrx_word' id='word_1_586' title='bbox 427 3145 658 3182; x_wconf 90' lang='lat' dir='ltr'>intellectum</span> <span class='ocrx_word' id='word_1_587' title='bbox 687 3145 800 3182; x_wconf 89' lang='lat' dir='ltr'>fuisse</span> <span class='ocrx_word' id='word_1_588' title='bbox 832 3143 1031 3181; x_wconf 87' lang='lat' dir='ltr'>cuiusdam</span> <span class='ocrx_word' id='word_1_589' title='bbox 1063 3143 1213 3190; x_wconf 90' lang='lat' dir='ltr'>Iudaei,</span> <span class='ocrx_word' id='word_1_590' title='bbox 1245 3143 1365 3192; x_wconf 85' lang='lat' dir='ltr'>expri—</span> 
     </span>
     <span class='ocr_line' id='line_1_85' title="bbox 299 3197 1366 3247; baseline -0.001 -12"><span class='ocrx_word' id='word_1_591' title='bbox 299 3198 365 3234; x_wconf 89' lang='lat' dir='ltr'>mit</span> <span class='ocrx_word' id='word_1_592' title='bbox 404 3197 682 3246; x_wconf 87' lang='lat' dir='ltr'>Hieronymus,</span> <span class='ocrx_word' id='word_1_593' title='bbox 717 3198 755 3235; x_wconf 91' lang='lat' dir='ltr'>in</span> <span class='ocrx_word' id='word_1_594' title='bbox 792 3197 960 3247; x_wconf 83' lang='lat' dir='ltr'>Prologo</span> <span class='ocrx_word' id='word_1_595' title='bbox 997 3209 1110 3246; x_wconf 83' lang='lat' dir='ltr'>super</span> <span class='ocrx_word' id='word_1_596' title='bbox 1146 3197 1366 3243; x_wconf 85' lang='lat' dir='ltr'>Danielem,</span> 
     </span>
     <span class='ocr_line' id='line_1_86' title="bbox 298 3241 1396 3300; baseline -0.001 -12"><span class='ocrx_word' id='word_1_597' title='bbox 298 3252 362 3287; x_wconf 85' lang='lat' dir='ltr'>ubi</span> <span class='ocrx_word' id='word_1_598' title='bbox 384 3251 490 3288; x_wconf 89' lang='lat' dir='ltr'>dicit:</span> <span class='ocrx_word' id='word_1_599' title='bbox 520 3252 692 3300; x_wconf 87' lang='lat' dir='ltr'>Denique</span> <span class='ocrx_word' id='word_1_600' title='bbox 720 3257 756 3288; x_wconf 91' lang='lat' dir='ltr'>et</span> <span class='ocrx_word' id='word_1_601' title='bbox 772 3251 994 3299; x_wconf 86' lang='lat' dir='ltr'>Apostolum</span> <span class='ocrx_word' id='word_1_602' title='bbox 1024 3256 1206 3296; x_wconf 83' lang='lat' dir='ltr'>nostrum,</span> <span class='ocrx_word' id='word_1_603' title='bbox 1228 3250 1367 3287; x_wconf 90' lang='lat' dir='ltr'>scilicet</span> <span class='ocrx_word' id='word_1_604' title='bbox 1394 3241 1396 3269; x_wconf 55' lang='lat'><em>³</em></span> 
     </span>
     <span class='ocr_line' id='line_1_87' title="bbox 300 3303 1369 3353; baseline 0.001 -13"><span class='ocrx_word' id='word_1_605' title='bbox 300 3303 449 3341; x_wconf 86' lang='lat' dir='ltr'>dicebat</span> <span class='ocrx_word' id='word_1_606' title='bbox 477 3305 661 3352; x_wconf 85' lang='lat' dir='ltr'>Iudaeus,</span> <span class='ocrx_word' id='word_1_607' title='bbox 691 3317 766 3342; x_wconf 88' lang='lat' dir='ltr'>non</span> <span class='ocrx_word' id='word_1_608' title='bbox 782 3305 911 3353; x_wconf 88' lang='lat' dir='ltr'>fuisse</span> <span class='ocrx_word' id='word_1_609' title='bbox 937 3315 1073 3342; x_wconf 86' lang='lat' dir='ltr'>ausum</span> <span class='ocrx_word' id='word_1_610' title='bbox 1102 3305 1302 3352; x_wconf 82' lang='lat' dir='ltr'>affirmare</span> <span class='ocrx_word' id='word_1_611' title='bbox 1328 3315 1369 3341; x_wconf 88' lang='lat' dir='ltr'>se</span> 
     </span>
     <span class='ocr_line' id='line_1_88' title="bbox 300 3351 1396 3407; baseline 0.001 -14"><span class='ocrx_word' id='word_1_612' title='bbox 300 3369 336 3394; x_wconf 90' lang='lat' dir='ltr'>zn</span> <span class='ocrx_word' id='word_1_613' title='bbox 366 3370 524 3406; x_wconf 86' lang='lat' dir='ltr'>corpore</span> <span class='ocrx_word' id='word_1_614' title='bbox 556 3363 719 3407; x_wconf 83' lang='lat' dir='ltr'>raptum,</span> <span class='ocrx_word' id='word_1_615' title='bbox 747 3359 814 3396; x_wconf 88' lang='lat' dir='ltr'>sed</span> <span class='ocrx_word' id='word_1_616' title='bbox 838 3358 998 3396; x_wconf 84' lang='lat' dir='ltr'>dixisse:</span> <span class='ocrx_word' id='word_1_617' title='bbox 1028 3358 1114 3395; x_wconf 82' lang='lat' dir='ltr'>Sive</span> <span class='ocrx_word' id='word_1_618' title='bbox 1142 3358 1179 3395; x_wconf 90' lang='lat' dir='ltr'>in</span> <span class='ocrx_word' id='word_1_619' title='bbox 1208 3368 1368 3407; x_wconf 84' lang='lat' dir='ltr'>corpore</span> <span class='ocrx_word' id='word_1_620' title='bbox 1394 3351 1396 3386; x_wconf 68' lang='lat' dir='ltr'>l</span> 
     </span>
     <span class='ocr_line' id='line_1_89' title="bbox 300 3411 867 3460; baseline 0.005 -14"><span class='ocrx_word' id='word_1_621' title='bbox 300 3411 377 3446; x_wconf 83' lang='lat' dir='ltr'>sive</span> <span class='ocrx_word' id='word_1_622' title='bbox 406 3417 514 3448; x_wconf 84' lang='lat' dir='ltr'>extra</span> <span class='ocrx_word' id='word_1_623' title='bbox 543 3424 698 3460; x_wconf 82' lang='lat' dir='ltr'>corpus,</span> <span class='ocrx_word' id='word_1_624' title='bbox 729 3411 867 3449; x_wconf 84' lang='lat' dir='ltr'>nescio.</span> 
     </span>
    </p>
   </div>
   <div class='ocr_carea' id='block_1_31' title="bbox 355 3523 1373 3593">
    <p class='ocr_par' dir='ltr' id='par_1_34' title="bbox 355 3523 1373 3593">
     <span class='ocr_line' id='line_1_90' title="bbox 355 3523 721 3556; baseline 0.005 -8"><span class='ocrx_word' id='word_1_625' title='bbox 355 3524 382 3556; x_wconf 77' lang='grc' dir='ltr'>α)</span> <span class='ocrx_word' id='word_1_626' title='bbox 402 3523 509 3549; x_wconf 68' lang='lat' dir='ltr'>eisdem.</span> <span class='ocrx_word' id='word_1_627' title='bbox 520 3537 540 3544; x_wconf 91' lang='lat'>-</span> <span class='ocrx_word' id='word_1_628' title='bbox 557 3525 674 3550; x_wconf 71' lang='lat' dir='ltr'>eiusdem</span> <span class='ocrx_word' id='word_1_629' title='bbox 694 3526 721 3551; x_wconf 85' lang='lat' dir='ltr'>P.</span> 
     </span>
     <span class='ocr_line' id='line_1_91' title="bbox 355 3559 1373 3593; baseline 0.003 -9"><span class='ocrx_word' id='word_1_630' title='bbox 355 3559 380 3592; x_wconf 76' lang='grc' dir='ltr'>β)</span> <span class='ocrx_word' id='word_1_631' title='bbox 401 3566 462 3586; x_wconf 80' lang='lat' dir='ltr'>non.</span> <span class='ocrx_word' id='word_1_632' title='bbox 475 3573 494 3580; x_wconf 89' lang='lat'><em>-</em></span> <span class='ocrx_word' id='word_1_633' title='bbox 510 3561 618 3586; x_wconf 77' lang='lat' dir='ltr'>omnino</span> <span class='ocrx_word' id='word_1_634' title='bbox 644 3561 829 3593; x_wconf 78' lang='lat' dir='ltr'>ABCEFLpK.</span> <span class='ocrx_word' id='word_1_635' title='bbox 847 3562 956 3587; x_wconf 72' lang='lat' dir='ltr'>omnino</span> <span class='ocrx_word' id='word_1_636' title='bbox 983 3569 1035 3588; x_wconf 81' lang='lat' dir='ltr'>non</span> <span class='ocrx_word' id='word_1_637' title='bbox 1061 3562 1093 3592; x_wconf 83' lang='lat' dir='ltr'>D.</span> <span class='ocrx_word' id='word_1_638' title='bbox 1113 3569 1164 3588; x_wconf 82' lang='lat' dir='ltr'>non</span> <span class='ocrx_word' id='word_1_639' title='bbox 1189 3562 1301 3587; x_wconf 78' lang='lat' dir='ltr'>omnino</span> <span class='ocrx_word' id='word_1_640' title='bbox 1318 3561 1373 3593; x_wconf 66' lang='lat'>⁸113</span> 
     </span>
    </p>
   </div>
   <div class='ocr_carea' id='block_1_32' title="bbox 1421 1910 2503 2027">
    <p class='ocr_par' dir='ltr' id='par_1_35' title="bbox 1421 1910 2503 2020">
     <span class='ocr_line' id='line_1_92' title="bbox 1475 1910 2503 1976; baseline 0.008 -28"><span class='ocrx_word' id='word_1_641' title='bbox 1475 1911 1553 1948; x_wconf 91' lang='lat' dir='ltr'>Sed</span> <span class='ocrx_word' id='word_1_642' title='bbox 1589 1911 1688 1948; x_wconf 91' lang='lat' dir='ltr'>circa</span> <span class='ocrx_word' id='word_1_643' title='bbox 1722 1912 1797 1950; x_wconf 91' lang='lat' dir='ltr'>hoc</span> <span class='ocrx_word' id='word_1_644' title='bbox 1827 1912 2086 1952; x_wconf 89' lang='lat' dir='ltr'>diversimode</span> <span class='ocrx_word' id='word_1_645' title='bbox 2124 1915 2240 1965; x_wconf 88' lang='lat' dir='ltr'>aliqui</span> <span class='ocrx_word' id='word_1_646' title='bbox 2275 1910 2503 1976; x_wconf 78' lang='lat' dir='ltr'>loquuntur..</span> 
     </span>
     <span class='ocr_line' id='line_1_93' title="bbox 1421 1964 2502 2027; baseline 0.008 -26"><span class='ocrx_word' id='word_1_647' title='bbox 1421 1964 1590 2024; x_wconf 83' lang='lat' dir='ltr'>Quidam</span> <span class='ocrx_word' id='word_1_648' title='bbox 1612 1965 1715 2003; x_wconf 87' lang='lat' dir='ltr'>enim</span> <span class='ocrx_word' id='word_1_649' title='bbox 1740 1965 1871 2004; x_wconf 88' lang='lat' dir='ltr'>dicunt</span> <span class='ocrx_word' id='word_1_650' title='bbox 1898 1968 2004 2027; x_wconf 80' lang='lat' dir='ltr'>quod</span> <span class='ocrx_word' id='word_1_651' title='bbox 2033 1969 2243 2018; x_wconf 91' lang='lat' dir='ltr'>Apostolus</span> <span class='ocrx_word' id='word_1_652' title='bbox 2262 1970 2373 2009; x_wconf 89' lang='lat' dir='ltr'>scivit</span> <span class='ocrx_word' id='word_1_653' title='bbox 2391 1971 2502 2020; x_wconf 80' lang='lat' dir='ltr'>quod</span> 
     </span>
    </p>
   </div>
   <div class='ocr_carea' id='block_1_33' title="bbox 1393 2018 2506 2130">
    <p class='ocr_par' dir='ltr' id='par_1_36' title="bbox 1393 2018 2506 2128">
     <span class='ocr_line' id='line_1_94' title="bbox 1393 2018 2506 2075; baseline 0.009 -21"><span class='ocrx_word' id='word_1_654' title='bbox 1393 2022 1395 2071; x_wconf 56' lang='grc' dir='ltr'>ξ</span> <span class='ocrx_word' id='word_1_655' title='bbox 1421 2018 1551 2055; x_wconf 89' lang='lat' dir='ltr'>anima</span> <span class='ocrx_word' id='word_1_656' title='bbox 1579 2031 1648 2056; x_wconf 91' lang='lat' dir='ltr'>sua</span> <span class='ocrx_word' id='word_1_657' title='bbox 1678 2027 1757 2056; x_wconf 88' lang='lat' dir='ltr'>erat</span> <span class='ocrx_word' id='word_1_658' title='bbox 1785 2021 1938 2070; x_wconf 90' lang='lat' dir='ltr'>corpori</span> <span class='ocrx_word' id='word_1_659' title='bbox 1966 2020 2072 2060; x_wconf 90' lang='lat' dir='ltr'>unita</span> <span class='ocrx_word' id='word_1_660' title='bbox 2100 2030 2142 2059; x_wconf 92' lang='lat' dir='ltr'>ut</span> <span class='ocrx_word' id='word_1_661' title='bbox 2170 2023 2314 2062; x_wconf 85' lang='lat' dir='ltr'>forma:</span> <span class='ocrx_word' id='word_1_662' title='bbox 2344 2025 2412 2062; x_wconf 85' lang='lat' dir='ltr'>sed</span> <span class='ocrx_word' id='word_1_663' title='bbox 2432 2037 2506 2075; x_wconf 42' lang='lat' dir='ltr'>nen,</span> 
     </span>
     <span class='ocr_line' id='line_1_95' title="bbox 1421 2071 2506 2130; baseline 0.008 -21.774"><span class='ocrx_word' id='word_1_664' title='bbox 1421 2071 1530 2110; x_wconf 89' lang='lat' dir='ltr'>scivit</span> <span class='ocrx_word' id='word_1_665' title='bbox 1549 2080 1678 2110; x_wconf 88' lang='lat' dir='ltr'>utrum</span> <span class='ocrx_word' id='word_1_666' title='bbox 1699 2081 1799 2110; x_wconf 87' lang='lat' dir='ltr'>esset</span> <span class='ocrx_word' id='word_1_667' title='bbox 1818 2086 1954 2123; x_wconf 90' lang='lat' dir='ltr'>passus</span> <span class='ocrx_word' id='word_1_668' title='bbox 1974 2075 2246 2115; x_wconf 87' lang='lat' dir='ltr'>alienationem</span> <span class='ocrx_word' id='word_1_669' title='bbox 2262 2090 2285 2114; x_wconf 88' lang='lat' dir='ltr'>a</span> <span class='ocrx_word' id='word_1_670' title='bbox 2299 2078 2506 2130; x_wconf 30' lang='lat' dir='ltr'>sensibus3¹v</span> 
     </span>
    </p>
   </div>
   <div class='ocr_carea' id='block_1_34' title="bbox 1394 2126 2500 2182">
    <p class='ocr_par' dir='ltr' id='par_1_37' title="bbox 1394 2126 2500 2182">
     <span class='ocr_line' id='line_1_96' title="bbox 1394 2126 2500 2182; baseline 0.008 -20"><span class='ocrx_word' id='word_1_671' title='bbox 1394 2129 1395 2167; x_wconf 72' lang='grc' dir='ltr'>ἶ</span> <span class='ocrx_word' id='word_1_672' title='bbox 1421 2126 1484 2163; x_wconf 91' lang='lat' dir='ltr'>vel</span> <span class='ocrx_word' id='word_1_673' title='bbox 1505 2126 1619 2163; x_wconf 87' lang='lat' dir='ltr'>etiam</span> <span class='ocrx_word' id='word_1_674' title='bbox 1640 2134 1768 2164; x_wconf 84' lang='lat' dir='ltr'>utrum</span> <span class='ocrx_word' id='word_1_675' title='bbox 1789 2135 1888 2165; x_wconf 87' lang='lat' dir='ltr'>esset</span> <span class='ocrx_word' id='word_1_676' title='bbox 1907 2128 2006 2166; x_wconf 87' lang='lat' dir='ltr'>facta</span> <span class='ocrx_word' id='word_1_677' title='bbox 2025 2129 2227 2168; x_wconf 90' lang='lat' dir='ltr'>abstractio</span> <span class='ocrx_word' id='word_1_678' title='bbox 2246 2131 2296 2168; x_wconf 90' lang='lat' dir='ltr'>ab</span> <span class='ocrx_word' id='word_1_679' title='bbox 2317 2131 2500 2182; x_wconf 85' lang='lat' dir='ltr'>operibus</span> 
     </span>
    </p>
   </div>
   <div class='ocr_carea' id='block_1_35' title="bbox 1394 2179 2499 2238">
    <p class='ocr_par' dir='ltr' id='par_1_38' title="bbox 1394 2179 2499 2238">
     <span class='ocr_line' id='line_1_97' title="bbox 1394 2179 2499 2238; baseline 0.009 -23"><span class='ocrx_word' id='word_1_680' title='bbox 1394 2201 1395 2238; x_wconf 59' lang='lat'><em>3</em></span> <span class='ocrx_word' id='word_1_681' title='bbox 1422 2179 1573 2217; x_wconf 87' lang='lat' dir='ltr'>animae</span> <span class='ocrx_word' id='word_1_682' title='bbox 1602 2180 1839 2228; x_wconf 87' lang='lat' dir='ltr'>vegetabilis.</span> <span class='ocrx_word' id='word_1_683' title='bbox 1870 2202 1894 2209; x_wconf 91' lang='lat'>—</span> <span class='ocrx_word' id='word_1_684' title='bbox 1924 2182 2004 2220; x_wconf 89' lang='lat' dir='ltr'>Sed</span> <span class='ocrx_word' id='word_1_685' title='bbox 2032 2183 2137 2233; x_wconf 91' lang='lat' dir='ltr'>quod</span> <span class='ocrx_word' id='word_1_686' title='bbox 2162 2183 2274 2223; x_wconf 87' lang='lat' dir='ltr'>fuerit</span> <span class='ocrx_word' id='word_1_687' title='bbox 2293 2185 2391 2224; x_wconf 82' lang='lat' dir='ltr'>facta</span> <span class='ocrx_word' id='word_1_688' title='bbox 2411 2186 2499 2225; x_wconf 78' lang='lat' dir='ltr'>abs·</span> 
     </span>
    </p>
   </div>
   <div class='ocr_carea' id='block_1_36' title="bbox 1421 2233 2499 2350">
    <p class='ocr_par' dir='ltr' id='par_1_39' title="bbox 1421 2233 2499 2337">
     <span class='ocr_line' id='line_1_98' title="bbox 1421 2233 2499 2286; baseline 0.008 -17"><span class='ocrx_word' id='word_1_689' title='bbox 1421 2233 1554 2270; x_wconf 91' lang='lat' dir='ltr'>tractio</span> <span class='ocrx_word' id='word_1_690' title='bbox 1585 2246 1606 2270; x_wconf 91' lang='lat' dir='ltr'>a</span> <span class='ocrx_word' id='word_1_691' title='bbox 1635 2234 1831 2282; x_wconf 83' lang='lat' dir='ltr'>sensibus,</span> <span class='ocrx_word' id='word_1_692' title='bbox 1861 2235 1936 2274; x_wconf 90' lang='lat' dir='ltr'>hoc</span> <span class='ocrx_word' id='word_1_693' title='bbox 1965 2249 2044 2274; x_wconf 91' lang='lat' dir='ltr'>non</span> <span class='ocrx_word' id='word_1_694' title='bbox 2073 2235 2198 2286; x_wconf 87' lang='lat' dir='ltr'>potuit</span> <span class='ocrx_word' id='word_1_695' title='bbox 2223 2237 2422 2286; x_wconf 85' lang='lat' dir='ltr'>ignorare,</span> <span class='ocrx_word' id='word_1_696' title='bbox 2447 2252 2499 2279; x_wconf 82' lang='lat' dir='ltr'>ex</span> 
     </span>
     <span class='ocr_line' id='line_1_99' title="bbox 1422 2264 2498 2350; baseline 0.009 -28"><span class='ocrx_word' id='word_1_697' title='bbox 1422 2299 1500 2335; x_wconf 92' lang='lat' dir='ltr'>quo</span> <span class='ocrx_word' id='word_1_698' title='bbox 1530 2286 1640 2324; x_wconf 91' lang='lat' dir='ltr'>scivit</span> <span class='ocrx_word' id='word_1_699' title='bbox 1667 2300 1708 2324; x_wconf 90' lang='lat' dir='ltr'>se</span> <span class='ocrx_word' id='word_1_700' title='bbox 1738 2264 1900 2337; x_wconf 81' lang='lat' dir='ltr'>rapt’um.</span> <span class='ocrx_word' id='word_1_701' title='bbox 1941 2290 2060 2350; x_wconf 80' lang='lat' dir='ltr'>Quod</span> <span class='ocrx_word' id='word_1_702' title='bbox 2093 2298 2223 2328; x_wconf 90' lang='lat' dir='ltr'>autem</span> <span class='ocrx_word' id='word_1_703' title='bbox 2261 2293 2371 2331; x_wconf 87' lang='lat' dir='ltr'>fuerit</span> <span class='ocrx_word' id='word_1_704' title='bbox 2398 2293 2498 2332; x_wconf 77' lang='lat' dir='ltr'>facta</span> 
     </span>
    </p>
   </div>
   <div class='ocr_carea' id='block_1_37' title="bbox 1394 2339 2502 2394">
    <p class='ocr_par' dir='ltr' id='par_1_40' title="bbox 1394 2339 2502 2394">
     <span class='ocr_line' id='line_1_100' title="bbox 1394 2339 2502 2394; baseline 0.008 -18"><span class='ocrx_word' id='word_1_705' title='bbox 1394 2373 1395 2387; x_wconf 23' lang='grc' dir='ltr'>ἶ</span> <span class='ocrx_word' id='word_1_706' title='bbox 1422 2339 1626 2378; x_wconf 88' lang='lat' dir='ltr'>abstractio</span> <span class='ocrx_word' id='word_1_707' title='bbox 1662 2341 1710 2377; x_wconf 91' lang='lat' dir='ltr'>ab</span> <span class='ocrx_word' id='word_1_708' title='bbox 1740 2341 1922 2390; x_wconf 92' lang='lat' dir='ltr'>operibus</span> <span class='ocrx_word' id='word_1_709' title='bbox 1958 2343 2109 2381; x_wconf 89' lang='lat' dir='ltr'>animae</span> <span class='ocrx_word' id='word_1_710' title='bbox 2138 2346 2383 2394; x_wconf 88' lang='lat' dir='ltr'>vegetabilis,</span> <span class='ocrx_word' id='word_1_711' title='bbox 2417 2359 2502 2385; x_wconf 74' lang='lat' dir='ltr'>non</span> 
     </span>
    </p>
   </div>
   <div class='ocr_carea' id='block_1_38' title="bbox 1420 2394 2500 2931">
    <p class='ocr_par' dir='ltr' id='par_1_41' title="bbox 1422 2394 2500 2656">
     <span class='ocr_line' id='line_1_101' title="bbox 1424 2394 2498 2446; baseline 0.009 -17"><span class='ocrx_word' id='word_1_712' title='bbox 1424 2401 1503 2431; x_wconf 90' lang='lat' dir='ltr'>erat</span> <span class='ocrx_word' id='word_1_713' title='bbox 1530 2401 1679 2431; x_wconf 89' lang='lat' dir='ltr'>tantum</span> <span class='ocrx_word' id='word_1_714' title='bbox 1702 2394 1843 2443; x_wconf 89' lang='lat' dir='ltr'>aliquid</span> <span class='ocrx_word' id='word_1_715' title='bbox 1872 2403 1912 2433; x_wconf 88' lang='lat' dir='ltr'>ut</span> <span class='ocrx_word' id='word_1_716' title='bbox 1941 2397 1989 2434; x_wconf 92' lang='lat' dir='ltr'>de</span> <span class='ocrx_word' id='word_1_717' title='bbox 2009 2397 2084 2434; x_wconf 93' lang='lat' dir='ltr'>hoc</span> <span class='ocrx_word' id='word_1_718' title='bbox 2105 2406 2298 2446; x_wconf 89' lang='lat' dir='ltr'>oporteret</span> <span class='ocrx_word' id='word_1_719' title='bbox 2325 2407 2404 2438; x_wconf 89' lang='lat' dir='ltr'>tam</span> <span class='ocrx_word' id='word_1_720' title='bbox 2425 2401 2498 2438; x_wconf 90' lang='lat' dir='ltr'>sol-</span> 
     </span>
     <span class='ocr_line' id='line_1_102' title="bbox 1423 2446 2498 2511; baseline 0.007 -28"><span class='ocrx_word' id='word_1_721' title='bbox 1423 2446 1564 2484; x_wconf 88' lang='lat' dir='ltr'>licitam</span> <span class='ocrx_word' id='word_1_722' title='bbox 1594 2447 1676 2484; x_wconf 86' lang='lat' dir='ltr'>fieri</span> <span class='ocrx_word' id='word_1_723' title='bbox 1702 2447 1958 2487; x_wconf 87' lang='lat' dir='ltr'>mentionem.</span> <span class='ocrx_word' id='word_1_724' title='bbox 1997 2450 2110 2488; x_wconf 92' lang='lat' dir='ltr'>Unde</span> <span class='ocrx_word' id='word_1_725' title='bbox 2138 2451 2364 2511; x_wconf 84' lang='lat' dir='ltr'>relinquitur</span> <span class='ocrx_word' id='word_1_726' title='bbox 2391 2453 2498 2504; x_wconf 92' lang='lat' dir='ltr'>quod</span> 
     </span>
     <span class='ocr_line' id='line_1_103' title="bbox 1422 2500 2498 2550; baseline 0.008 -14"><span class='ocrx_word' id='word_1_727' title='bbox 1422 2500 1583 2538; x_wconf 92' lang='lat' dir='ltr'>nescivit</span> <span class='ocrx_word' id='word_1_728' title='bbox 1610 2500 1818 2550; x_wconf 89' lang='lat' dir='ltr'>Apostolus</span> <span class='ocrx_word' id='word_1_729' title='bbox 1846 2511 1975 2541; x_wconf 90' lang='lat' dir='ltr'>utrum</span> <span class='ocrx_word' id='word_1_730' title='bbox 2004 2503 2134 2542; x_wconf 88' lang='lat' dir='ltr'>anima</span> <span class='ocrx_word' id='word_1_731' title='bbox 2158 2504 2240 2543; x_wconf 90' lang='lat' dir='ltr'>eius</span> <span class='ocrx_word' id='word_1_732' title='bbox 2268 2506 2381 2544; x_wconf 87' lang='lat' dir='ltr'>fuerit</span> <span class='ocrx_word' id='word_1_733' title='bbox 2407 2519 2498 2546; x_wconf 88' lang='lat' dir='ltr'>con-</span> 
     </span>
     <span class='ocr_line' id='line_1_104' title="bbox 1422 2554 2500 2610; baseline 0.008 -20"><span class='ocrx_word' id='word_1_734' title='bbox 1422 2554 1549 2591; x_wconf 90' lang='lat' dir='ltr'>iuncta</span> <span class='ocrx_word' id='word_1_735' title='bbox 1578 2554 1730 2604; x_wconf 90' lang='lat' dir='ltr'>corpori</span> <span class='ocrx_word' id='word_1_736' title='bbox 1760 2563 1800 2593; x_wconf 92' lang='lat' dir='ltr'>ut</span> <span class='ocrx_word' id='word_1_737' title='bbox 1827 2556 1965 2601; x_wconf 88' lang='lat' dir='ltr'>forma,</span> <span class='ocrx_word' id='word_1_738' title='bbox 1994 2558 2057 2594; x_wconf 89' lang='lat' dir='ltr'>vel</span> <span class='ocrx_word' id='word_1_739' title='bbox 2085 2570 2108 2595; x_wconf 89' lang='lat' dir='ltr'>a</span> <span class='ocrx_word' id='word_1_740' title='bbox 2136 2571 2300 2608; x_wconf 87' lang='lat' dir='ltr'>corpore</span> <span class='ocrx_word' id='word_1_741' title='bbox 2324 2568 2500 2610; x_wconf 81' lang='lat' dir='ltr'>separata</span> 
     </span>
     <span class='ocr_line' id='line_1_105' title="bbox 1423 2616 1699 2656; baseline 0 -11"><span class='ocrx_word' id='word_1_742' title='bbox 1423 2620 1492 2656; x_wconf 91' lang='lat' dir='ltr'>per</span> <span class='ocrx_word' id='word_1_743' title='bbox 1521 2616 1699 2645; x_wconf 88' lang='lat' dir='ltr'>mortem.</span> 
     </span>
    </p>

    <p class='ocr_par' dir='ltr' id='par_1_42' title="bbox 1420 2661 2500 2931">
     <span class='ocr_line' id='line_1_106' title="bbox 1477 2661 2498 2717; baseline 0.009 -20"><span class='ocrx_word' id='word_1_744' title='bbox 1477 2661 1648 2708; x_wconf 88' lang='lat' dir='ltr'>Quidam</span> <span class='ocrx_word' id='word_1_745' title='bbox 1669 2669 1811 2710; x_wconf 88' lang='lat' dir='ltr'>autem,</span> <span class='ocrx_word' id='word_1_746' title='bbox 1835 2663 1912 2700; x_wconf 89' lang='lat' dir='ltr'>hoc</span> <span class='ocrx_word' id='word_1_747' title='bbox 1932 2666 2202 2713; x_wconf 88' lang='lat' dir='ltr'>concedentes,</span> <span class='ocrx_word' id='word_1_748' title='bbox 2233 2666 2362 2704; x_wconf 89' lang='lat' dir='ltr'>dicunt</span> <span class='ocrx_word' id='word_1_749' title='bbox 2391 2669 2498 2717; x_wconf 89' lang='lat' dir='ltr'>quod</span> 
     </span>
     <span class='ocr_line' id='line_1_107' title="bbox 1422 2715 2500 2770; baseline 0.007 -19"><span class='ocrx_word' id='word_1_750' title='bbox 1422 2715 1631 2764; x_wconf 88' lang='lat' dir='ltr'>Apostolus</span> <span class='ocrx_word' id='word_1_751' title='bbox 1656 2723 1747 2753; x_wconf 91' lang='lat' dir='ltr'>tunc</span> <span class='ocrx_word' id='word_1_752' title='bbox 1767 2729 1846 2754; x_wconf 90' lang='lat' dir='ltr'>non</span> <span class='ocrx_word' id='word_1_753' title='bbox 1865 2718 2068 2767; x_wconf 91' lang='lat' dir='ltr'>perpendit</span> <span class='ocrx_word' id='word_1_754' title='bbox 2087 2719 2245 2768; x_wconf 83' lang='lat' dir='ltr'>quando</span> <span class='ocrx_word' id='word_1_755' title='bbox 2267 2719 2500 2770; x_wconf 64' lang='lat' dir='ltr'>rapiebatur,</span> 
     </span>
     <span class='ocr_line' id='line_1_108' title="bbox 1421 2768 2496 2817; baseline 0.007 -12"><span class='ocrx_word' id='word_1_756' title='bbox 1421 2768 1509 2817; x_wconf 91' lang='lat' dir='ltr'>quia</span> <span class='ocrx_word' id='word_1_757' title='bbox 1543 2777 1621 2806; x_wconf 89' lang='lat' dir='ltr'>tota</span> <span class='ocrx_word' id='word_1_758' title='bbox 1650 2769 1731 2807; x_wconf 90' lang='lat' dir='ltr'>eius</span> <span class='ocrx_word' id='word_1_759' title='bbox 1760 2769 1918 2808; x_wconf 90' lang='lat' dir='ltr'>intentio</span> <span class='ocrx_word' id='word_1_760' title='bbox 1948 2784 2137 2810; x_wconf 86' lang='lat' dir='ltr'>conversa</span> <span class='ocrx_word' id='word_1_761' title='bbox 2165 2781 2246 2811; x_wconf 84' lang='lat' dir='ltr'>erat</span> <span class='ocrx_word' id='word_1_762' title='bbox 2278 2773 2317 2811; x_wconf 93' lang='lat' dir='ltr'>in</span> <span class='ocrx_word' id='word_1_763' title='bbox 2344 2774 2496 2813; x_wconf 85' lang='lat' dir='ltr'>Deum:</span> 
     </span>
     <span class='ocr_line' id='line_1_109' title="bbox 1422 2823 2496 2876; baseline 0.007 -18"><span class='ocrx_word' id='word_1_764' title='bbox 1422 2824 1489 2859; x_wconf 90' lang='lat' dir='ltr'>sed</span> <span class='ocrx_word' id='word_1_765' title='bbox 1526 2823 1775 2871; x_wconf 89' lang='lat' dir='ltr'>postmodum</span> <span class='ocrx_word' id='word_1_766' title='bbox 1812 2826 2000 2875; x_wconf 89' lang='lat' dir='ltr'>percepit,</span> <span class='ocrx_word' id='word_1_767' title='bbox 2032 2826 2280 2873; x_wconf 82' lang='lat' dir='ltr'>considerans</span> <span class='ocrx_word' id='word_1_768' title='bbox 2316 2839 2362 2864; x_wconf 85' lang='lat' dir='ltr'>ea</span> <span class='ocrx_word' id='word_1_769' title='bbox 2396 2840 2496 2876; x_wconf 82' lang='lat' dir='ltr'>quae</span> 
     </span>
     <span class='ocr_line' id='line_1_110' title="bbox 1420 2875 2497 2931; baseline 0.007 -19"><span class='ocrx_word' id='word_1_770' title='bbox 1420 2875 1581 2914; x_wconf 89' lang='lat' dir='ltr'>viderat.</span> <span class='ocrx_word' id='word_1_771' title='bbox 1604 2897 1627 2904; x_wconf 92' lang='lat'>—</span> <span class='ocrx_word' id='word_1_772' title='bbox 1649 2876 1728 2915; x_wconf 90' lang='lat' dir='ltr'>Sed</span> <span class='ocrx_word' id='word_1_773' title='bbox 1746 2878 1822 2915; x_wconf 87' lang='lat' dir='ltr'>hoc</span> <span class='ocrx_word' id='word_1_774' title='bbox 1842 2878 1958 2916; x_wconf 90' lang='lat' dir='ltr'>etiam</span> <span class='ocrx_word' id='word_1_775' title='bbox 1979 2880 2230 2918; x_wconf 87' lang='lat' dir='ltr'>contrariatur</span> <span class='ocrx_word' id='word_1_776' title='bbox 2247 2880 2376 2918; x_wconf 87' lang='lat' dir='ltr'>verbis</span> <span class='ocrx_word' id='word_1_777' title='bbox 2391 2883 2497 2931; x_wconf 89' lang='lat' dir='ltr'>Apo-</span> 
     </span>
    </p>
   </div>
   <div class='ocr_carea' id='block_1_39' title="bbox 1394 2929 2498 2991">
    <p class='ocr_par' dir='ltr' id='par_1_43' title="bbox 1394 2929 2498 2991">
     <span class='ocr_line' id='line_1_111' title="bbox 1394 2929 2498 2991; baseline 0.005 -25"><span class='ocrx_word' id='word_1_778' title='bbox 1394 2967 1395 2972; x_wconf 57' lang='lat'>,</span> <span class='ocrx_word' id='word_1_779' title='bbox 1421 2930 1525 2975; x_wconf 83' lang='lat' dir='ltr'>stoli,</span> <span class='ocrx_word' id='word_1_780' title='bbox 1555 2929 1620 2978; x_wconf 91' lang='lat' dir='ltr'>qui</span> <span class='ocrx_word' id='word_1_781' title='bbox 1649 2930 1848 2991; x_wconf 82' lang='lat' dir='ltr'>distinguit</span> <span class='ocrx_word' id='word_1_782' title='bbox 1869 2931 1908 2969; x_wconf 92' lang='lat' dir='ltr'>in</span> <span class='ocrx_word' id='word_1_783' title='bbox 1937 2933 2065 2971; x_wconf 90' lang='lat' dir='ltr'>verbis</span> <span class='ocrx_word' id='word_1_784' title='bbox 2094 2933 2172 2972; x_wconf 88' lang='lat' dir='ltr'>suis</span> <span class='ocrx_word' id='word_1_785' title='bbox 2199 2933 2446 2983; x_wconf 87' lang='lat' dir='ltr'>praeteritum</span> <span class='ocrx_word' id='word_1_786' title='bbox 2474 2947 2498 2972; x_wconf 89' lang='lat' dir='ltr'>a</span> 
     </span>
    </p>
   </div>
   <div class='ocr_carea' id='block_1_40' title="bbox 1422 2982 2497 3142">
    <p class='ocr_par' dir='ltr' id='par_1_44' title="bbox 1422 2982 2497 3142">
     <span class='ocr_line' id='line_1_112' title="bbox 1422 2982 2497 3035; baseline 0.006 -16"><span class='ocrx_word' id='word_1_787' title='bbox 1422 2983 1560 3020; x_wconf 86' lang='lat' dir='ltr'>futuro.</span> <span class='ocrx_word' id='word_1_788' title='bbox 1592 2982 1693 3021; x_wconf 90' lang='lat' dir='ltr'>Dicit</span> <span class='ocrx_word' id='word_1_789' title='bbox 1716 2984 1819 3022; x_wconf 90' lang='lat' dir='ltr'>enim</span> <span class='ocrx_word' id='word_1_790' title='bbox 1840 2985 1876 3022; x_wconf 89' lang='lat' dir='ltr'>in</span> <span class='ocrx_word' id='word_1_791' title='bbox 1895 2987 2087 3035; x_wconf 87' lang='lat' dir='ltr'>praesenti</span> <span class='ocrx_word' id='word_1_792' title='bbox 2107 2999 2148 3024; x_wconf 93' lang='lat' dir='ltr'>se</span> <span class='ocrx_word' id='word_1_793' title='bbox 2167 2988 2265 3024; x_wconf 84' lang='lat' dir='ltr'>scire</span> <span class='ocrx_word' id='word_1_794' title='bbox 2293 2987 2400 3035; x_wconf 92' lang='lat' dir='ltr'>quod</span> <span class='ocrx_word' id='word_1_795' title='bbox 2430 2987 2497 3026; x_wconf 86' lang='lat' dir='ltr'>fuit</span> 
     </span>
     <span class='ocr_line' id='line_1_113' title="bbox 1423 3040 2497 3090; baseline 0.006 -17"><span class='ocrx_word' id='word_1_796' title='bbox 1423 3045 1553 3085; x_wconf 88' lang='lat' dir='ltr'>raptus</span> <span class='ocrx_word' id='word_1_797' title='bbox 1581 3043 1669 3074; x_wconf 87' lang='lat' dir='ltr'>ante</span> <span class='ocrx_word' id='word_1_798' title='bbox 1696 3050 1817 3075; x_wconf 87' lang='lat' dir='ltr'>annos</span> <span class='ocrx_word' id='word_1_799' title='bbox 1845 3041 2150 3087; x_wconf 86' lang='lat' dir='ltr'>quatuordecim:</span> <span class='ocrx_word' id='word_1_800' title='bbox 2188 3047 2225 3077; x_wconf 88' lang='lat' dir='ltr'>et</span> <span class='ocrx_word' id='word_1_801' title='bbox 2253 3052 2294 3077; x_wconf 88' lang='lat' dir='ltr'>se</span> <span class='ocrx_word' id='word_1_802' title='bbox 2322 3040 2359 3078; x_wconf 90' lang='lat' dir='ltr'>in</span> <span class='ocrx_word' id='word_1_803' title='bbox 2387 3053 2497 3090; x_wconf 84' lang='lat' dir='ltr'>prae-</span> 
     </span>
     <span class='ocr_line' id='line_1_114' title="bbox 1422 3090 2495 3142; baseline 0.006 -16"><span class='ocrx_word' id='word_1_804' title='bbox 1422 3090 1517 3127; x_wconf 89' lang='lat' dir='ltr'>senti</span> <span class='ocrx_word' id='word_1_805' title='bbox 1551 3091 1695 3128; x_wconf 85' lang='lat' dir='ltr'>nescire</span> <span class='ocrx_word' id='word_1_806' title='bbox 1733 3097 1859 3129; x_wconf 87' lang='lat' dir='ltr'>utrum</span> <span class='ocrx_word' id='word_1_807' title='bbox 1893 3093 1930 3130; x_wconf 86' lang='lat' dir='ltr'>in</span> <span class='ocrx_word' id='word_1_808' title='bbox 1959 3102 2120 3142; x_wconf 80' lang='lat' dir='ltr'>corpore</span> <span class='ocrx_word' id='word_1_809' title='bbox 2145 3093 2273 3142; x_wconf 84' lang='lat' dir='ltr'>suerit</span> <span class='ocrx_word' id='word_1_810' title='bbox 2298 3093 2360 3131; x_wconf 88' lang='lat' dir='ltr'>vel</span> <span class='ocrx_word' id='word_1_811' title='bbox 2385 3100 2495 3132; x_wconf 85' lang='lat' dir='ltr'>extra</span> 
     </span>
    </p>
   </div>
   <div class='ocr_carea' id='block_1_41' title="bbox 1394 3144 1571 3192">
    <p class='ocr_par' dir='ltr' id='par_1_45' title="bbox 1394 3144 1571 3192">
     <span class='ocr_line' id='line_1_115' title="bbox 1394 3144 1571 3192; baseline 0.006 -12"><span class='ocrx_word' id='word_1_812' title='bbox 1394 3144 1395 3188; x_wconf 67' lang='lat'>3</span> <span class='ocrx_word' id='word_1_813' title='bbox 1422 3155 1571 3192; x_wconf 83' lang='lat' dir='ltr'>corpus.</span> 
     </span>
    </p>
   </div>
   <div class='ocr_carea' id='block_1_42' title="bbox 1423 3197 2496 3359">
    <p class='ocr_par' dir='ltr' id='par_1_46' title="bbox 1423 3197 2496 3359">
     <span class='ocr_line' id='line_1_116' title="bbox 1477 3197 2496 3250; baseline 0.004 -15"><span class='ocrx_word' id='word_1_814' title='bbox 1477 3198 1526 3234; x_wconf 92' lang='lat' dir='ltr'>Et</span> <span class='ocrx_word' id='word_1_815' title='bbox 1546 3197 1632 3235; x_wconf 90' lang='lat' dir='ltr'>ideo</span> <span class='ocrx_word' id='word_1_816' title='bbox 1653 3198 1861 3236; x_wconf 89' lang='lat' dir='ltr'>dicendum</span> <span class='ocrx_word' id='word_1_817' title='bbox 1882 3206 1938 3236; x_wconf 88' lang='lat' dir='ltr'>est</span> <span class='ocrx_word' id='word_1_818' title='bbox 1966 3199 2072 3247; x_wconf 91' lang='lat' dir='ltr'>quod</span> <span class='ocrx_word' id='word_1_819' title='bbox 2098 3207 2134 3236; x_wconf 91' lang='lat' dir='ltr'>et</span> <span class='ocrx_word' id='word_1_820' title='bbox 2163 3199 2267 3249; x_wconf 90' lang='lat' dir='ltr'>prius</span> <span class='ocrx_word' id='word_1_821' title='bbox 2297 3208 2333 3238; x_wconf 89' lang='lat' dir='ltr'>et</span> <span class='ocrx_word' id='word_1_822' title='bbox 2360 3209 2496 3250; x_wconf 89' lang='lat' dir='ltr'>postea</span> 
     </span>
     <span class='ocr_line' id='line_1_117' title="bbox 1423 3250 2495 3303; baseline 0.005 -16"><span class='ocrx_word' id='word_1_823' title='bbox 1423 3250 1582 3288; x_wconf 87' lang='lat' dir='ltr'>nescivit</span> <span class='ocrx_word' id='word_1_824' title='bbox 1616 3258 1744 3288; x_wconf 89' lang='lat' dir='ltr'>utrum</span> <span class='ocrx_word' id='word_1_825' title='bbox 1774 3251 1855 3288; x_wconf 90' lang='lat' dir='ltr'>eius</span> <span class='ocrx_word' id='word_1_826' title='bbox 1884 3251 2012 3289; x_wconf 89' lang='lat' dir='ltr'>anima</span> <span class='ocrx_word' id='word_1_827' title='bbox 2045 3252 2156 3290; x_wconf 87' lang='lat' dir='ltr'>fuerit</span> <span class='ocrx_word' id='word_1_828' title='bbox 2191 3266 2213 3290; x_wconf 90' lang='lat' dir='ltr'>a</span> <span class='ocrx_word' id='word_1_829' title='bbox 2243 3266 2404 3303; x_wconf 89' lang='lat' dir='ltr'>corpore</span> <span class='ocrx_word' id='word_1_830' title='bbox 2437 3267 2495 3292; x_wconf 89' lang='lat' dir='ltr'>se-</span> 
     </span>
     <span class='ocr_line' id='line_1_118' title="bbox 1423 3304 2494 3359; baseline 0.005 -18"><span class='ocrx_word' id='word_1_831' title='bbox 1423 3310 1565 3352; x_wconf 87' lang='lat' dir='ltr'>parata.</span> <span class='ocrx_word' id='word_1_832' title='bbox 1606 3305 1717 3342; x_wconf 88' lang='lat' dir='ltr'>Unde</span> <span class='ocrx_word' id='word_1_833' title='bbox 1746 3304 1982 3354; x_wconf 82' lang='lat' dir='ltr'>Augustinus</span> <span class='ocrx_word' id='word_1_834' title='bbox 2017 3304 2125 3354; x_wconf 89' lang='lat' dir='ltr'>dicit,</span> <span class='ocrx_word' id='word_1_835' title='bbox 2156 3306 2225 3343; x_wconf 86' lang='lat' dir='ltr'>XII</span> <span class='ocrx_word' id='word_1_836' title='bbox 2254 3319 2369 3357; x_wconf 86' lang='lat' dir='ltr'>super</span> <span class='ocrx_word' id='word_1_837' title='bbox 2399 3307 2494 3359; x_wconf 64' lang='lat' dir='ltr'>Gen4</span> 
     </span>
    </p>
   </div>
   <div class='ocr_carea' id='block_1_43' title="bbox 1651 3489 1796 3494">
    <p class='ocr_par' dir='ltr' id='par_1_47' title="bbox 1651 3489 1796 3494">
     <span class='ocr_line' id='line_1_119' title="bbox 1651 3489 1796 3494; baseline 0 0"><span class='ocrx_word' id='word_1_838' title='bbox 1651 3489 1796 3494; x_wconf 95' lang='lat' dir='ltr'> </span> 
     </span>
    </p>
   </div>
   <div class='ocr_carea' id='block_1_44' title="bbox 1476 3489 1650 3496">
    <p class='ocr_par' dir='ltr' id='par_1_48' title="bbox 1476 3489 1650 3496">
     <span class='ocr_line' id='line_1_120' title="bbox 1476 3489 1650 3496; baseline 0 702"><span class='ocrx_word' id='word_1_839' title='bbox 1476 3489 1650 3496; x_wconf 95' lang='lat' dir='ltr'> </span> 
     </span>
    </p>
   </div>
   <div class='ocr_carea' id='block_1_45' title="bbox 1478 3524 1927 3560">
    <p class='ocr_par' dir='ltr' id='par_1_49' title="bbox 1478 3524 1927 3560">
     <span class='ocr_line' id='line_1_121' title="bbox 1478 3524 1927 3560; baseline 0.002 -9"><span class='ocrx_word' id='word_1_840' title='bbox 1478 3525 1504 3560; x_wconf 68' lang='lat' dir='ltr'>a)</span> <span class='ocrx_word' id='word_1_841' title='bbox 1523 3526 1696 3559; x_wconf 59' lang='lat' dir='ltr'>emman·</span> <span class='ocrx_word' id='word_1_842' title='bbox 1713 3524 1841 3558; x_wconf 67' lang='lat' dir='ltr'>reprobat</span> <span class='ocrx_word' id='word_1_843' title='bbox 1859 3526 1927 3552; x_wconf 76' lang='lat' dir='ltr'>Pca.</span> 
     </span>
    </p>
   </div>
   <div class='ocr_carea' id='block_1_46' title="bbox 1478 3561 2327 3596">
    <p class='ocr_par' dir='ltr' id='par_1_50' title="bbox 1478 3561 2327 3596">
     <span class='ocr_line' id='line_1_122' title="bbox 1478 3561 2327 3596; baseline 0.004 -9"><span class='ocrx_word' id='word_1_844' title='bbox 1478 3562 1501 3595; x_wconf 77' lang='grc' dir='ltr'>ε)</span> <span class='ocrx_word' id='word_1_845' title='bbox 1521 3561 1678 3588; x_wconf 71' lang='lat' dir='ltr'>nominavit.</span> <span class='ocrx_word' id='word_1_846' title='bbox 1691 3575 1710 3581; x_wconf 95' lang='lat'><em>-</em></span> <span class='ocrx_word' id='word_1_847' title='bbox 1727 3561 1868 3587; x_wconf 73' lang='lat' dir='ltr'>nominant</span> <span class='ocrx_word' id='word_1_848' title='bbox 1886 3563 1995 3596; x_wconf 80' lang='lat' dir='ltr'>ABKpC</span> <span class='ocrx_word' id='word_1_849' title='bbox 2014 3569 2041 3589; x_wconf 85' lang='lat' dir='ltr'>et</span> <span class='ocrx_word' id='word_1_850' title='bbox 2058 3571 2083 3593; x_wconf 84' lang='lat' dir='ltr'>a,</span> <span class='ocrx_word' id='word_1_851' title='bbox 2103 3563 2226 3590; x_wconf 71' lang='lat' dir='ltr'>nominat</span> <span class='ocrx_word' id='word_1_852' title='bbox 2243 3564 2327 3591; x_wconf 80' lang='lat' dir='ltr'>DGH.</span> 
     </span>
    </p>
   </div>
   <div class='ocr_carea' id='block_1_47' title="bbox 1393 2141 1402 3622">
    <p class='ocr_par' dir='ltr' id='par_1_51' title="bbox 1393 2141 1402 3622">
     <span class='ocr_line' id='line_1_123' title="bbox 1393 2141 1402 3622; baseline 0 0"><span class='ocrx_word' id='word_1_853' title='bbox 1393 2141 1402 3622; x_wconf 95' lang='lat' dir='ltr'> </span> 
     </span>
    </p>
   </div>
   <div class='ocr_carea' id='block_1_48' title="bbox 301 3595 709 3622">
    <p class='ocr_par' dir='ltr' id='par_1_52' title="bbox 301 3595 709 3622">
     <span class='ocr_line' id='line_1_124' title="bbox 301 3595 709 3622; baseline 0.005 -2"><span class='ocrx_word' id='word_1_854' title='bbox 301 3600 361 3620; x_wconf 81' lang='lat' dir='ltr'>ante</span> <span class='ocrx_word' id='word_1_855' title='bbox 379 3595 486 3620; x_wconf 76' lang='lat' dir='ltr'>videtur</span> <span class='ocrx_word' id='word_1_856' title='bbox 504 3595 540 3621; x_wconf 76' lang='lat' dir='ltr'>sC</span> <span class='ocrx_word' id='word_1_857' title='bbox 559 3596 629 3620; x_wconf 78' lang='lat' dir='ltr'>addit</span> <span class='ocrx_word' id='word_1_858' title='bbox 647 3603 709 3622; x_wconf 82' lang='lat' dir='ltr'>non.</span> 
     </span>
    </p>
   </div>
   <div class='ocr_carea' id='block_1_49' title="bbox 355 3630 1399 3666">
    <p class='ocr_par' dir='ltr' id='par_1_53' title="bbox 355 3630 1399 3666">
     <span class='ocr_line' id='line_1_125' title="bbox 355 3630 1399 3666; baseline 0.002 -10"><span class='ocrx_word' id='word_1_859' title='bbox 355 3632 381 3664; x_wconf 86' lang='grc' dir='ltr'>γ)</span> <span class='ocrx_word' id='word_1_860' title='bbox 401 3630 508 3656; x_wconf 81' lang='lat' dir='ltr'>scilicet.</span> <span class='ocrx_word' id='word_1_861' title='bbox 521 3644 540 3649; x_wconf 94' lang='lat'>—</span> <span class='ocrx_word' id='word_1_862' title='bbox 558 3630 582 3656; x_wconf 80' lang='lat' dir='ltr'>si</span> <span class='ocrx_word' id='word_1_863' title='bbox 600 3631 802 3663; x_wconf 79' lang='lat' dir='ltr'>ABDEFHLpC</span> <span class='ocrx_word' id='word_1_864' title='bbox 821 3637 846 3656; x_wconf 86' lang='lat' dir='ltr'>et</span> <span class='ocrx_word' id='word_1_865' title='bbox 864 3639 889 3657; x_wconf 81' lang='lat' dir='ltr'>a.</span> <span class='ocrx_word' id='word_1_866' title='bbox 1396 3635 1399 3666; x_wconf 64' lang='lat' dir='ltr'>ff</span> 
     </span>
    </p>
   </div>
   <div class='ocr_carea' id='block_1_50' title="bbox 1477 3596 2491 3668">
    <p class='ocr_par' dir='ltr' id='par_1_54' title="bbox 1477 3596 2491 3668">
     <span class='ocr_line' id='line_1_126' title="bbox 1478 3596 1807 3631; baseline 0 -8"><span class='ocrx_word' id='word_1_867' title='bbox 1478 3596 1504 3631; x_wconf 78' lang='grc' dir='ltr'>ζ)</span> <span class='ocrx_word' id='word_1_868' title='bbox 1524 3604 1594 3623; x_wconf 74' lang='lat' dir='ltr'>vere.</span> <span class='ocrx_word' id='word_1_869' title='bbox 1605 3610 1624 3618; x_wconf 92' lang='lat'>-</span> <span class='ocrx_word' id='word_1_870' title='bbox 1641 3604 1733 3623; x_wconf 74' lang='lat' dir='ltr'>verum</span> <span class='ocrx_word' id='word_1_871' title='bbox 1755 3597 1807 3623; x_wconf 80' lang='lat' dir='ltr'>PG.</span> 
     </span>
     <span class='ocr_line' id='line_1_127' title="bbox 1477 3633 2491 3668; baseline 0.004 -11"><span class='ocrx_word' id='word_1_872' title='bbox 1477 3633 1504 3665; x_wconf 82' lang='grc' dir='ltr'>η)</span> <span class='ocrx_word' id='word_1_873' title='bbox 1525 3636 1615 3658; x_wconf 77' lang='lat' dir='ltr'>utrum</span> <span class='ocrx_word' id='word_1_874' title='bbox 1635 3636 1710 3658; x_wconf 77' lang='lat' dir='ltr'>esset.</span> <span class='ocrx_word' id='word_1_875' title='bbox 1722 3647 1741 3652; x_wconf 98' lang='lat'><em>-</em></span> <span class='ocrx_word' id='word_1_876' title='bbox 1759 3640 1815 3659; x_wconf 79' lang='lat' dir='ltr'>esse</span> <span class='ocrx_word' id='word_1_877' title='bbox 1833 3634 1873 3659; x_wconf 88' lang='lat' dir='ltr'>ed.</span> <span class='ocrx_word' id='word_1_878' title='bbox 1893 3642 1918 3664; x_wconf 82' lang='lat' dir='ltr'>a,</span> <span class='ocrx_word' id='word_1_879' title='bbox 1938 3637 1987 3659; x_wconf 80' lang='lat' dir='ltr'>aut</span> <span class='ocrx_word' id='word_1_880' title='bbox 2010 3642 2066 3660; x_wconf 79' lang='lat' dir='ltr'>esse</span> <span class='ocrx_word' id='word_1_881' title='bbox 2086 3634 2118 3666; x_wconf 87' lang='grc' dir='ltr'>Ρ;</span> <span class='ocrx_word' id='word_1_882' title='bbox 2139 3643 2200 3661; x_wconf 83' lang='lat' dir='ltr'>mox</span> <span class='ocrx_word' id='word_1_883' title='bbox 2226 3643 2273 3668; x_wconf 85' lang='lat' dir='ltr'>pro</span> <span class='ocrx_word' id='word_1_884' title='bbox 2291 3638 2368 3666; x_wconf 66' lang='lat' dir='ltr'>esset,</span> <span class='ocrx_word' id='word_1_885' title='bbox 2387 3642 2444 3662; x_wconf 71' lang='lat' dir='ltr'>esse</span> <span class='ocrx_word' id='word_1_886' title='bbox 2463 3635 2491 3661; x_wconf 85' lang='grc' dir='ltr'>Ρ.</span> 
     </span>
    </p>
   </div>
   <div class='ocr_carea' id='block_1_51' title="bbox 1395 3356 2532 3466">
    <p class='ocr_par' dir='ltr' id='par_1_55' title="bbox 1395 3356 2532 3466">
     <span class='ocr_line' id='line_1_128' title="bbox 1422 3356 2532 3407; baseline 0.005 -13"><span class='ocrx_word' id='word_1_887' title='bbox 1422 3357 1474 3394; x_wconf 86' lang='lat' dir='ltr'>ad</span> <span class='ocrx_word' id='word_1_888' title='bbox 1500 3357 1564 3394; x_wconf 89' lang='lat' dir='ltr'>litt.</span> <span class='ocrx_word' id='word_1_889' title='bbox 1585 3357 1618 3404; x_wconf 74' lang='lat'>³¹⁸,</span> <span class='ocrx_word' id='word_1_890' title='bbox 1647 3364 1735 3407; x_wconf 88' lang='lat' dir='ltr'>post</span> <span class='ocrx_word' id='word_1_891' title='bbox 1757 3356 1912 3407; x_wconf 80' lang='lat' dir='ltr'>longam</span> <span class='ocrx_word' id='word_1_892' title='bbox 1932 3357 2216 3407; x_wconf 90' lang='lat' dir='ltr'>inquisitionem</span> <span class='ocrx_word' id='word_1_893' title='bbox 2237 3360 2493 3399; x_wconf 87' lang='lat' dir='ltr'>concludens:</span> <span class='ocrx_word' id='word_1_894' title='bbox 2523 3370 2532 3382; x_wconf 80' lang='lat'>⁸</span> 
     </span>
     <span class='ocr_line' id='line_1_129' title="bbox 1395 3409 2495 3466; baseline 0.005 -18"><span class='ocrx_word' id='word_1_895' title='bbox 1395 3412 1396 3418; x_wconf 76' lang='grc'>’</span> <span class='ocrx_word' id='word_1_896' title='bbox 1422 3410 1552 3449; x_wconf 80' lang='lat' dir='ltr'>Restat</span> <span class='ocrx_word' id='word_1_897' title='bbox 1579 3423 1673 3461; x_wconf 81' lang='lat' dir='ltr'>ergo</span> <span class='ocrx_word' id='word_1_898' title='bbox 1689 3409 1861 3460; x_wconf 82' lang='lat' dir='ltr'>fortasse</span> <span class='ocrx_word' id='word_1_899' title='bbox 1889 3417 1929 3448; x_wconf 85' lang='lat' dir='ltr'>ut</span> <span class='ocrx_word' id='word_1_900' title='bbox 1955 3413 2027 3449; x_wconf 85' lang='lat' dir='ltr'>hoc</span> <span class='ocrx_word' id='word_1_901' title='bbox 2046 3413 2169 3461; x_wconf 87' lang='lat' dir='ltr'>ipsum</span> <span class='ocrx_word' id='word_1_902' title='bbox 2189 3426 2276 3452; x_wconf 85' lang='lat' dir='ltr'>eum</span> <span class='ocrx_word' id='word_1_903' title='bbox 2295 3415 2495 3466; x_wconf 81' lang='lat' dir='ltr'>ignorasse</span> 
     </span>
    </p>
   </div>
   <div class='ocr_carea' id='block_1_52' title="bbox 2516 838 2706 932">
    <p class='ocr_par' dir='ltr' id='par_1_56' title="bbox 2538 838 2706 932">
     <span class='ocr_line' id='line_1_130' title="bbox 2611 838 2626 864; baseline 0 0"><span class='ocrx_word' id='word_1_904' title='bbox 2611 838 2626 864; x_wconf 80' lang='grc' dir='ltr'>δ</span> 
     </span>
     <span class='ocr_line' id='line_1_131' title="bbox 2516 903 2706 932; baseline -0.006 -5.869"><span class='ocrx_word' id='word_1_905' title='bbox 2516 903 2596 932; x_wconf 82' lang='lat' dir='ltr'>cap.</span> <span class='ocrx_word' id='word_1_906' title='bbox 2611 909 2638 926; x_wconf 91' lang='grc' dir='ltr'>ιιι</span> <span class='ocrx_word' id='word_1_907' title='bbox 2653 909 2706 932; x_wconf 74' lang='lat' dir='ltr'>nqq.</span> 
     </span>
    </p>
   </div>
  </div>
 </body>
</html>
