2768 4198
67 1581 79 1594 ⁴
90 1580 162 1605 Nm.
176 1587 211 1604 ιιι,

71 3317 83 3328 ·
95 3315 196 3338 Interlin.

73 3358 83 3369 ⁸
96 3356 163 3379 Vera.
178 3362 208 3378 ιι.

1019 296 1287 344 QUAESTIO
1317 296 1383 332 CL

69 382 157 404 ⁸Num.
167 382 278 408 1‚Tern·o.
307 380 383 409 vino
406 378 530 419 gravius
553 376 731 407 infirmatur
749 376 781 406 *2
807 377 956 406 standum
981 383 1061 405 esset
1092 375 1225 405 consilio
1250 374 1379 404 medici—

308 432 382 460 nae;
407 433 446 453 eo
470 423 559 463 quod
583 421 691 461 regula
722 421 782 451 cibi
807 428 837 450 et
861 428 957 460 potus
981 419 1183 450 infirmorum
1211 419 1243 449 in
1268 418 1380 449 ordine

309 468 347 498 ad
371 467 537 497 sanitatem
562 465 703 506 corporis
727 466 767 495 ad
791 472 890 495 artem
915 464 1090 494 medicinae
1115 470 1244 504 spectat.

363 512 414 542 Ad
437 511 572 541 alterum
596 519 682 545 vero,
707 510 746 539 de
770 509 919 540 ebrietate
941 509 981 539 ad
1006 509 1193 540 evitandum
1217 507 1380 538 saevitiam

72 559 271 587 ·1bid.‚Quarto.
308 555 432 597 tyranni
456 562 511 585 aut
534 553 669 585 infidelis
684 553 711 589 *,
735 554 945 594 respondetur
967 554 1066 593 quod,
1093 563 1167 583 cum
1191 560 1286 592 potus
1310 551 1380 582 talis

308 601 341 630 in
365 600 477 630 ordine
500 599 540 630 ad
573 597 742 639 proprium
765 605 795 628 et
819 598 1003 638 proximum
1033 597 1130 628 finem
1159 597 1199 628 sit
1222 596 1379 627 immode-

309 651 404 680 ratus,
429 643 505 684 quia
527 643 560 673 in
584 642 696 674 ordine
720 643 759 672 ad
784 652 900 682 corpus
925 651 954 673 et
980 652 1075 672 usum
1099 641 1228 672 rationis
1253 648 1299 671 est
1322 640 1380 670 im-

309 689 507 724 moderatus;
533 694 563 718 et
586 686 773 717 huiusmodi
797 686 1039 723 immoderatio,
1065 686 1198 717 scienter
1222 684 1317 720 facta,
1343 684 1382 715 sit

308 739 476 773 peccatum
498 742 535 762 ex
559 741 620 762 suo
653 740 780 771 genere;
805 738 836 762 et
860 741 922 761 non
946 732 1011 762 sint
1033 730 1194 772 facienda
1227 730 1314 760 mala
1346 734 1382 759 ut

67 780 280 829 :rssfffgfn-maffly
308 778 459 808 eveniant
472 777 555 807 bona
566 776 600 806 *z
625 785 692 806 non
709 783 911 806 excusaretur
925 786 943 806 a
959 782 1101 816 peccato,
1119 784 1186 805 non
1202 774 1309 804 solum
1324 772 1380 813 qui

307 821 524 857 inebriaretur,
541 820 596 851 sed
620 830 678 851 nec
702 820 727 851 si
752 820 897 851 medium
921 820 1083 851 excederet
1097 819 1131 850 in
1147 819 1218 850 cibo
1235 825 1265 848 et
1288 825 1380 857 potu,

309 873 344 897 ut
367 866 514 897 evaderet
537 865 700 896 saevitiam
715 865 840 906 tyranni
857 872 912 895 aut
935 864 1081 895 infidelis.
1105 864 1181 894 Non
1198 869 1273 893 sunt
1296 861 1382 892 enim

308 909 386 941 haec
409 919 549 950 congrua
575 909 680 940 media
704 909 743 939 ad
767 909 954 940 huiusmodi
978 908 1086 939 finem.

351 954 404 985 XI.
417 954 451 984 In
463 954 579 985 eodem
591 954 732 984 secundo
747 953 881 985 articulo
894 952 1089 994 quaestionis
1102 949 1383 990 centesimaequin—

307 999 509 1040 quagesimae
529 998 664 1029 dubium
685 997 765 1029 circa
781 998 990 1038 principalem
1013 996 1255 1028 conclusionem
1275 1003 1383 1024 occur-

308 1043 362 1074 rit:
379 1054 430 1080 an,
447 1043 574 1080 scilicet,
592 1043 724 1073 ebrietas
740 1042 780 1073 sit
796 1043 930 1073 mortale
946 1049 1122 1082 peccatum.
1146 1040 1280 1070 Videtur
1296 1047 1384 1068 nam-

308 1098 370 1128 que
384 1087 466 1119 ratio
477 1087 510 1118 in
523 1087 723 1128 oppositum.
740 1087 905 1124 Quoniam
922 1085 1088 1117 delectatio
1104 1083 1289 1124 impeditiva
1305 1092 1382 1112 usus

308 1132 456 1168 rationis,
481 1142 537 1162 seu
563 1131 820 1172 concupiscentia
843 1131 908 1161 vini
932 1129 1108 1170 impeditivi
1138 1138 1216 1159 usus
1239 1126 1381 1162 rationis,

308 1186 390 1218 quae
414 1176 591 1216 assignatur
620 1186 679 1217 pro
705 1185 798 1207 causa
822 1174 943 1216 peccati
969 1173 1129 1209 mortalis,
1155 1182 1222 1203 non
1246 1178 1293 1201 est
1316 1169 1381 1200 suf·
1408 1192 1409 1211 3

308 1219 416 1252 ficiens
440 1220 519 1252 ratio
543 1220 665 1261 peccati
687 1219 846 1251 mortalis:
871 1219 1018 1260 quamvis
1041 1217 1081 1248 sit
1105 1216 1264 1247 sufficiens
1289 1224 1383 1245 causa

308 1265 438 1306 peccati.
470 1264 635 1302 Quoniam
666 1274 724 1295 nec
748 1263 915 1295 delectatio
945 1273 1000 1293 seu
1037 1259 1294 1302 concupiscentia
1316 1258 1382 1288 vini

278 1309 544 1351 „secunduffi'se
573 1315 619 1340 est
646 1315 814 1350 peccatum
843 1307 993 1343 mortale,
1018 1306 1078 1336 nisi
1109 1306 1142 1336 in
1175 1315 1212 1336 ea
1243 1310 1384 1345 ponatur

308 1353 380 1385 finis
403 1354 537 1386 ultimus
560 1351 664 1396 (quod
689 1359 735 1384 est
758 1359 842 1384 extra
866 1348 1104 1392 propositum):
1129 1359 1188 1380 nec
1211 1348 1335 1389 privare
1349 1357 1383 1378 se

308 1409 368 1430 usu
393 1398 524 1430 rationis
553 1398 700 1428 absolute
729 1404 777 1428 est
799 1403 967 1437 peccatum
991 1395 1142 1431 mortale,
1171 1400 1206 1424 ut
1233 1399 1321 1434 patet
1343 1392 1383 1423 de

308 1442 486 1474 dormiente
509 1441 699 1474 voluntarie.
723 1441 756 1472 Si
779 1440 874 1481 igitur
900 1447 947 1471 est
970 1439 1021 1470 hic
1045 1446 1211 1480 peccatum
1236 1436 1381 1472 mortale,

308 1493 437 1529 oportet
459 1486 549 1528 quod
573 1486 612 1517 sit
635 1496 672 1516 ex
696 1492 834 1527 utroque
850 1484 947 1515 simul
971 1484 1100 1514 iuncto:
1126 1482 1244 1514 scilicet
1260 1491 1297 1512 ex
1320 1481 1383 1511 hoc

307 1532 398 1574 quod
421 1530 678 1572 concupiscentia
701 1539 757 1560 seu
782 1528 949 1560 delectatio
973 1528 1038 1558 vini
1069 1534 1116 1559 est
1139 1526 1274 1558 ablativa
1304 1535 1382 1556 usus

307 1576 448 1608 tationis.
476 1575 518 1606 Et
539 1574 603 1606 hoc
627 1574 776 1615 superius
790 1573 808 1593 *
831 1573 1069 1604 affirmavimus.
1101 1572 1163 1603 Sed
1191 1570 1281 1612 quod
1304 1570 1382 1600 haec

308 1621 374 1658 duo
393 1619 490 1652 simul
511 1629 579 1650 non
606 1618 765 1651 sufficiant
787 1618 827 1648 ad
850 1624 1019 1659 peccatum
1050 1616 1204 1652 mortale,
1229 1615 1383 1656 probatur

308 1664 487 1706 dupliciter.

361 1709 488 1746 Primo,
513 1707 661 1740 ducendo
685 1707 725 1737 ad
748 1705 992 1737 inconveniens:
1025 1705 1144 1737 scilicet
1166 1704 1256 1746 quod
1280 1703 1382 1734 sciens

305 1761 338 1786 et
359 1754 471 1784 volens
495 1752 635 1784 dormire
658 1751 818 1792 superflue
842 1761 879 1782 ex
902 1751 1111 1782 delectatione
1134 1759 1233 1790 quam
1249 1747 1383 1789 percipit

305 1798 339 1830 in
363 1807 464 1840 aquae
497 1796 643 1828 stillantis
667 1796 795 1834 sonitu,
819 1802 964 1836 peccaret
997 1793 1182 1826 mortaliter.
1217 1792 1382 1830 Quoniam

306 1842 479 1884 utrobique
503 1851 540 1873 ex
563 1840 742 1872 delectabili
763 1839 876 1870 volens
893 1845 924 1870 et
939 1839 1041 1870 sciens
1057 1839 1160 1880 privat
1175 1848 1208 1868 se
1231 1837 1303 1879 quis
1321 1846 1381 1868 usu

305 1887 448 1919 rationis.
476 1887 517 1917 Et
550 1885 694 1916 similiter
725 1884 923 1926 quicumque
947 1893 984 1914 ex
1007 1884 1114 1924 aliqua
1141 1892 1236 1914 causa
1267 1881 1381 1912 veniali

305 1931 484 1962 secundum
508 1940 558 1967 se,
582 1930 694 1960 volens
718 1936 748 1960 et
773 1928 888 1964 sciens,
913 1928 981 1958 sine
1008 1927 1190 1958 necessitate
1218 1925 1381 1962 dormiret,
1406 1941 1408 1965 :

306 1982 450 2017 peccaret
472 1974 663 2005 mortaliter:
689 1974 765 2014 quia
787 1983 825 2003 ex
844 1972 1023 2014 proposito,
1040 1979 1071 2003 et
1095 1981 1188 2002 causa
1205 1971 1298 2007 mala,
1315 1970 1380 2011 pri-

305 2027 393 2051 varet
417 2030 449 2050 se
473 2029 535 2050 usu
558 2017 700 2050 rationis.
723 2017 778 2048 Nil
801 2017 888 2048 enim
910 2017 984 2057 plus
1008 2016 1084 2048 mali
1108 2016 1222 2057 culpae
1245 2015 1382 2056 assigna-

307 2071 358 2096 tur
381 2064 413 2094 in
438 2063 540 2095 causis
564 2062 722 2094 ebrietatis
746 2072 844 2103 quam
869 2061 902 2092 in
926 2061 1003 2092 istis.

363 2108 486 2139 Deinde
509 2108 663 2148 probatur
681 2106 850 2137 ostensive.
876 2106 961 2143 Quia
976 2105 1098 2146 privare
1115 2115 1148 2135 se
1164 2115 1224 2136 usu
1249 2103 1381 2135 rationis

308 2153 464 2193 contingit
495 2152 680 2193 dupliciter:
715 2150 833 2182 scilicet
856 2150 1054 2191 simpliciter;
1088 2156 1119 2180 et
1142 2149 1183 2180 ad
1213 2148 1380 2179 modicum

307 2205 445 2238 tempus.
478 2196 587 2227 Primo
610 2195 721 2231 modo,
746 2203 793 2226 est
815 2194 992 2225 maximum
1017 2193 1164 2237 malum„
1179 2199 1216 2224 ut
1238 2199 1325 2233 patet
1346 2192 1380 2222 in

307 2242 502 2273 amentibus:
528 2247 559 2271 et
582 2241 673 2271 nullo
698 2240 798 2270 modo
821 2239 903 2275 licet,
929 2238 1034 2269 multo
1058 2238 1165 2268 minus
1188 2247 1287 2278 quam
1315 2237 1379 2278 pri-

306 2296 378 2317 vare
402 2285 543 2327 aliquem
565 2284 635 2315 visu
661 2283 828 2324 corporali.
861 2283 923 2314 Sed
947 2282 1089 2313 secundo
1113 2282 1231 2319 modo,
1257 2288 1380 2312 constat

306 2331 396 2372 quod
420 2339 486 2360 non
510 2335 557 2360 est
579 2334 747 2370 peccatum
771 2327 906 2358 mortale
931 2337 967 2358 ex
992 2337 1052 2358 suo
1076 2335 1205 2366 genere:
1235 2333 1271 2357 ut
1293 2333 1380 2367 patet

306 2384 344 2406 ex
359 2383 477 2406 somno
493 2380 524 2404 et
547 2383 584 2404 ex
600 2372 778 2404 dormiente
794 2371 955 2412 superflue
978 2371 1122 2402 scienter.
1147 2371 1285 2412 Oportet
1304 2381 1379 2411 ergo

305 2418 426 2461 aliquid
450 2427 612 2459 apponere
637 2417 723 2448 unde
745 2417 861 2447 habeat
888 2416 1046 2447 rationem
1070 2415 1190 2456 peccati
1223 2417 1378 2448 mortalis.

305 2463 367 2495 Sed
391 2473 428 2494 ex
451 2462 599 2493 adiuncta
617 2461 875 2503 concupiscentia
894 2467 948 2491 aut
970 2460 1179 2492 delectatione
1200 2467 1298 2501 potus
1314 2461 1380 2492 vini

306 2508 367 2539 hoc
390 2517 456 2538 non
474 2507 621 2538 habetur:
645 2506 721 2548 quia
738 2506 916 2537 secundum
932 2515 965 2535 se
985 2512 1040 2536 aut
1055 2515 1122 2535 non
1138 2510 1185 2536 est
1199 2513 1378 2545 peccatum,

307 2558 362 2584 aut
384 2551 516 2582 veniale.
540 2551 636 2591 Ergo.

362 2596 432 2627 XII.
456 2596 507 2626 Ad
529 2595 592 2626 hoc
622 2601 727 2636 potest
754 2593 828 2631 dici,
853 2603 972 2634 novam
994 2593 1227 2624 introducendo
1251 2595 1377 2635 opinio-

307 2651 398 2677 nem,
423 2640 525 2670 immo
553 2638 662 2680 potius
692 2638 856 2680 antiquam
886 2638 1086 2675 renovando,
1111 2638 1201 2679 quod
1235 2638 1378 2675 ebrietas,

308 2685 367 2716 nisi
390 2685 430 2715 sit
452 2684 590 2720 assidua,
607 2693 674 2714 non
698 2689 745 2714 est
767 2689 934 2723 peccatum
950 2682 1094 2714 mortale.
1118 2682 1194 2713 Non
1209 2684 1300 2724 quod
1323 2683 1379 2714 ite-

306 2729 387 2761 ratio
417 2735 506 2759 actus
535 2727 629 2759 faciat
651 2728 690 2758 de
712 2726 827 2758 veniali
851 2727 998 2758 mortale:
1035 2727 1090 2757 sed
1113 2726 1188 2768 quia
1211 2727 1311 2758 virtus
1331 2737 1379 2758 as-

307 2774 417 2805 siduae
447 2772 605 2804 ebrietatis
628 2778 675 2802 est
705 2771 887 2802 notabiliter
913 2770 1098 2812 impeditiva
1128 2781 1206 2802 usus
1237 2771 1378 2808 rationis,

307 2826 339 2850 et
361 2827 417 2859 per
439 2817 502 2848 hoc
526 2817 676 2848 notabilis
699 2815 887 2846 nocumenti
902 2815 1020 2846 illativa
1035 2815 1170 2852 homini,
1187 2815 1244 2856 qui
1268 2826 1380 2847 secun-

308 2862 388 2894 dum
410 2862 568 2892 rationem
591 2861 695 2892 vivere
719 2861 826 2897 debet;
859 2859 892 2890 in
917 2870 981 2890 una
1004 2866 1112 2890 autem
1143 2859 1290 2891 ebrietate
1314 2871 1380 2891 non

309 2914 355 2938 est
378 2906 565 2938 huiusmodi
588 2905 635 2936 vis
668 2904 902 2936 damnificativa
929 2903 1110 2935 notabiliter
1137 2913 1215 2935 usus
1238 2904 1379 2942 rationis,

309 2958 344 2982 ut
368 2950 558 2992 expedenda
580 2950 687 2981 testari
710 2949 845 2980 videtur.
876 2948 965 2980 Sicut
988 2958 1063 2988 ergo
1092 2953 1188 2990 gutta
1211 2954 1306 2980 cavat
1334 2949 1380 2980 la-

69 3004 283 3059 mieu‘gffiii'ss*
302 2996 411 3038 pidem
436 3005 474 3026 ex
495 2994 654 3036 frequenti
678 3000 752 3025 casu
771 2994 798 3030 *,
823 2993 866 3024 ita
889 2993 1021 3024 ebrietas
1045 2991 1139 3023 efficit
1163 2993 1301 3024 notabile
1324 2993 1380 3024 da-

131 3048 136 3054 .
178 3048 183 3053 .
227 3047 234 3058 ,
275 3047 280 3052 .

69 3065 92 3085 x,
108 3064 166 3080 vers.
181 3064 200 3086 5.

309 3050 423 3071 mnum
448 3039 573 3071 homini
597 3049 633 3070 ex
663 3038 854 3069 assiduitate.
884 3038 925 3068 Et
948 3037 1023 3079 quia
1051 3044 1217 3077 peccatum
1247 3038 1383 3069 mortale

309 3095 347 3116 ex
370 3094 429 3115 suo
452 3093 566 3125 genere
599 3093 664 3114 non
689 3090 735 3113 est
758 3082 819 3113 nisi
843 3082 883 3112 sit
907 3081 1087 3112 notabiliter
1121 3088 1232 3113 contra
1258 3082 1383 3112 bonum

309 3128 388 3166 Dei,
412 3127 549 3169 proximi
572 3134 628 3159 aut
655 3127 756 3168 ipsius
780 3126 956 3168 peccantis,
980 3126 1053 3156 ideo
1078 3126 1210 3157 ebrietas
1233 3136 1300 3157 non
1323 3126 1383 3156 nisi

310 3172 436 3203 assidua
464 3179 511 3204 est
539 3178 706 3213 peccatum
733 3171 876 3202 mortale.
909 3171 951 3201 Et
982 3170 1058 3201 haec
1086 3170 1211 3202 videtur
1239 3170 1382 3202 doctrina

310 3216 491 3257 Augustini,
507 3216 540 3247 in
559 3216 694 3257 allegato
709 3216 727 3235 *
749 3225 896 3246 sermone
911 3215 951 3246 de
965 3215 1174 3256 Purgatorio,
1193 3214 1256 3251 ubi,
1273 3214 1382 3246 distin-

310 3260 440 3301 guendo
462 3267 591 3302 peccata
614 3260 761 3292 mortalia
784 3270 802 3291 a
826 3270 892 3291 non
917 3259 1114 3295 mortalibus,
1138 3259 1231 3299 ponit
1253 3259 1382 3290 ebrieta-

311 3312 387 3341 tem,
402 3305 432 3336 si
445 3305 487 3336 sit
500 3305 645 3344 assidua,
660 3305 741 3336 inter
756 3304 913 3336 mortalia.
938 3305 1010 3335 Hoc
1025 3304 1110 3335 idem
1127 3304 1222 3335 sentit
1244 3303 1384 3335 Glossa*

311 3349 355 3380 ad
380 3349 486 3380 Galat.
508 3359 530 3379 v
543 3347 570 3386 ,*,
595 3349 627 3380 in
651 3350 759 3387 verbo,
783 3350 960 3380 ebrietates.
985 3349 1026 3379 Et
1045 3348 1138 3379 divus
1154 3348 1383 3379 Thomas-met

1429 295 1728 332 ARTICULUS
1758 295 1788 331 ΙΙ

1432 374 1551 404 ibidem
1574 374 1704 413 glossat,
1721 372 1894 403 assiduae:
1917 378 1948 401 et
1964 371 1995 400 in
2020 371 2084 408 Qu.
2102 370 2141 400 de
2157 371 2260 407 Malo,
2278 380 2332 410 qu.
2351 380 2382 405 11,
2400 377 2455 400 art.
2473 371 2503 408 8,

1433 418 1473 449 ad
1491 418 1518 453 3,
1543 425 1574 449 et
1597 428 1651 459 qu.
1668 428 1722 455 vn,
1740 424 1794 447 art.
1820 426 1851 456 4,
1872 416 1911 446 ad
1941 426 1966 452 1,
1987 415 2082 445 sentit
2105 414 2193 455 quod
2217 414 2348 445 ebrietas
2373 424 2438 444 non
2459 422 2505 444 est

1434 469 1600 503 peccatum
1634 462 1767 492 mortale
1798 471 1835 491 ex
1864 470 1924 490 suo
1948 469 2071 500 genere.

1488 507 1576 537 Haec
1599 506 1711 546 opinio
1740 514 1890 546 sequaces
1914 504 2035 535 multos
2058 503 2225 539 inveniret,
2252 503 2311 533 nisi
2335 503 2505 533 auctoritas

1434 551 1512 582 tanti
1535 550 1683 581 Doctoris
1717 550 1767 580 hic
1792 557 1822 580 et
1851 549 1996 589 superius
2019 548 2052 578 in
2077 547 2275 588 praecedenti
2308 547 2424 582 Libro,
2449 557 2503 587 qu.

1433 605 1578 632 Lxxxvm,
1602 602 1659 626 art.
1687 596 1715 630 5,
1736 595 1776 624 ad
1805 605 1830 631 ι,
1856 601 1886 624 et
1909 603 2006 633 super
2029 592 2208 633 Epistolam
2231 592 2274 623 ad
2296 592 2388 623 Rom.
2412 602 2467 621 xm
2488 591 2505 609 *

1435 649 1590 680 expresse,
1615 639 1764 669 obstaret.

1490 683 1572 714 Xlll.
1598 684 1647 713 Ad
1665 683 1756 713 cuius
1773 682 1975 718 evidentiam,
1992 681 2067 722 quia
2083 688 2151 711 tota
2166 679 2336 711 difficultas
2353 679 2505 715 consistit,

1434 738 1474 758 an
1498 738 1562 758 una
1575 727 1707 758 ebrietas
1723 726 1836 757 inferat
1859 726 1998 756 notabile
2017 732 2260 761 nocumentum,
2277 724 2506 755 advertendum

1434 779 1482 803 est
1503 772 1593 813 quod
1610 782 1687 802 usus
1703 771 1834 802 rationis
1854 777 1900 801 est
1923 771 2028 801 multo
2045 770 2148 800 maius
2171 770 2297 800 bonum
2312 779 2412 810 quam
2429 778 2507 799 usus

1434 818 1562 847 domus.
1594 815 1730 847 Constat
1753 822 1860 846 autem
1891 815 1979 855 quod
2011 814 2138 855 privans
2169 814 2310 855 aliquem
2341 823 2400 844 usu
2431 823 2507 843 suae

1435 862 1568 897 domus,
1594 870 1660 891 non
1684 860 1791 890 solum
1814 859 1968 895 totaliter,
1994 859 2055 889 hoc
2086 865 2134 889 est
2155 858 2188 889 in
2217 865 2427 899 perpetuum,
2452 858 2507 887 sed

1435 906 1531 936 etiam
1555 905 1595 935 ad
1618 912 1763 944 tempus,
1787 911 1865 944 puta
1884 913 1951 934 uno
1975 903 2043 939 die,
2068 910 2177 943 peccat
2200 902 2392 934 mortaliter:
2425 911 2507 943 quo-

1434 950 1521 980 niam
1545 959 1623 980 usus
1647 948 1788 988 privatus
1812 955 1859 978 est
1881 948 2005 978 bonum
2029 947 2188 984 notabile,
2214 954 2244 978 et
2267 947 2422 987 temporis
2451 946 2507 977 cir-

1435 993 1626 1024 cumstantia
1649 1002 1715 1022 non
1740 992 1814 1022 facit
1837 999 1873 1022 ut
1895 1001 1955 1031 pro
1975 991 2075 1021 nihilo
2092 992 2255 1022 habeatur.
2281 992 2411 1029 Quanto
2432 1000 2507 1031 ergo

1435 1039 1535 1078 magis
1550 1037 1679 1077 privans
1692 1036 1876 1076 proximum
1892 1046 1988 1066 suum
2003 1046 2064 1066 usu
2082 1035 2212 1066 rationis
2229 1046 2284 1076 per
2296 1045 2399 1066 unum
2413 1035 2507 1071 diem,

1434 1089 1544 1123 peccat
1566 1079 1756 1112 mortaliter!
1782 1080 1823 1110 Et
1846 1081 1958 1110 eadem
1982 1080 2113 1116 ratione,
2130 1080 2258 1119 privans
2281 1080 2422 1120 seipsum
2446 1089 2507 1110 usu

1434 1126 1564 1157 rationis
1587 1131 1697 1166 peccat
1720 1124 1905 1155 mortaliter.
1930 1124 2096 1161 Quoniam
2120 1134 2197 1154 usus
2221 1124 2352 1155 rationis
2376 1134 2442 1154 non
2462 1131 2509 1154 est

1435 1172 1559 1201 bonum
1583 1169 1812 1204 voluntarium,
1828 1169 1910 1199 sicut
1933 1169 2061 1204 domus,
2078 1168 2133 1198 sed
2150 1176 2197 1199 est
2212 1169 2335 1199 bonum
2355 1169 2507 1204 naturale,

1434 1215 1517 1245 sicut
1540 1214 1654 1245 oculus
1677 1220 1708 1244 et
1732 1220 1832 1243 cetera
1857 1213 2030 1243 naturalia:
2055 1213 2088 1242 in
2112 1213 2307 1243 naturalibus
2335 1219 2443 1243 autem
2467 1213 2508 1243 ita

1435 1266 1545 1300 peccat
1567 1257 1744 1288 mortaliter
1759 1257 1886 1297 privans
1903 1257 2044 1297 seipsum
2060 1257 2141 1287 sicut
2164 1257 2290 1297 privans
2307 1257 2508 1297 proximum:

1435 1303 1510 1345 quia
1534 1302 1636 1333 homo
1653 1312 1719 1332 non
1736 1308 1783 1332 est
1799 1301 1950 1331 dominus
1974 1311 2109 1331 suorum
2133 1301 2336 1337 naturalium,
2358 1308 2394 1332 ut
2409 1301 2510 1341 possit

1435 1359 1468 1379 se
1492 1347 1615 1388 privare
1638 1346 1700 1377 illis
1725 1355 1799 1377 cum
1822 1346 1905 1382 vult,
1930 1346 2012 1376 sicut
2034 1352 2140 1386 potest
2172 1346 2290 1376 donare
2320 1346 2456 1375 domum
2480 1353 2510 1376 et

1433 1392 1520 1423 illius
1540 1401 1649 1422 usum.
1673 1390 1835 1421 lnvenitur
1854 1400 1929 1430 ergo
1944 1389 1978 1420 in
1994 1390 2151 1426 ebrietate,
2169 1399 2252 1430 quae
2267 1400 2364 1420 usum
2379 1390 2510 1420 rationis

1432 1437 1590 1467 violenter
1612 1434 1707 1471 tollit,
1727 1434 1881 1465 iniuriosa
1897 1434 2032 1475 privatio
2057 1434 2206 1465 notabilis
2223 1434 2299 1465 boni
2324 1444 2360 1465 ex
2380 1444 2439 1464 suo
2456 1445 2509 1474 ge-

1434 1491 1518 1518 nere,
1531 1490 1590 1511 nec
1606 1490 1643 1510 ex
1658 1479 1899 1520 imperfectione
1916 1485 2003 1509 actus
2020 1486 2150 1519 propter
2165 1479 2258 1509 breve
2275 1485 2402 1518 tempus
2418 1489 2510 1509 excu-

1435 1532 1517 1556 sata:
1543 1524 1626 1555 sicut
1641 1533 1699 1554 nec
1716 1530 1917 1554 excusaretur
1937 1523 1962 1553 si
1979 1530 2068 1554 tanto
2092 1530 2236 1563 tempore
2261 1523 2333 1563 quis
2357 1522 2511 1554 violenter

1434 1569 1604 1611 impediret
1627 1568 1767 1609 aliquem
1791 1568 1830 1598 ab
1856 1578 1916 1598 usu
1943 1577 2101 1598 manuum
2125 1577 2255 1598 suarum
2278 1567 2406 1607 ligando
2431 1567 2509 1598 illas.

1490 1615 1540 1645 Ad
1560 1613 1777 1644 obiectionetn
1800 1619 1908 1643 autem
1931 1612 1963 1642 in
1988 1612 2177 1652 oppositum
2201 1613 2240 1642 de
2255 1612 2434 1643 dormiente
2457 1622 2510 1642 su-

1435 1658 1555 1699 perflue
1580 1668 1617 1688 ex
1641 1657 1849 1688 delectatione
1863 1657 1914 1687 vel
1939 1657 1999 1687 alia
2022 1657 2130 1688 illicita
2146 1667 2240 1687 causa
2255 1657 2281 1693 *,
2299 1657 2510 1697 respondetur

1433 1703 1524 1745 quod
1548 1713 1614 1734 non
1639 1710 1685 1733 est
1710 1701 1829 1738 simile,
1855 1708 1986 1742 propter
2015 1701 2093 1732 duo.
2125 1701 2248 1737 Primo,
2273 1701 2348 1742 quia
2375 1701 2509 1742 privatio

1434 1758 1511 1778 usus
1536 1746 1668 1778 rationis
1691 1756 1748 1787 per
1771 1756 1925 1776 somnum
1949 1752 1996 1776 est
2021 1745 2157 1786 privatio
2181 1745 2349 1782 naturalis,
2375 1746 2509 1786 privatio

1434 1799 1542 1823 autem
1566 1801 1623 1831 per
1646 1791 1830 1821 ebrietatem
1853 1798 1900 1820 est
1922 1790 2057 1830 privatio
2085 1790 2241 1821 violenta:
2271 1790 2426 1831 quoniam
2457 1790 2510 1820 illa

1433 1836 1469 1867 fit
1492 1836 1597 1866 media
1629 1835 1735 1876 quiete
1764 1845 1933 1871 sensuum,
1958 1834 1991 1864 in
2015 1844 2079 1875 qua
2103 1834 2247 1865 consistit
2270 1844 2419 1871 somnus;
2450 1834 2509 1865 ista

1432 1880 1468 1911 fit
1490 1880 1729 1921 perturbatione
1754 1878 1984 1919 aegritudinali,
2010 1886 2046 1910 ut
2068 1886 2155 1919 patet
2177 1879 2209 1909 in
2234 1879 2327 1909 ebriis
2351 1879 2509 1919 vigilanti-

1433 1926 1503 1955 bus.
1529 1942 1547 1948 -
1571 1924 1734 1960 Secundo,
1759 1923 1834 1964 quia
1857 1923 1889 1953 in
1918 1933 1978 1953 usu
2011 1923 2140 1954 rationis
2171 1923 2411 1954 considerantur
2433 1924 2507 1954 tria:

1433 1969 1558 2009 primo,
1583 1969 1650 2009 ipse
1674 1968 1805 1998 actualis
1830 1977 1907 1998 usus
1941 1967 2086 2004 rationis;
2119 1968 2277 2006 secundo,
2301 1968 2431 1999 rationis
2456 1979 2508 1998 so-

1433 2014 1526 2050 lutio,
1551 2020 1587 2044 ut
1610 2013 1711 2054 possit
1734 2012 1806 2053 quis
1830 2022 1866 2042 ea
1890 2012 1936 2043 uti
1952 2012 1977 2042 si
1993 2012 2076 2048 vu1t;
2100 2012 2204 2048 tertio,
2222 2012 2380 2052 expeditio
2403 2013 2443 2043 ad
2458 2023 2508 2043 so-

1433 2058 1591 2089 lutionem
1609 2057 1750 2088 rationis.
1776 2057 1811 2087 In
1827 2066 1944 2087 somno
1961 2056 2064 2096 prima
2081 2057 2146 2087 duo
2163 2057 2334 2087 tolluntur:
2359 2057 2392 2087 in
2409 2057 2509 2087 ebrie-

1433 2109 1496 2134 tate
1521 2109 1628 2133 autem
1653 2101 1775 2132 tollitur
1805 2101 1900 2131 etiarn
1924 2100 2067 2137 tertium,
2091 2101 2246 2142 quoniam
2277 2101 2409 2132 ebrietas
2442 2111 2508 2132 non

2431 294 2499 339 187

1406 2156 1407 2166 ¹
1433 2147 1541 2177 solum
1565 2146 1731 2176 vinculum
1755 2145 1869 2176 rationi
1900 2145 2053 2185 imponit,
2078 2146 2132 2175 sed
2164 2145 2259 2176 etiarn
2290 2146 2509 2176 necessitatem

1431 2190 1639 2231 permanendi
1664 2190 1697 2220 in
1727 2189 1782 2220 tali
1805 2190 1946 2220 vinculo.
1978 2190 2071 2220 Unde
2101 2189 2263 2220 dormiens
2297 2190 2405 2230 aliquo
2434 2190 2508 2221 forti

1433 2245 1515 2265 sono
1539 2234 1624 2265 facto
1647 2233 1810 2270 excitatur,
1835 2241 1866 2264 et
1889 2233 1993 2264 soluta
2018 2234 2140 2264 ratione
2163 2233 2303 2274 potitur:
2329 2235 2434 2265 ebrius
2454 2245 2509 2265 au-

1431 2286 1508 2316 tem,
1533 2278 1682 2320 quamvis
1711 2277 1834 2318 vigilet,
1860 2278 2079 2308 necessitatem
2107 2278 2282 2308 violentam
2312 2278 2431 2309 vinculi
2459 2289 2508 2309 ra-

1431 2323 1528 2354 tionis
1548 2323 1678 2363 patitur.
1703 2322 1744 2352 Et
1767 2332 1888 2361 rursus,
1906 2322 2068 2352 dormiens
2083 2329 2190 2362 potest
2213 2323 2382 2363 disponere
2402 2330 2438 2353 ut
2454 2334 2510 2363 per

1432 2367 1599 2401 hominem
1624 2374 1679 2398 aut
1702 2366 1920 2408 horologium,
1946 2374 2015 2403 etc.,
2039 2366 2093 2397 tali
2118 2367 2196 2398 hora
2213 2367 2378 2398 excitetur:
2405 2367 2509 2398 ebrius

1432 2419 1541 2443 autem
1564 2411 1588 2442 si
1614 2411 1815 2448 ordinaverit,
1840 2411 1884 2441 nil
1908 2411 2047 2452 prodest,
2072 2412 2148 2452 quia
2172 2411 2225 2442 tali
2250 2411 2328 2442 hora
2352 2412 2510 2443 violentae

1432 2456 1611 2488 necessitati
1634 2455 1754 2487 vinculi
1778 2455 1909 2486 rationis
1933 2455 2118 2486 subiacebit.

1486 2501 1571 2532 XIV.
1596 2501 1696 2538 Quod
1712 2510 1787 2541 ergo
1804 2503 1926 2531 Auctor
1942 2500 1974 2530 in
1998 2500 2158 2540 prioribus
2175 2500 2261 2530 libris
2277 2501 2508 2540 pertransierat,

1432 2545 1659 2586 supponendo,
1684 2555 1759 2576 cum
1782 2544 1862 2580 aliis,
1887 2545 1977 2586 quod
2006 2545 2139 2575 ebrietas
2167 2551 2232 2575 erat
2255 2544 2393 2581 veniale;
2418 2553 2507 2585 post-

1432 2590 1578 2626 modum,
1600 2589 1639 2620 ad
1656 2589 1769 2620 altiora
1786 2589 1884 2619 divini
1900 2589 2031 2620 luminis
2056 2599 2130 2619 cum
2155 2589 2343 2626 accessisset,
2360 2589 2392 2619 in
2412 2589 2507 2620 Sum-

1431 2645 1485 2665 ma
1507 2634 1570 2665 hoc
1594 2633 1824 2670 determinavit,
1845 2633 1980 2664 dicendo
2005 2633 2095 2674 quod
2118 2640 2165 2663 est
2188 2633 2322 2664 mortale
2342 2641 2508 2673 peccatum

1431 2690 1468 2710 ex
1491 2689 1552 2710 suo
1575 2688 1700 2719 genere,
1720 2678 1796 2719 quia
1819 2684 1908 2709 tanto
1933 2678 2032 2714 bono,
2050 2677 2168 2708 scilicet
2192 2677 2264 2708 usui
2289 2678 2429 2713 rationis,
2447 2689 2507 2719 op-

1431 2730 1576 2764 ponitur.

1486 2767 1554 2798 Nec
1578 2767 1683 2798 obstat
1706 2767 1768 2797 hoc
1792 2766 1939 2806 superius
1953 2766 1972 2785 *
1995 2766 2096 2803 dictis,
2121 2765 2240 2796 scilicet
2262 2766 2352 2807 quod
2376 2767 2507 2797 ebrietas

1432 2811 1652 2847 materialiter,
1677 2810 1704 2841 si
1727 2810 1900 2841 necessaria
1933 2817 1979 2841 est
2011 2821 2048 2841 ex
2077 2810 2210 2841 consilio
2244 2810 2436 2847 medicinae,
2462 2818 2509 2842 est

1431 2856 1527 2887 licita.
1558 2856 1633 2886 Non
1657 2855 1743 2885 enim
1767 2855 1911 2895 sequitur
1942 2865 1978 2885 ex
2001 2855 2050 2885 his
2074 2855 2163 2895 quod
2197 2862 2363 2895 peccatum
2387 2865 2423 2885 ex
2446 2866 2506 2886 suo

1431 2910 1546 2940 genere
1570 2899 1610 2930 sit
1624 2899 1750 2930 licitum
1765 2906 1896 2940 propter
1915 2900 2040 2930 bonum
2059 2898 2172 2929 finem:
2198 2900 2253 2930 sed
2269 2900 2349 2930 bene
2364 2900 2508 2940 sequitur

1434 2945 1523 2986 quod
1547 2944 1678 2975 materia
1694 2943 1814 2984 peccati
1830 2953 1867 2974 ex
1882 2954 1942 2974 suo
1959 2953 2083 2984 genere,
2100 2944 2184 2974 licita
2201 2944 2240 2974 sit
2256 2950 2386 2984 propter
2410 2943 2507 2974 finem

1434 2990 1559 3019 bonum
1582 2989 1788 3029 quandoque.
1823 2988 1922 3026 Quod
1946 2998 2012 3018 non
2046 2998 2112 3018 esse
2140 2988 2385 3024 inconveniens,
2410 2995 2506 3029 patet.

1433 3033 1595 3064 Detractio
1620 3033 1707 3063 enim
1731 3043 1768 3063 ex
1791 3042 1848 3063 sua
1871 3033 1993 3063 ratione
2017 3039 2064 3063 est
2086 3039 2253 3073 peccatum
2278 3033 2425 3063 mortale:
2451 3034 2506 3063 de-

1434 3077 1546 3108 tractio
1577 3084 1684 3108 tamen
1717 3077 1919 3107 materialiter
1949 3084 1996 3108 est
2025 3077 2221 3118 quandoque
2257 3077 2354 3112 licita,
2379 3084 2456 3117 puta
2481 3077 2506 3108 si

1435 3121 1524 3152 aliter
1547 3131 1612 3152 non
1632 3127 1738 3162 potest
1759 3128 1926 3162 peccatum
1941 3121 2109 3161 proprium
2134 3120 2287 3159 confiteri,
2304 3127 2359 3152 aut
2381 3122 2407 3152 si
2430 3132 2507 3162 pro-

1434 3173 1504 3206 pter
1526 3166 1651 3196 bonum
1675 3165 1800 3196 animae
1814 3165 1900 3196 illius
1917 3165 2043 3206 expedit
2065 3165 2203 3196 revelare
2220 3172 2386 3206 peccatum
2410 3166 2506 3197 illius.

1436 3210 1502 3247 Qui
1525 3210 1611 3240 enim
1635 3220 1671 3240 ex
1694 3210 1870 3240 medicinae
1899 3210 2084 3240 necessitate
2108 3220 2141 3240 se
2164 3209 2296 3248 inebriat
2317 3210 2368 3240 vel
2395 3210 2506 3249 alium,

1436 3263 1503 3284 non
1535 3254 1594 3284 nisi
1628 3253 1829 3285 materialiter
1859 3254 2042 3285 ebrietatem
2069 3254 2215 3285 incurrit:
2252 3254 2407 3294 quoniam
2440 3265 2506 3285 non

1409 3301 1411 3307 ¹
1436 3298 1536 3329 tendit
1567 3300 1608 3328 ad
1632 3298 1832 3334 delectabile,
1857 3298 1947 3339 quod
1971 3306 2017 3329 est
2050 3298 2183 3328 formale
2213 3298 2245 3328 in
2270 3299 2434 3339 speciebus
2458 3299 2505 3330 in—

1409 3360 1411 3375 ι
1434 3342 1670 3383 temperantiae.
1696 3343 1734 3373 de
1758 3339 1896 3384 quarum
1920 3352 2055 3373 numero
2080 3349 2127 3373 est
2150 3342 2293 3374 ebrietas.

2535 592 2543 599 ⁸
2560 590 2622 611 Lect.
2638 595 2672 610 ιιι.

2539 1664 2547 1673 ·
2562 1662 2631 1685 Num.
2647 1669 2678 1684 ιι.

2536 2823 2544 2831 ·
2562 2821 2632 2842 Num.
2648 2827 2670 2842 x.
