2768 4198
76 1424 173 1440 .1⁵¹V›ui

27 1530 30 1531 ν
82 1511 150 1537 Uib

24 1915 26 1918 ,
85 1912 173 1964 διω-

934 284 1202 330 QUAESTIO
1233 285 1480 333 CLXXXVI,
1510 287 1807 324 ARTICULUS
1838 288 1887 323 lll

321 361 412 409 quid
437 365 544 397 amat
577 360 679 408 quod
711 372 786 396 non
813 366 971 408 propter
998 367 1032 397 te
1059 368 1173 398 amat.
1212 363 1322 399 Unde
1353 365 1415 412 et}

106 424 130 451 Q
168 430 239 447 mn
322 414 360 450 in
379 413 477 450 libro
497 413 811 462 Octogintatrium
833 414 981 454 Quaest.
997 413 1028 460 ²¹²,
1048 414 1137 451 dicit
1155 417 1387 463 Augustinus
1413 413 1415 426 ¹

177 483 194 508 γ
323 466 428 515 quod
447 467 717 503 nutrimentum
737 466 903 502 caritatis
921 472 975 502 est
993 467 1228 504 imminutio*
1248 470 1387 517 cupidi-

321 520 427 557 tatis:
458 519 663 568 perfectio,
694 518 797 555 nulla
826 519 1019 566 cupiditas.
1064 521 1121 556 Ex
1157 522 1231 558 hoc
1260 531 1387 559 autem
1414 521 1415 524 ’

322 573 428 622 quod
451 572 585 621 aliquis
605 583 664 608 res
685 572 900 608 mundanas
929 572 1109 620 possidet,
1134 574 1291 611 allicitur
1311 575 1388 612 ani—

323 638 409 663 mus
438 626 519 662 eius
547 625 596 662 ad
625 636 757 661 earum
787 636 974 661 amorem.
1014 626 1126 663 Unde
1155 629 1388 675 Augustinus

81 691 102 738 2¹
112 690 190 739 eff),
192 690 294 739 15¹⁸*
322 679 431 725 dicit,
465 679 503 716 in
533 677 704 726 Epistola
736 678 788 714 ad
812 678 1016 715 Paulinum
1044 685 1080 715 et
1110 681 1331 718 Therasiam
1350 682 1387 728 *,

322 732 428 781 quod
456 737 607 768 terrena
626 730 837 780 diliguntur
854 732 995 768 arctius
1013 732 1148 780 adepta
1168 745 1282 781 quam
1303 746 1389 771 con-
1415 729 1417 743 '

322 785 458 834 cupita.
487 785 595 821 Nam
624 784 722 820 unde
750 784 894 821 iuvenis
912 785 973 821 ille
996 785 1108 821 tristis
1126 786 1299 832 discessit,
1321 788 1392 824 nisi

321 839 411 888 quia
443 849 608 887 magnas
644 838 806 874 habebat
837 836 1014 874 divitias?
1053 838 1171 876 Aliud
1206 846 1259 876 est
1290 841 1389 877 enim

322 891 421 928 nolle
446 891 695 939 incorporare
721 902 820 939 quae
846 890 996 936 desunt,
1026 891 1132 928 aliud
1162 892 1239 928 iam
1268 894 1390 930 incor-

317 950 457 993 porata
484 944 680 981 divellere:
716 943 781 981 illa
809 944 909 980 enim
943 943 1044 980 velut
1070 951 1253 982 extranea
1282 958 1390 994 repu-

179 1001 195 1027 δ
322 998 497 1042 diantur,·
534 997 603 1034 ista
635 997 738 1034 velut
773 998 944 1034 membra
978 999 1251 1045 praeciduntur
1274 997 1298 1035 ὃ.
1343 1000 1392 1036 Et

81 1059 295 1087 ⁴30m11.1.xm,
324 1051 625 1100 chrysostomus
654 1050 754 1097 dicit,
782 1062 897 1098 super
922 1050 1061 1088 Matth.
1081 1051 1112 1098 ²⁸,
1143 1052 1248 1100 quod
1277 1064 1391 1100 appo·
1417 1051 1419 1061 ⁴

81 1087 111 1110 ἰ’
126 1086 208 1110 mv'
321 1105 405 1142 sitio
439 1104 657 1141 divitiarum
690 1104 875 1140 maiorem
907 1104 1079 1141 accendit
1100 1105 1328 1153 flammam,
1359 1112 1395 1142 et

322 1158 578 1195 vehementior
594 1158 648 1205 fit
673 1157 820 1206 cupido.
851 1157 900 1194 Et
919 1156 1008 1193 inde
1029 1165 1084 1194 est
1103 1159 1208 1206 quod
1238 1159 1287 1195 ad
1310 1171 1393 1207 per-

324 1212 528 1249 fectionem
559 1210 720 1248 caritatis
743 1209 1030 1260 acquirendam,
1061 1210 1229 1259 primum
1258 1212 1392 1249 funda-

325 1273 499 1303 mentum
529 1272 591 1303 est
610 1264 826 1301 voluntaria
853 1271 1071 1313 paupertas,
1091 1272 1134 1300 ut
1153 1264 1288 1313 aliquis
1307 1266 1391 1302 abs-

279 1332 282 1334 *
321 1324 400 1369 que
410 1316 577 1367 ‘proprio
595 1318 720 1355 vivat:
752 1317 900 1354 dicente
920 1317 1103 1364 Domino,
1125 1318 1259 1354 Matth.
1279 1330 1339 1355 xuz
1353 1319 1392 1355 *ε

324 1373 367 1410 Si
392 1372 449 1409 vis
469 1371 662 1420 perfectus
689 1383 779 1417 esse,
809 1371 906 1408 vade
933 1376 968 1407 et
994 1371 1113 1408 vende
1140 1372 1268 1408 omnia
1297 1383 1394 1420 quae

323 1426 439 1463 habes
466 1431 503 1462 et
527 1425 576 1461 da
598 1425 844 1473 pauperibus,
873 1430 909 1461 et
934 1424 1032 1470 veni,
1060 1435 1217 1472 sequere
1243 1436 1316 1462 me.

378 1480 437 1516 An
457 1489 596 1516 ramum
615 1489 714 1515 ERGO
734 1489 921 1515 montinum
949 1477 1068 1525 quod,
1097 1478 1192 1515 sicut
1221 1479 1360 1515 Glossa
1374 1479 1394 1501 ’¹‘

325 1532 469 1569 ibidem
498 1531 636 1579 subdit,
667 1543 741 1568 non
771 1531 853 1567 ideo
881 1531 979 1568 dixit
998 1531 1199 1579 Apostolus
1226 1531 1394 1580 (scilicet,

83 1326 95 1338 ⁸
107 1325 175 1350 Vn.
188 1332 220 1349 n.

81 1451 133 1466 ι’·θίι1
157 1457 161 1460 «
188 1453 208 1465 :1

83 1485 96 1498 ·
114 1479 202 1509 Lod&
219 1484 298 1508 wln-

326 1591 366 1622 ut
387 1586 492 1622 vobis
521 1596 595 1621 non
614 1585 663 1621 sit
688 1584 890 1630 tribulatio,
920 1584 1013 1621 idest
1031 1587 1274 1633 paupertas),
1304 1586 1393 1634 quin
1421 1586 1423 1590 '

185 1653 199 1672 ι
325 1639 458 1676 melius
485 1643 580 1675 esset
596 1641 628 1674 ⁸:
665 1637 731 1674 sed
757 1637 918 1685 infirmis
946 1638 1067 1683 timet,
1102 1649 1194 1687 quos
1221 1639 1275 1676 sic
1302 1639 1396 1676 dare

325 1697 453 1730 monet
479 1697 519 1728 ut
536 1696 739 1741 egestatem
768 1703 842 1728 non
866 1691 1075 1739 patiantur.
1104 1712 1129 1720 -
1159 1692 1270 1730 Unde
1293 1693 1396 1730 simi-

325 1745 407 1783 liter
441 1744 555 1782 etiam
585 1755 630 1781 ex
656 1745 783 1793 glossa
818 1744 890 1781 alia
919 1757 997 1781 non
1027 1753 1083 1781 est
1110 1745 1394 1794 intelligendum
1422 1775 1424 1779 ,

326 1799 432 1849 quod
461 1810 540 1836 non
563 1797 672 1835 liceat
702 1797 832 1834 omnia
859 1798 1086 1847 temporalia
1115 1798 1298 1836 abiicere:
1330 1801 1396 1838 sed

326 1853 432 1902 quod
459 1853 535 1889 hoc
563 1863 642 1888 non
672 1863 716 1887 ex
746 1851 968 1888 necessitate
998 1851 1208 1900 requiritur.

231 1938 266 1962 Β.
379 1905 492 1944 Unde
509 1912 544 1942 et
562 1904 792 1941 Ambrosius
813 1904 910 1952 dicit,
927 1905 965 1942 in
987 1906 998 1941 l
1015 1905 1061 1942 de
1079 1905 1188 1954 Offic.
1204 1905 1245 1942 *z
1266 1907 1398 1944 Domi-

80 1941 277 2017 Εέξιὼτῗ
327 1971 398 1997 nus
432 1971 506 1997 non
541 1958 640 2004 vult,
671 1957 811 1995 scilicet
845 1970 890 1994 ex
919 1958 1143 1996 necessitate
1181 1960 1397 2009 praecepti,

207 2009 212 2014 ”
324 2011 439 2050 simul
465 2011 612 2062 effundi
636 2022 745 2059 opes,
776 2011 842 2048 sed
868 2011 1095 2060 dispensari:
1132 2013 1205 2049 nisi
1218 2014 1328 2062 forte
1360 2019 1400 2050 ut

325 2067 472 2104 Eliseus
504 2066 617 2102 boves
651 2077 740 2101 suos
767 2065 903 2102 occidit
937 2071 974 2102 et
992 2066 1103 2114 pavit
1126 2077 1315 2114 pauperes
1349 2079 1399 2104 ex

326 2131 370 2157 eo
390 2119 493 2168 quod
517 2118 659 2164 habuit,
681 2124 722 2155 ut
739 2118 843 2155 nulla
863 2130 956 2156 cura
976 2124 1165 2156 teneretur
1182 2120 1396 2158 domestica.

380 2175 439 2210 Ao
463 2183 656 2210 SECUNDUM
676 2183 861 2209 mci-:unum
881 2172 987 2221 quod
1011 2172 1072 2209 ille
1093 2173 1157 2222 qui
1178 2173 1309 2210 omnia
1329 2186 1398 2211 sua

328 2225 480 2264 dimittit
507 2232 665 2275 propter
693 2224 908 2272 Christum,
939 2238 1017 2263 non
1047 2227 1203 2275 exponit
1230 2239 1271 2264 se
1299 2226 1396 2276 peri-

327 2281 427 2326 culo,
456 2291 581 2329 neque
610 2278 793 2328 spirituali
817 2291 942 2327 neque
962 2279 1164 2328 corporali.
1195 2280 1398 2329 Spirituale

328 2333 431 2371 enim
459 2333 674 2381 periculum
708 2343 754 2368 ex
781 2340 1005 2381 paupertate
1033 2333 1212 2381 provenit
1239 2335 1397 2382 quando

328 2398 407 2424 non
436 2394 493 2423 est
519 2385 758 2423 voluntaria:
798 2386 887 2434 quia
922 2397 967 2423 ex
1000 2385 1139 2423 affectu
1168 2388 1397 2436 aggregandi

327 2439 535 2491 pecunias,
574 2451 690 2488 quem
725 2439 921 2487 patiuntur
957 2439 1006 2476 illi
1044 2439 1107 2488 qui
1144 2439 1398 2478 involuntarie

329 2501 416 2532 sunt
447 2504 657 2542 pauperes,
687 2491 815 2530 incidit
847 2493 968 2530 homo
1003 2493 1041 2530 in
1070 2493 1189 2530 multa
1215 2502 1396 2542 peccata,

329 2546 544 2584 secundum
573 2545 664 2583 illud
693 2546 706 2582 I
727 2545 780 2582 ad
800 2545 896 2582 Tim.
921 2546 988 2582 ult.
1013 2545 1054 2582 *ε
1088 2546 1164 2587 Qui
1189 2547 1320 2584 volunt
1345 2548 1398 2584 di-

328 2600 419 2637 vites
435 2599 542 2647 fieri,
570 2598 740 2635 incidunt
765 2598 803 2634 in
823 2598 1062 2635 tentationem
1091 2605 1127 2635 et
1153 2599 1190 2635 in
1218 2599 1397 2648 laqueum

329 2652 480 2690 diaboli.
511 2652 583 2688 Iste
603 2658 732 2688 autern
752 2650 910 2688 affectus
940 2651 1144 2700 deponitur
1164 2648 1219 2688 'ab
1248 2653 1306 2689 his
1335 2654 1400 2702 qui

329 2705 586 2744 voluntariam
601 2710 868 2753 paupertatem
883 2708 1113 2752 sequuntur:
1132 2705 1253 2753 magis
1268 2713 1397 2743 autem

331 2759 552 2798 dominatur
582 2757 622 2794 in
657 2758 714 2795 his
747 2757 812 2806 qui
848 2756 997 2794 divitias
1031 2757 1249 2806 possident,
1283 2767 1325 2796 ut
1354 2772 1398 2797 ex

88 2555 100 2568 ⁸
112 2551 180 2578 Vm.
193 2561 217 2584 9.

25 2840 27 2842 -
89 2816 260 2845 ’hm
331 2813 440 2852 dictis
458 2811 479 2834 '¹‘
506 2818 620 2861 patet.

385 2865 595 2915 Corporale
625 2864 739 2901 etiam
777 2862 988 2911 periculum
1018 2875 1096 2899 non
1126 2863 1301 2901 imminet
1329 2864 1398 2902 illis

331 2921 417 2969 qui,
452 2919 661 2956 intentione
696 2916 882 2965 sequendi
917 2916 1130 2961 Christum,
1167 2917 1297 2954 omnia
1330 2930 1399 2955 sua

331 2974 559 3023 relinquunt,
590 2971 742 3009 divinae
762 2969 1024 3019 providentiae
1044 2981 1085 3006 se
1106 2970 1397 3008 committentes.

330 3027 444 3066 Unde
472 3025 706 3075 Augustinus
737 3023 840 3070 dicit,
871 3022 909 3060 in
937 3023 1032 3060 libro
1062 3023 1108 3059 de
1135 3023 1255 3060 Serm.
1285 3024 1397 3063 Dom.

90 3085 176 3135 :uffh-
200 3085 230 3112 ¹¹·
254 3091 306 3113 0⁸1>-
332 3081 369 3118 in
398 3081 534 3118 Monte
552 3079 594 3115 *z
634 3077 908 3121 Quaerentibus
940 3087 1102 3125 regnum
1131 3076 1207 3113 Dei
1236 3082 1272 3112 et
1297 3076 1398 3114 iusti-

142 3128 148 3133 ’
331 3134 423 3170 tiam
451 3134 530 3170 eius
557 3144 632 3170 non
660 3132 769 3168 debet
791 3131 940 3167 subesse
965 3129 1172 3166 sollicitudo
1202 3141 1249 3165 ne
1276 3141 1398 3166 neces-

332 3187 436 3224 saria
464 3187 593 3224 desint.

386 3242 446 3276 Αι)
478 3250 639 3276 Tannum
676 3249 861 3275 mcENDUM
894 3235 999 3285 quod
1032 3234 1204 3272 medium
1233 3233 1398 3281 virtutis,
1425 3278 1427 3284 ‚

92 3301 308 3328 ’boc-dt-innra-
334 3293 548 3330 secundum
576 3291 868 3340 Philosophum,
899 3289 936 3326 in
966 3290 995 3325 11
1017 3289 1136 3325 Ethic.
1157 3287 1187 3333 ²⁸,
1218 3287 1400 3336 accipitur

333 3347 539 3383 secundum
567 3345 753 3396 rationem
773 3350 927 3389 rectam,
949 3355 1027 3379 non
1047 3341 1260 3378 secundum
1281 3352 1401 3389 quan-

388 3467 415 3500 γ)
435 3465 595 3490 imminutio.
606 3478 626 3484 —
643 3465 787 3490 diminutio
805 3464 898 3489 PAEa.

389 3501 414 3534 δ)
433 3502 506 3526 velut
525 3500 644 3525 membra
656 3499 865 3533 praeciduntur.
876 3514 896 3518 -
911 3506 975 3524 vero
990 3499 1061 3524 velut
1074 3498 1219 3523 membrum
1233 3496 1270 3529 (in
1285 3496 1402 3520 membra

337 3538 367 3570 Ρ)
383 3537 614 3569 praescinduntur
633 3536 678 3561 Pa.

390 3573 412 3605 ε)
432 3576 508 3597 esset.
525 3585 545 3591 -
567 3573 658 3596 omnia
683 3571 750 3596 dare
774 3571 871 3595 addunt
894 3570 996 3602 aliquae
1021 3569 1161 3598 editiones;
1185 3572 1245 3600 post
1267 3567 1343 3591 timet
1365 3567 1403 3591 Pa

337 3609 434 3634 addunt
453 3608 573 3641 deficere.

389 3644 415 3676 ζ)
436 3644 471 3669 in.
483 3657 502 3663 —
515 3650 568 3675 per
585 3642 652 3667 PIsB
673 3647 698 3666 et
715 3649 740 3667 α.

2422 301 2494 336 491

1441 363 1584 400 titatem
1609 364 1674 400 rei.
1704 365 1753 400 Et
1780 364 1867 401 ideo
1896 364 2080 414 quidquid
2108 372 2233 413 potest
2259 366 2342 402 fieri
2370 379 2501 404 secun-

1443 418 1536 453 dum
1566 417 1752 454 rationem
1782 425 1936 464 rectam,
1966 430 2044 454 non
2069 425 2124 454 est
2150 418 2331 454 vitiosum
2360 431 2404 455 ex
2424 432 2502 456 ma—

1442 469 1636 516 gnitudine
1664 471 1893 519 quantitatis,
1914 471 1982 508 sed
2001 471 2120 518 magis
2139 471 2365 508 virtuosum.
2395 473 2504 509 Esset

1443 530 1570 558 autem
1594 531 1744 571 praeter
1763 524 1949 561 rationem
1969 532 2110 561 rectam
2132 524 2162 560 si
2182 524 2266 572 quis
2286 525 2416 561 omnia
2435 538 2503 562 sua

1444 584 1686 613 consumeret
1713 577 1752 614 in
1772 576 1783 601 ζ
1813 577 2156 625 intemperantiam,
2175 579 2238 614 vel
2263 578 2407 626 absque
2433 579 2504 614 uti-

1442 627 1555 665 litate.
1577 630 1645 665 Est
1665 636 1793 666 autem
1809 632 2020 667 secundum
2037 631 2222 667 rationem
2240 638 2382 668 rectam
2398 632 2504 678 quod

1443 681 1575 729 aliquis
1604 682 1751 719 divitias
1780 683 1927 720 abiiciat
1956 692 1996 720 ut
2023 684 2330 732 contemplationi
2358 685 2504 733 sapien-

1442 734 1516 770 tiae
1534 743 1665 771 vacet:
1695 736 1799 784 quod
1820 737 1932 774 etiam
1960 736 2175 785 philosophi
2196 738 2353 784 quidam
2372 738 2504 774 fecisse

1443 787 1628 835 leguntur.
1658 789 1756 825 Dicit
1776 789 1887 826 *enim
1913 789 2184 838 Hieronymus,
2210 791 2247 827 in
2268 790 2437 839 Epistola
2456 793 2507 828 ad

1444 840 1645 877 Paulinum
1664 841 1701 877 *ε
1736 843 1866 878 Crates
1885 848 1902 869 η
1927 843 1987 879 ille
2010 844 2219 888 Thebanus,
2248 845 2359 880 homo
2387 856 2504 892 quon-

1444 893 1533 929 dam
1561 894 1771 940 ditissimus,
1801 907 1886 931 cum
1915 897 1965 932 ad
1981 896 2320 944 philosophandum
2339 898 2506 934 Athenas

1440 953 1629 995 pergeret,
1659 959 1843 997 magnum
1872 949 1960 984 auri
1981 950 2128 996 pondus
2162 950 2316 986 abiecit.-
2344 962 2412 987 nec
2433 962 2504 999 pu-

1445 1000 1538 1035 tavit
1561 1011 1601 1036 se
1624 1011 1734 1048 posse
1761 1002 1872 1037 simul
1899 1002 2045 1038 divitias
2072 1008 2106 1038 et
2127 1003 2279 1039 virtutes
2304 1004 2503 1050 possidere.

1445 1052 1555 1089 Unde
1591 1054 1712 1089 mu'lto
1746 1054 1866 1101 magis
1900 1054 2111 1090 secundum
2149 1055 2333 1092 rationem
2364 1065 2505 1093 rectam

1447 1113 1502 1142 est
1530 1114 1571 1142 ut
1599 1107 1718 1142 homo
1753 1107 1883 1143 omnia
1910 1120 1978 1143 sua
2007 1107 2192 1155 relinquat
2220 1109 2268 1145 ad
2296 1110 2369 1145 hoc
2402 1112 2505 1158 quod

1448 1158 1641 1195 Christum
1679 1160 1843 1207 perfecte
1876 1167 2065 1208 sequatur.
2108 1161 2219 1197 Unde
2249 1162 2507 1210 Hieronymus

1448 1211 1545 1257 dicit,
1569 1212 1607 1248 in
1628 1212 1799 1260 Epistola
1818 1213 1868 1249 ad
1885 1214 2081 1250 Rusticum
2100 1214 2336 1251 Monachum
2355 1214 2395 1251 *z
2424 1216 2507 1252 Nu-

1447 1266 1536 1301 dum
1571 1266 1758 1302 Christum
1789 1267 1909 1302 nudus
1935 1278 2102 1314 sequere.

1500 1320 1559 1354 AD
1593 1329 1767 1360 QUARTUM
1801 1331 1984 1356 montinum
2013 1319 2116 1367 quod
2147 1320 2282 1368 duplex
2313 1327 2367 1356 est
2395 1321 2509 1356 beati-

1447 1370 1540 1408 tudo
1569 1371 1649 1407 sive
1678 1371 1853 1408 felicitas:
1890 1384 1967 1408 una
1996 1372 2150 1419 quidem
2178 1373 2364 1421 perfecta,
2394 1386 2508 1422 quam

1420 1459 1422 1472 ,
1449 1431 1695 1472 expectamus
1715 1425 1753 1461 in
1772 1425 1896 1461 futura
1915 1425 2012 1470 vita;
2042 1425 2111 1462 alia
2130 1434 2258 1462 autem
2277 1426 2510 1475 imperfecta,

1448 1478 1663 1514 secundum
1684 1490 1801 1526 quam
1821 1478 1935 1526 aliqui
1954 1479 2128 1515 dicuntur
2155 1479 2193 1515 in
2212 1480 2283 1515 hac
2301 1479 2379 1515 vita
2398 1479 2510 1516 beati.

1449 1531 1663 1567 Praesentis
1692 1539 1820 1567 autem
1848 1531 1950 1567 vitae
1979 1531 2131 1567 felicitas
2164 1540 2219 1568 est
2247 1533 2407 1580 duplex:
2436 1545 2513 1569 una

1449 1584 1605 1633 quidem
1635 1584 1846 1621 secundum
1875 1585 1994 1621 vitam
2024 1585 2204 1631 activam,
2236 1584 2307 1620 alia
2334 1597 2427 1621 vero
2457 1598 2512 1621 se—

1422 1667 1423 1675 ,
1451 1638 1620 1675 cundum
1638 1638 1756 1675 vitam
1779 1638 2125 1686 contemplativam,
2147 1645 2186 1674 ut
2213 1645 2315 1686 patet
2342 1650 2410 1687 per
2428 1638 2514 1674 Phi-

1450 1692 1668 1740 losophum,
1691 1691 1726 1728 in
1748 1692 1782 1727 X
1801 1691 1952 1727 Ethic.*
1971 1692 2031 1728 Ad
2052 1691 2265 1727 felicitatem
2286 1691 2395 1738 igitur
2414 1691 2514 1728 vitae

1450 1745 1618 1791 activae,
1649 1757 1748 1793 quae
1787 1744 1954 1781 consistit
1987 1745 2024 1781 in
2055 1744 2300 1781 exterioribus
2328 1746 2513 1793 operatio-

1450 1798 1574 1844 nibus,
1606 1798 1757 1836 divitiae
1782 1798 2114 1834 instrumentaliter
2133 1797 2381 1834 coadiuvant:
2411 1799 2511 1847 quia,

1451 1860 1493 1889 ut
1529 1852 1784 1900 Philosophus
1814 1851 1919 1899 dicit,
1953 1851 1990 1888 in
2020 1853 2031 1887 l
2061 1851 2179 1888 Ethic.
2209 1850 2249 1898 ²¹⁶,
2280 1851 2396 1887 multa

2429 1863 2450 1887 0
2478 1864 2512 1887 e-

1424 1938 1425 1951 ,
1451 1917 1588 1942 ramur
1617 1917 1690 1954 per
1726 1905 1880 1950 amicos,
1903 1916 1976 1953 per
2011 1904 2157 1941 divitias
2195 1910 2229 1940 et
2258 1916 2331 1953 per
2367 1863 2511 1941 civilgm

1448 1959 1666 2007 potentiam,
1689 1958 1786 1995 sicut
1808 1970 1878 2006 per
1905 1957 2090 2006 quaedam
2120 1958 2280 2007 organa.
2311 1958 2372 2002 Ad
2401 1958 2512 1994 felici-

1424 2039 1426 2062 ἱ
1451 2020 1568 2050 tatem
1604 2020 1731 2049 autern
1767 2011 2084 2060 contemplativae
2112 2010 2211 2047 vitae
2245 2023 2323 2047 non
2350 2012 2512 2048 multum

1424 2063 1426 2102 ἒ
1453 2074 1679 2115 operantur:
1709 2066 1774 2102 sed
1797 2065 1917 2112 magis
1941 2064 2162 2112 impediunt,
2192 2064 2417 2112 inquantum
2446 2077 2514 2101 sua

1424 2155 1426 2166 ,
1453 2119 1703 2156 sollicitudine
1731 2118 1944 2167 impediunt
1971 2117 2087 2154 animi
2115 2117 2294 2165 quietem,
2315 2130 2413 2165 quae
2434 2130 2513 2154 ma-

1451 2173 1552 2210 xime
1591 2171 1802 2210 necessaria
1840 2179 1895 2208 est
1937 2170 2219 2219 contemplanti.
2263 2171 2312 2207 Et
2348 2172 2421 2208 hoc
2461 2178 2515 2207 est

1453 2226 1558 2276 quod
1586 2226 1842 2274 Philosophus
1872 2224 1967 2271 dicit,
1998 2224 2036 2261 in
2064 2224 2100 2260 X
2123 2224 2243 2260 Ethic.
2265 2225 2302 2270 ²¹²,
2333 2225 2438 2272 quod
2466 2225 2517 2261 ad
2544 2222 2553 2231 ⁸

1451 2280 1616 2317 actiones
1652 2279 1777 2315 multis
1814 2290 1906 2327 opus
1944 2283 2016 2314 est:
2045 2278 2253 2325 speculanti
2287 2289 2377 2314 vero
2413 2278 2514 2314 nullo
2542 2280 2557 2295 ¹

1451 2333 1595 2378 talium,
1626 2332 1766 2369 scilicet
1799 2331 2026 2368 exteriorum
2064 2331 2276 2376 bonorum,
2306 2331 2358 2367 ad
2383 2342 2514 2379 opera-

1452 2387 1589 2423 tionem
1605 2383 1618 2407 θ
1639 2385 1847 2430 necessitas,
1876 2385 1942 2421 sed
1969 2384 2231 2432 impedimenta
2258 2390 2345 2420 sunt
2370 2384 2421 2420 ad
2437 2395 2516 2432 spe-

1452 2439 1691 2477 culationem.

1505 2493 1567 2530 Ad
1587 2493 1751 2529 futuram
1767 2503 1861 2529 vero
1882 2490 2155 2527 beatitudinem
2171 2489 2366 2527 ordinatur
2385 2490 2517 2539 aliquis

1452 2558 1523 2594 per
1550 2546 1757 2583 caritatem.
1796 2546 1845 2581 Et
1873 2544 1961 2592 quia
1989 2543 2203 2580 voluntaria
2231 2550 2433 2590 paupertas
2462 2551 2518 2580 est

1453 2599 1588 2636 efficax
1618 2598 1837 2635 exercitium
1870 2596 2118 2646 perveniendi
2146 2597 2194 2632 ad
2223 2595 2427 2643 perfectam
2458 2608 2517 2632 ca-

1453 2651 1623 2698 ritatem,
1659 2651 1745 2688 ideo
1775 2651 1937 2686 multum
1965 2650 2066 2686 valet
2095 2649 2143 2685 ad
2172 2649 2371 2685 caelestem
2402 2649 2517 2685 beati-

1452 2705 1624 2743 tudinem
1642 2702 1972 2751 consequendam:
1993 2702 2096 2739 unde
2112 2709 2148 2738 et
2162 2701 2364 2748 Dominus,
2381 2702 2514 2738 Matth.

1452 2770 1513 2796 iux
1530 2758 1563 2806 ²¹²,
1594 2758 1700 2795 dicit:
1719 2757 1838 2803 ,Vade
1865 2761 1900 2792 et
1926 2756 2043 2792 vende
2066 2755 2194 2792 omnia
2223 2766 2319 2803 quae
2346 2755 2460 2791 habes
2483 2761 2518 2791 et

1452 2813 1501 2850 da
1533 2810 1785 2860 pauperibus,
1814 2815 1850 2846 et
1883 2809 2035 2846 habebis
2071 2809 2285 2844 thesaurum
2323 2807 2360 2844 in
2398 2808 2513 2844 caelo.

1453 2865 1618 2903 Divitiae
1647 2871 1775 2900 autem
1802 2862 1952 2899 habitae
1973 2874 2041 2910 per
2059 2874 2099 2897 se
2119 2861 2276 2908 quidem
2301 2867 2410 2896 natae
2430 2869 2516 2897 sunt

1452 2917 1726 2967 perfectionem
1755 2915 1916 2952 caritatis
1944 2914 2147 2962 impedire,
2186 2913 2438 2962 principaliter
2465 2915 2516 2950 al-

1452 2970 1615 3008 liciendo
1649 2969 1820 3006 animum
1859 2975 1894 3004 et
1929 2967 2189 3004 distrahendo:
2226 2966 2327 3003 unde
2362 2966 2514 3014 dicitur,

1453 3024 1588 3061 Matth.
1609 3022 1727 3068 xi11*,
1763 3022 1868 3070 quod
1896 3020 2102 3058 sollicitudo
2129 3019 2270 3056 saeculi
2300 3024 2336 3056 et
2349 3019 2514 3067 fallacia
2543 3022 2553 3031 ⁴

1453 3077 1669 3113 divitiarum
1697 3075 1860 3124 suffocat
1877 3079 1885 3095 ²
1912 3074 2068 3110 verbum
2096 3073 2191 3116 Dei‚·
2219 3073 2324 3120 quia,
2353 3079 2394 3109 ut
2422 3073 2515 3109 Gre-

1453 3129 1580 3177 gorius
1610 3128 1700 3165 dicit
1717 3127 1749 3174 *,
1778 3127 1868 3164 dum
1896 3128 2036 3163 bonum
2064 3126 2288 3162 desiderium
2307 3125 2359 3161 ad
2375 3136 2443 3161 cor
2461 3126 2515 3162 in-

1425 3181 1427 3185 '
1453 3188 1557 3218 trare
1584 3193 1659 3217 non
1687 3180 1828 3225 sinunt,
1858 3180 1967 3227 quasi
1993 3179 2134 3215 aditum
2157 3179 2278 3226 flatus
2304 3178 2426 3214 vitalis
2454 3190 2516 3215 ne·-

1453 3239 1543 3271 cant
1558 3239 1585 3270 ².
1616 3234 1665 3269 Et
1695 3233 1780 3270 ideo
1811 3232 1962 3269 difficile
1992 3240 2048 3268 est
2076 3230 2269 3267 caritatem
2299 3230 2394 3267 inter
2423 3230 2515 3267 divi-

1452 3287 1520 3324 tias
1541 3297 1780 3322 conservare.
1802 3285 1913 3321 Unde
1932 3284 2122 3321 Dominus
2143 3283 2242 3330 dicit,
2264 3284 2398 3320 Matth.
2413 3296 2474 3320 xix
2484 3284 2514 3330 ²¹²,

1453 3338 1559 3387 quod
1587 3339 1689 3375 dives
1716 3337 1868 3385 difficile
1893 3337 2044 3374 intrabit
2070 3337 2106 3373 in
2128 3348 2290 3386 regnum
2310 3336 2514 3373 caelorum.

1507 3459 1534 3491 η)
1557 3459 1658 3483 Crates.
1671 3471 1690 3476 -
1709 3457 1834 3482 Socrates
1853 3457 1955 3481 codices
1975 3462 2000 3481 et
2019 3463 2052 3484 a‚·
2070 3464 2118 3489 pro
2131 3463 2268 3490 magnum,
2283 3457 2376 3489 magni
2393 3457 2516 3481 BDEFIK

1455 3495 1533 3560 ΙΑεΑθ.)
1553 3529 1591 3554 ad
1608 3527 1799 3560 operationem.
1811 3541 1831 3546 -
1847 3530 1897 3552 aut
1914 3527 2070 3559 operatione
2088 3527 2189 3551 codices
2209 3532 2234 3551 et
2252 3534 2278 3552 a.

1509 3565 1528 3596 ι)
1547 3564 1667 3598 suffocat.
1679 3577 1698 3582 -
1715 3562 1847 3596 suffocant
1866 3563 1978 3588 PBDsA.

1508 3601 1533 3632 κ)
1554 3602 1658 3625 necant.
1671 3612 1690 3617 —
1708 3602 1800 3624 vetant
1824 3597 1980 3629 PABFKsC,
1999 3600 2090 3622 vetant
2113 3598 2154 3623 vel
2177 3597 2326 3630 impediunt
2344 3598 2362 3627 1,
2379 3597 2465 3622 vitant
2484 3597 2516 3626 H,

1455 3639 1552 3661 vocant
1570 3635 1600 3666 L,
1620 3637 1703 3659 urunt
1721 3634 1769 3667 pC,
1787 3633 1862 3659 tertia
1880 3641 1958 3658 manu
1978 3633 1998 3658 C
2016 3638 2044 3658 ut
2062 3640 2119 3658 nos.

2533 852 2543 862 ⁸
2563 850 2582 872 E
2600 850 2637 873 ist.
2658 850 2746 878 Lvni,

2533 877 2560 898 al.
2598 877 2638 898 111.

2536 1217 2546 1227 ⁸
2559 1216 2579 1237 E
2596 1217 2633 1238 ist.
2652 1215 2745 1242 CXXV,

2536 1243 2564 1264 nl.
2592 1242 2619 1263 V.

2542 1698 2551 1707 ⁸
2566 1697 2622 1724 Cap.
2636 1703 2678 1723 vn,
2687 1702 2750 1718 vni.-

2541 1723 2750 1751 S.Th.1ect.xsqq.

2545 2755 2556 2764 ⁸
2568 2753 2635 2775 Vers.
2649 2759 2679 2775 ει.

2543 3126 2553 3137 ·
2567 3125 2654 3147 Hamil.
2674 3124 2716 3146 XV
2730 3124 2754 3145 in

2543 3151 2636 3179 Evang.

2544 3285 2555 3295 ⁸
2567 3284 2633 3307 Vers.
2649 3290 2681 3313 ²3·
