2768 4198
47 961 56 970 “
76 959 111 981 De
129 959 258 987 Magnani-

46 987 133 1007 mitate.

45 1014 66 1024 ⁸·
74 1013 100 1034 In
107 1019 166 1039 resp.
173 1013 201 1033 ad
209 1017 258 1039 arg.

46 1047 57 1068 3
64 1044 125 1061 cont.
132 1039 233 1060 conclus.
243 1044 256 1059 1.

48 1900 57 1909 ·
73 1899 96 1919 ln
117 1904 179 1926 resp.
194 1898 223 1919 ad
244 1904 259 1919 1.

49 2133 107 2148 vers,
124 2133 150 2155 ¹3-

54 2760 62 2770 ‘
75 2760 121 2787 Qu.
134 2765 180 2783 xiv,
193 2763 268 2785 art.1;

55 2793 92 2814 qu.
110 2793 155 2811 xxi.
171 2790 214 2808 art.
231 2793 245 2808 ι.

59 3031 66 3039 ·
78 3029 112 3050 Cf.
129 3030 226 3051 Aristot.
238 3029 270 3051 E-

58 3056 112 3077 thic.
121 3056 159 3077 lib.
171 3055 210 3080 tv.

59 3088 179 3131 afflans
191 3083 215 3105 ⁵·

219 3062 269 3104 at:

152 3408 187 3428 ιιι,
198 3408 222 3424 n.
234 3407 278 3425 21.—

63 3403 147 3451 chph
164 3430 214 3451 lect,
231 3434 261 3450 tx.

286 302 333 338 72

285 369 400 418 gitare
432 378 467 406 et
486 370 610 406 facere
631 370 778 406 bonum
799 379 1006 416 possumus
1027 378 1113 402 cum
1141 365 1280 402 auxilio
1303 365 1357 402 di·
1382 364 1385 441 ἶ

285 423 390 469 vino,
409 435 487 460 non
502 423 665 460 totaliter
679 423 755 459 hoc
771 420 917 458 excedit
937 420 1154 456 facultatem
1171 426 1354 455 nostram.
1384 444 1385 463 ἰ

288 477 335 513 Et
363 476 450 513 ideo
490 489 569 513 non
599 484 653 512 est
682 482 1046 524 praesumptuosum
1076 472 1105 508 si
1134 471 1270 519 aliquis
1307 472 1357 508 ad
1384 467 1386 518 l

340 611 365 642 ζ)
378 610 578 642 faciendum-
596 607 730 640 agendum
752 606 807 634 Pla,
828 612 881 628 om.
901 604 931 629 C.

952 287 1221 334 QUAESTlo
1256 286 1420 333 CXXX,
1449 287 1748 324 ARTlCULUS
1780 289 1809 323 ll

1411 365 1567 415 aliquod
1611 379 1709 414 opus
1751 366 1967 403 virtuosum
2012 365 2265 403 faciendum<
2302 364 2485 402 intendat.

1412 419 1524 456 Esset
1552 427 1682 456 autem
1710 428 2079 471 praesumptuosum
2109 421 2139 457 si
2170 419 2220 457 ad
2247 420 2323 456 hoc
2353 418 2488 467 aliquis

1411 471 1586 509 tenderet
1614 473 1761 522 absque
1790 473 1933 510 fiducia
1962 473 2082 511 divini
2111 473 2251 510 auxilii.

965 692 1303 724 Commentario.
1325 693 1583 726 Cardinalis
1605 693 1809 727 Caietani

293 789 338 851 ΙΝ
363 777 494 808 articulo
520 776 624 816 primo
648 772 842 814 quaestionis
867 771 1246 811 centesimaetrigesimae,
1264 772 1295 802 in
1313 782 1360 802 re·
1384 777 1388 816 Ι
1414 783 1506 804 nemo
1529 773 1632 804 habet.
1659 773 1781 804 Caritas
1804 773 1963 814 siquidem
1983 774 2078 805 unius
2094 774 2274 815 incipientis
2297 781 2403 815 potest
2426 784 2494 805 esse

319 822 491 862 sponsione
507 821 547 850 ad
563 819 714 859 primum,
733 817 812 847 circa
828 816 925 846 illud:
950 817 1258 857 Praesumptuosum
1279 822 1361 848 esset

287 867 371 908 quod
387 866 504 905 aliquis
520 866 551 894 in
568 868 653 894 statu
672 860 880 902 imperfectae
895 862 1023 892 virtutis
1038 866 1215 892 attentaret
1232 863 1362 903 assequi

286 912 393 942 statim
418 919 455 940 ea
480 918 562 949 quae
578 913 653 938 sunt
670 905 839 947 perfectae
856 907 994 943 virtutiS,
1017 905 1153 936 dubium
1170 906 1308 937 occurrit
1325 916 1362 937 ex
1387 927 1389 942 1
1415 908 1512 938 tionis
1537 907 1659 938 Christi
1672 906 1698 943 *‚
1724 914 1754 938 et
1778 917 1845 938 non
1869 914 1917 938 est
1938 916 2088 938 mensura
2112 907 2221 949 aliqua
2242 907 2334 940 initii.
2358 925 2380 933 ·-
2404 907 2496 939 Simi-
2523 911 2737 941 maspha-xp.

1387 947 1389 1001 l
1414 952 1485 984 liter
1501 951 1547 982 illi
1570 951 1626 993 qui
1650 951 1758 983 statim
1781 952 1820 982 ad
1845 951 2021 983 solitariam
2035 951 2137 983 vitam
2155 959 2238 984 recte
2262 960 2495 993 processerunt,

286 954 433 989 Martino‚
458 953 490 983 in
511 959 643 983 tractatu
661 951 746 982 dicto
758 950 786 987 *‚
811 960 866 992 qu.
883 950 940 980 1²⁸²*
956 951 995 981 de
1011 950 1286 991 Praesumpfione,
1307 951 1362 982 ubi

286 998 446 1039 tripliciter
459 1004 568 1028 contra
580 997 642 1027 hoc
655 996 786 1031 dictum,
799 995 1017 1026 universaliter
1028 995 1236 1032 intellectum,
1248 996 1362 1036 arguit.

286 1043 404 1078 Primo,
421 1042 497 1083 quia
511 1041 650 1072 historiis
667 1039 885 1071 ecclesiasticis
901 1050 966 1070 non
984 1047 1158 1071 consonat:
1184 1041 1263 1071 dum
1280 1041 1363 1071 mul-

286 1097 335 1119 tos
353 1087 488 1126 legimus
506 1087 538 1116 in
555 1093 637 1117 statu
654 1085 858 1126 imperfectae
874 1084 997 1115 virtutis
1017 1085 1141 1115 volasse
1158 1086 1197 1116 ad
1219 1095 1363 1116 eremum

287 1140 340 1163 aut
353 1132 558 1172 religionem;
579 1131 658 1161 alios
671 1130 855 1170 exposuisse
871 1140 903 1160 se
917 1130 1069 1171 martyrio
1085 1140 1144 1170 pro
1159 1129 1222 1160 fide
1234 1130 1363 1162 Christi.

343 1177 506 1212 Secundo,
532 1175 607 1217 quia
633 1185 698 1206 non
723 1182 880 1205 consonat
903 1174 1018 1205 rationi
1043 1175 1169 1205 morali.
1199 1176 1282 1205 Nam
1311 1186 1365 1206 cu-

287 1221 413 1252 iuslibet
437 1220 561 1251 virtutis
586 1219 716 1250 moralis
740 1226 828 1250 actus
859 1226 906 1250 est
929 1219 961 1249 in
986 1219 1080 1259 plena
1105 1219 1253 1251 facultate
1276 1219 1366 1251 liberi

287 1266 404 1297 arbitrii
428 1265 527 1296 adiuti
552 1264 727 1305 specialiter
751 1275 768 1294 a
787 1264 868 1295 Deo.
892 1264 978 1304 Ergo
994 1264 1129 1295 existens
1145 1264 1178 1294 in
1199 1271 1281 1295 statu
1307 1264 1364 1294 im-

287 1310 443 1351 perfectae
466 1310 591 1340 virtutis
623 1316 728 1349 potest
756 1316 905 1349 appetere
937 1319 1020 1349 opus
1050 1308 1206 1349 perfectae
1230 1309 1365 1340 virtutis.

343 1355 465 1391 Tertio,
490 1354 566 1396 quia
589 1364 673 1394 opus
697 1353 884 1394 perfectum,
909 1363 965 1394 per
989 1354 1078 1395 quod
1102 1361 1270 1394 generatur
1295 1364 1365 1394 per-

288 1400 388 1431 fectus
419 1399 565 1435 habitus,
589 1398 749 1439 praecedit
777 1398 922 1429 habitum
954 1398 1141 1439 perfectum.
1172 1399 1258 1439 Ergo
1283 1409 1367 1440 opus

288 1444 464 1485 perfectum
488 1444 621 1474 habetur
645 1453 704 1484 pro
728 1450 872 1483 tempore
897 1453 956 1483 pro
981 1453 1047 1484 quo
1072 1454 1138 1474 non
1163 1444 1297 1474 habetur
1313 1445 1367 1474 ad-

289 1490 351 1520 huc
380 1488 439 1520 nisi
463 1489 590 1520 habitus
612 1487 828 1528 imperfectus.
853 1488 928 1518 Non
952 1496 999 1519 est
1021 1498 1098 1529 ergo
1122 1495 1368 1529 praesumptuo-

289 1545 361 1565 sum
387 1532 602 1564 universaliter
629 1533 719 1574 quod
743 1532 858 1574 aliquis
888 1532 1008 1563 habens
1031 1532 1254 1574 imperfectum
1280 1533 1369 1564 habi-

288 1586 359 1609 tum
383 1585 513 1610 attentet
537 1587 621 1619 opus
645 1576 800 1618 perfectae
823 1576 959 1608 virtutis.

345 1623 383 1654 ll.
407 1623 458 1654 Ad
487 1622 549 1653 hoc
578 1622 714 1653 dubium
743 1621 859 1652 dicitur
888 1621 977 1663 quod
1001 1622 1096 1652 verba
1120 1622 1270 1653 Auctoris
1294 1629 1370 1653 sunt

290 1668 507 1699 universaliter
526 1677 612 1705 vera,
634 1677 709 1697 sane
732 1675 840 1697 tamen
856 1666 1024 1703 intellecta,
1043 1675 1078 1698 ut
1093 1666 1225 1707 intelligi
1242 1667 1369 1698 debent.

289 1713 438 1744 Notanda
468 1712 627 1753 siquidem
652 1718 726 1743 sunt
750 1712 844 1742 verba
872 1711 1004 1743 litterae.
1037 1712 1130 1743 Unde
1161 1712 1200 1742 ad
1230 1711 1369 1752 primam

290 1757 504 1788 obiectionem
529 1756 643 1788 dicitur
670 1756 760 1797 quod
782 1756 828 1786 illi
852 1755 908 1797 qui
933 1757 973 1787 ad
998 1766 1142 1787 eremum
1166 1763 1222 1787 aut
1243 1756 1369 1797 religio-

290 1812 364 1832 nem
388 1802 507 1843 absque
532 1801 793 1842 praesumptione
817 1800 948 1841 ingressi
972 1807 1057 1837 sunt,
1083 1811 1149 1831 non
1174 1802 1370 1832 attentabant

289 1846 394 1877 statim
419 1845 544 1887 assequi
570 1856 606 1876 ea
631 1855 713 1887 quae
737 1851 812 1875 sunt
836 1844 992 1885 perfectae
1015 1844 1155 1875 virtutis:
1188 1845 1243 1876 sed
1273 1852 1371 1876 atten-

290 1898 395 1922 tarunt
411 1891 496 1921 viam
511 1889 667 1931 perfectae
692 1889 826 1920 virtutis.
851 1889 950 1927 Quod
966 1889 999 1919 in
1016 1889 1119 1920 littera
1134 1889 1151 1908 '⁸'
1174 1890 1372 1930 approbatur

290 1935 465 1966 manifeste.
495 1935 619 1975 Religio
644 1934 730 1965 enim
754 1933 864 1965 schola
888 1941 935 1965 est
957 1933 1082 1964 virtutis
1106 1933 1276 1974 perfectae:
1303 1944 1371 1965 non

290 1980 446 2021 professio
476 1979 632 2020 perfectae
655 1979 789 2010 virtutis.
814 1996 835 2002 -
860 1978 926 2016 Qui
951 1985 1059 2010 autem
1083 1979 1235 2020 martyrio
1260 1989 1293 2010 se
1317 1989 1369 2010 ex·

289 2031 476 2066 posuerunt,
502 2024 574 2055 licet
597 2025 705 2065 quoad
730 2034 789 2054 nos
805 2023 987 2054 viderentur
1003 2034 1070 2054 esse
1086 2023 1291 2064 imperfectae
1306 2024 1370 2055 vir-

238 2106 251 2120 v
289 2069 375 2105 tutis,
401 2076 513 2110 utpote
538 2069 740 2105 inchoantes;
765 2068 875 2110 quoad
899 2069 1005 2100 Deum
1030 2076 1137 2100 tamen
1157 2075 1245 2100 erant
1268 2068 1370 2110 perfe-

254 2115 260 2125 '
290 2122 356 2146 ctae
380 2113 513 2150 virtutis,
534 2113 605 2154 ipso
622 2113 766 2144 Domino
783 2120 949 2144 attestante
965 2113 995 2143 *2
1021 2114 1182 2144 Maiorem
1200 2115 1368 2145 caritatem

1072 2274 1395 2319 ARTICULUS

1414 817 1517 848 maior
1541 817 1668 848 caritate
1692 817 1820 848 alterius
1844 818 1900 858 qui
1925 819 2029 849 multo
2054 826 2199 859 tempore
2227 819 2380 860 profecit:
2412 829 2494 859 quo-

1414 862 1503 893 niam
1527 862 1702 902 unicuique
1727 862 1820 893 datur
1843 862 1953 893 caritas
1982 863 2159 894 secundum
2183 873 2370 895 mensuram
2394 863 2495 894 dona·

1416 1007 1434 1027 a
1458 996 1596 1037 perfecta
1619 996 1735 1027 virtute
1759 996 1980 1037 incoeperunt,
2004 1003 2041 1028 ut
2062 996 2226 1028 Antonius
2241 1004 2272 1028 et
2286 997 2495 1030 Benedictus:

1416 1048 1547 1082 propter
1570 1041 1634 1071 iam
1658 1040 1774 1072 dictam
1800 1040 1924 1072 divinae
1948 1041 2100 1082 largitatis
2123 1051 2318 1078 mensuram,
2342 1051 2424 1082 quae
2441 1041 2498 1073 uni

1416 1093 1542 1117 tantum
1573 1085 1684 1116 tribuit
1713 1085 1745 1116 in
1769 1085 1861 1116 initio
1894 1092 2054 1127 quantum
2079 1095 2144 1116 non
2169 1085 2298 1117 habebit
2320 1086 2401 1117 alius
2425 1093 2500 1127 post

1417 1130 1624 1172 quadraginta
1650 1140 1752 1161 annos
1776 1130 1809 1161 in
1834 1130 1998 1170 religione.

1473 1175 1524 1206 Ad
1549 1175 1723 1205 secundam
1740 1174 1855 1206 dicitur
1878 1175 1967 1216 quod
1987 1175 2082 1206 solvit
2105 1175 2243 1215 seipsam
2266 1174 2299 1205 in
2323 1174 2386 1206 hoc
2409 1175 2500 1215 quod

1418 1220 1504 1257 dicit,
1535 1220 1721 1261 specialiter
1743 1220 1848 1251 adiuti
1870 1230 1890 1250 a
1914 1220 1995 1251 Deo.
2031 1219 2175 1258 Quilibet
2198 1219 2302 1256 enim,
2327 1227 2500 1260 quantum-

1418 1275 1558 1306 cumque
1583 1264 1786 1306 imperfectae
1810 1264 1945 1301 virtutis‚
1963 1264 1987 1295 si
2012 1264 2190 1305 specialiter
2209 1264 2379 1295 adiuvatur
2395 1274 2413 1294 a
2429 1264 2500 1294 Deo

1418 1310 1459 1341 ad
1483 1320 1566 1350 opus
1590 1310 1723 1351 aliquod
1742 1317 2043 1351 quantumcumque
2060 1319 2226 1350 magnum,
2251 1315 2357 1350 potest
2381 1309 2502 1349 absque

1419 1354 1681 1396 praesumptione
1712 1354 1841 1385 tendere
1870 1354 1903 1384 in
1934 1354 2024 1386 illud.
2059 1356 2183 1385 Auctor
2217 1361 2325 1384 autem
2357 1353 2503 1394 loquitur

1419 1400 1458 1430 de
1481 1399 1683 1440 imperfectae
1706 1399 1831 1430 virtutis
1856 1398 1988 1430 homine
2012 1399 2132 1440 absque
2149 1398 2211 1429 alia
2225 1397 2430 1439 appositione
2446 1407 2502 1429 au-

1419 1444 1485 1475 xilii
1510 1444 1664 1485 specialis.

1476 1489 1526 1520 Ad
1551 1489 1676 1519 tertiam
1695 1496 1804 1519 autem
1828 1489 1942 1520 dicitur
1962 1488 2078 1529 primo,
2103 1488 2194 1529 quod
2218 1487 2336 1519 falsum
2352 1494 2399 1519 est
2418 1497 2503 1528 opus

1420 1533 1599 1575 perfectum
1623 1534 1810 1575 praecedere
1834 1533 1981 1565 habitum
2004 1533 2194 1574 perfectum.
2218 1533 2276 1564 Est
2295 1531 2383 1563 enim
2398 1541 2504 1573 oppo-

1421 1578 1519 1610 situm
1542 1588 1663 1610 verum.
1689 1578 1888 1609 Fabricando
1905 1577 2066 1619 siquidem
2082 1577 2267 1619 imperfecte
2291 1576 2372 1608 fabri
2387 1575 2502 1609 fimus:

1420 1631 1452 1654 et
1474 1623 1666 1654 fabricamus
1690 1630 1764 1663 post
1787 1623 1934 1663 perfecte.
1960 1623 2002 1654 Et
2023 1622 2168 1653 similiter
2192 1622 2353 1654 cantando
2375 1628 2409 1654 et
2430 1621 2504 1662 pul·

1421 1668 1523 1699 sando
1547 1668 1732 1709 imperfecte
1755 1668 1871 1699 musici
1894 1667 1992 1698 fimus
2008 1667 2035 1704 *,
2061 1674 2092 1698 et
2106 1674 2273 1698 cantamus
2290 1673 2320 1698 et
2335 1667 2512 1708 pulsamua'
2531 1674 2587 1724 ἔθεε.
2601 1673 2746 1728 mefi-

2531 1733 2548 1756 t,
2563 1734 2586 1750 n.
2600 1734 2624 1756 4.
2634 1738 2647 1744 ·
2660 1727 2685 1750 S.
2741 1744 2746 1748 .

1422 1712 1573 1754 perfecte:
1596 1719 1632 1744 ut
1647 1712 1840 1753 experientia
1858 1719 2000 1744 testatur.
2026 1712 2187 1744 Generant
2201 1718 2311 1744 autem
2327 1710 2506 1752 imperfecti

1422 1765 1511 1788 actus
1535 1757 1681 1788 habitum
1705 1757 1883 1798 perfectum
1906 1757 1938 1788 in
1955 1757 2072 1788 virtute
2090 1757 2264 1798 superioris
2280 1756 2443 1798 principii:
2467 1763 2505 1788 ut
2531 1755 2583 1778 ¹⁸⁶¹·
2599 1761 2615 1777 ¹·

1422 1802 1454 1832 in
1478 1802 1679 1842 praecedenti
1703 1802 1800 1833 Libro
1815 1802 1833 1821 *
1856 1802 1979 1833 dictum
2002 1809 2060 1833 est.

1478 1846 1603 1877 Dicitur
1633 1846 1845 1877 nihilominus
1875 1846 2035 1883 secundo,
2069 1846 2159 1887 quod
2189 1845 2277 1877 aliud
2308 1853 2356 1877 est
2387 1845 2504 1877 habere
2533 1861 2606 1882 mm.

1422 1898 1531 1922 actum
1548 1890 1725 1932 perfectum
1741 1898 1814 1922 ante
1831 1891 2010 1931 perfectum
2027 1891 2186 1922 habitum:
2207 1898 2238 1922 et
2261 1890 2349 1921 aliud
2365 1897 2412 1922 est
2432 1896 2507 1931 post

1395 1961 1396 1964 ,
1422 1934 1643 1976 imperfectam
1667 1935 1817 1968 virtutem
1841 1935 1948 1966 statim
1971 1942 2124 1966 attentare
2141 1945 2178 1966 ea
2201 1944 2284 1976 quae
2305 1941 2381 1966 sunt
2404 1934 2506 1976 perfe-

1423 1987 1491 2011 ctae
1514 1979 1649 2012 virtutis.
1681 1980 1750 2012 Stat
1777 1980 1864 2011 enim
1891 1980 1983 2021 quod
2011 1986 2085 2020 post
2111 1979 2333 2020 imperfectam
2355 1980 2508 2012 virtutem

1423 2024 1528 2056 multo
1559 2025 1687 2061 studio,
1712 2025 1862 2057 exercitio
1893 2032 1924 2056 et
1954 2031 2071 2056 conatu
2084 2047 2092 2062 ,
2116 2025 2231 2056 habeat
2260 2023 2335 2066 quis
2364 2024 2509 2066 aliquem

1422 2076 1531 2101 actum
1554 2069 1647 2111 quasi
1663 2069 1842 2111 perfectum
1856 2077 1929 2101 ante
1945 2069 2120 2111 perfectam
2134 2069 2297 2101 virtutem.
2321 2069 2362 2101 Et
2377 2068 2423 2101 sic
2439 2077 2508 2100 non

1396 2148 1397 2151 Ἴ
1424 2121 1622 2154 praesumet:
1647 2114 1723 2156 quia
1747 2125 1813 2145 non
1838 2113 1946 2146 statim
1969 2121 2111 2146 attentat.

1430 2275 1736 2319 SECUNDUS

638 2369 794 2400 UTRUM
819 2369 1126 2400 PRAESUMPTIO
1150 2369 1419 2402 OPPONATUR
1441 2370 1799 2402 MAGNANIMITATI
1825 2371 1908 2401 PER
1932 2369 2163 2402 EXCESSUM

891 2449 984 2482 Supra,
1004 2457 1050 2482 qu.
1068 2457 1119 2479 ιιι,
1139 2455 1187 2475 art.
1211 2458 1238 2481 ¹3
1258 2450 1279 2475 11
1300 2450 1396 2481 fflhic„
1415 2450 1475 2476 lect.
1496 2457 1535 2480 1x;
1556 2450 1589 2475 lV
1611 2450 1707 2479 Eth1'c.‚
1728 2450 1786 2475 lect.
1806 2457 1861 2482 vui,
1881 2458 1916 2476 xi.

330 2548 390 2585 <⁵2⁵
413 2547 485 2590 ’fat‘
508 2543 531 2569 D
547 2543 739 2569 SECUNDUM
755 2543 808 2568 stc
824 2543 1067 2569 PROCEDITUR.
1088 2531 1250 2570 Videtur
1264 2533 1370 2582 quod
1397 2534 1399 2556 ἵ

338 2580 489 2642 ’ᾗῇ-ἴς
508 2585 770 2635 praesumptio
807 2597 886 2622 non
922 2593 1143 2636 opponatur
1175 2585 1371 2635 magnarii·
1398 2582 1399 2595 ¹

314 2640 325 2679 ’,
346 2637 436 2691 ἧς,
460 2628 479 2677 ’6
509 2639 630 2677 mitati
650 2651 720 2689 per
740 2650 952 2676 excessum.
976 2639 1246 2690 Praesumptio
1267 2640 1371 2677 enim

315 2683 328 2694 ”
354 2664 413 2716 ζ’*
428 2682 498 2723 Γ·
508 2693 663 2743 ponitur
678 2692 825 2743 species
844 2693 991 2742 peccati
1012 2694 1050 2731 in
1070 2693 1254 2743 Spiritum
1277 2694 1373 2731 San·
1399 2699 1401 2724 ἰ

297 2753 414 2792 ctum,
434 2753 476 2783 ut
505 2759 620 2796 supra
642 2746 663 2769 ’¹'
691 2746 865 2784 habitum
896 2755 964 2785 est.
995 2747 1073 2786 Sed
1102 2755 1306 2798 peecatum
1335 2748 1373 2785 in
1400 2745 1401 2771 ³

298 2800 480 2849 Spiritum
507 2802 693 2838 Sanctum
715 2813 793 2838 non
823 2801 1031 2851 opponitur
1049 2801 1374 2850 magnanimitati,

298 2854 364 2891 sed
385 2854 505 2902 magis
530 2854 683 2892 caritati.
706 2855 809 2903 Ergo
831 2854 945 2892 etiam
967 2867 1093 2905 neque
1112 2856 1374 2906 praesumptio
1402 2895 1403 2899 ,

298 2907 506 2957 opponitur
534 2908 849 2957 magnanimitati.

354 2973 389 2999 2.
435 2961 681 3008 ΡιιΑετεκΕΑ,
721 2962 770 3000 ad
813 2963 1169 3010 magnanimitatem
1212 2962 1376 3012 pertinet
1402 2967 1403 2992 ἒ

299 3016 404 3064 quod
442 3012 578 3065 aliquis
605 3027 646 3052 se
673 3016 826 3067 magnis
854 3016 1048 3066 dignificet
1060 3016 1091 3054 *.
1132 3016 1210 3054 Sed
1239 3017 1375 3067 aliquis
1402 3018 1403 3025 ¹

301 3068 435 3106 dicitur
462 3077 807 3119 praesumptuosus
837 3070 952 3107 etiam
981 3070 1012 3107 si
1037 3083 1076 3108 se
1096 3069 1226 3120 parvis
1255 3070 1376 3120 digni·
1402 3099 1403 3102 η

300 3122 399 3168 ficet,
422 3122 640 3161 dummodo
656 3123 731 3161 hoc
752 3124 910 3161 excedat
929 3124 1126 3174 propriam
1142 3124 1374 3162 facultatem.
1402 3150 1403 3154 ,

301 3176 392 3213 Non
423 3188 513 3224 ergo
535 3177 676 3215 directe
696 3177 958 3228 praesumptio
984 3177 1287 3227 magnanimitati
1308 3190 1376 3228 op—

302 3229 469 3278 ponitur.
1402 3227 1404 3259 {

359 3284 392 3320 3.
424 3284 658 3332 mmm,
689 3284 959 3334 magnanimus
981 3284 1167 3322 exteriora
1186 3285 1290 3322 bona
1320 3298 1376 3322 re·
1402 3265 1405 3324 l

304 3344 411 3384 putat
439 3337 548 3384 quasi
568 3350 699 3387 parva.
732 3339 807 3376 Sed
838 3339 1053 3377 secundum
1083 3339 1376 3390 Philosophum,

305 3390 342 3426 in
363 3389 415 3425 IV
433 3390 551 3427 Ethic.
568 3390 599 3436 ²¹⁸,
631 3393 939 3442 praesumptuosi
970 3401 1128 3443 propter
1148 3393 1375 3431 exteriorem

306 3442 497 3479 fortunam
525 3445 630 3491 fiunt
666 3445 898 3494 despectores
934 3452 969 3483 et
1005 3447 1247 3484 iniuriatores
1283 3446 1377 3484 alio·
1404 3447 1406 3475 ἱ

307 3508 405 3540 rum,
432 3496 540 3544 quasi
561 3509 745 3545 magnum
767 3499 906 3548 aliquid
927 3500 1171 3537 aestimantes
1192 3499 1379 3537 exteriora

1402 2937 1403 2958 3
1431 2917 1498 2956 est,
1520 2908 1817 2958 magnanimitas
1841 2909 2012 2948 consistit
2031 2909 2069 2948 in
2090 2909 2233 2959 medio,
2255 2922 2334 2948 non
2353 2909 2510 2959 quidem
2552 2910 2558 2920 '

1424 2533 1539 2570 bona.
1572 2533 1675 2580 Ergo
1705 2533 1970 2582 praesumptio
2001 2544 2081 2570 non
2112 2532 2322 2582 opponitur
2350 2544 2508 2582 magna-

1426 2585 1586 2623 nimitati
1615 2598 1685 2635 per
1714 2597 1928 2634 excessum,
1959 2585 2027 2624 sed
2054 2586 2182 2623 solum
2212 2598 2282 2636 per
2301 2586 2508 2625 defectum.

1482 2640 1558 2678 San
1591 2651 1740 2677 CONTRA
1770 2651 1837 2677 εετ
1864 2640 1970 2690 quod
2001 2639 2273 2691 Philosophus,
2303 2640 2342 2678 in
2372 2641 2404 2678 11
2425 2639 2446 2663 ¹⁸¹
2475 2647 2511 2678 et
2539 2648 2549 2657 ·

1430 2693 1481 2731 lV
1499 2693 1520 2716 '⁸'
1555 2693 1700 2740 Ethic.‚
1731 2693 1821 2731 dicit
1854 2694 1961 2743 quod
1996 2693 2248 2743 magnanimo
2283 2706 2354 2744 per
2381 2705 2510 2732 exces·
2538 2702 2549 2712 ·

1400 2785 1401 2792 χ
1429 2759 1515 2785 sum
1546 2747 1755 2798 opponitur
1773 2748 1945 2786 chaunus
1964 2753 1993 2795 ⁸,
2025 2748 2122 2786 idest
2150 2748 2316 2786 furiosus
2334 2748 2398 2786 vel
2417 2760 2512 2787 ven-

1429 2810 1558 2849 tosus,
1589 2813 1705 2850 quem
1736 2813 1808 2838 nos
1837 2801 2001 2839 dicimus
2024 2808 2398 2853 praesumptuosum.

1484 2856 1713 2893 Rasrounao
1734 2867 1921 2893 DlCENDUM
1941 2856 2061 2905 quod,
2078 2855 2175 2894 sicut
2194 2868 2309 2908 supra
2323 2855 2345 2878 ‘
2365 2855 2510 2894 dictum
2539 2867 2549 2877 ·

1402 2998 1403 3011 ἶ
1430 2963 1646 3001 secundum
1676 2963 1929 3013 quantitatem
1959 2963 2040 3002 eius
2069 2963 2108 3002 in
2132 2964 2239 3014 quod
2267 2963 2399 3010 tendit,
2421 2962 2511 3014 quia

1402 3046 1403 3055 ,
1429 3017 1550 3054 tendit
1588 3017 1625 3054 in
1655 3017 1890 3055 maximum:
1929 3017 1998 3055 sed
2037 3017 2278 3056 constituitur
2310 3017 2348 3055 in
2377 3016 2509 3055 medio

1431 3070 1646 3108 secundum
1668 3071 1962 3122 proportionem
1982 3072 2030 3110 ad
2050 3071 2248 3122 propriam
2273 3071 2509 3117 facultatem;

1431 3137 1509 3162 non
1530 3126 1631 3162 enim
1653 3124 1691 3162 in
1711 3125 1859 3163 maiora
1877 3124 1999 3163 tendit
2027 3137 2144 3175 quam
2169 3124 2241 3162 sibi
2262 3123 2509 3163 conveniant.

1431 3179 1782 3229 Praesumptuosus
1811 3187 1953 3226 autem,
1975 3186 2163 3228 quantum
2193 3178 2243 3216 ad
2271 3178 2310 3216 id
2334 3179 2372 3216 in
2401 3177 2509 3228 quod

1431 3231 1572 3279 tendit,
1602 3245 1681 3270 non
1719 3232 1866 3270 excedit
1893 3231 2208 3281 magnanimum:
2248 3232 2316 3270 sed
2345 3232 2510 3270 multum

1432 3285 1668 3336 quandoque
1697 3286 1745 3324 ab
1775 3297 1822 3324 eo
1853 3284 1994 3324 deficit.
2028 3285 2189 3323 Excedit
2216 3293 2347 3323 autem
2376 3297 2512 3324 secun-

1433 3340 1526 3378 dum
1555 3339 1848 3390 proportionem
1871 3350 1962 3376 suae
1982 3338 2183 3388 facultatis,
2203 3351 2323 3390 quam
2353 3351 2511 3390 magna·

1404 3415 1405 3429 l
1432 3392 1560 3431 nimus
1589 3405 1667 3430 non
1695 3391 1938 3431 transcendit.
1979 3392 2029 3430 Et
2056 3394 2132 3430 hoc
2162 3394 2281 3431 modo
2311 3405 2511 3443 praesum-

1432 3446 1511 3496 ptio
1541 3445 1750 3496 opponitur
1777 3446 2081 3495 magnanimitati
2111 3459 2181 3496 per
2211 3459 2424 3485 excessum.

1487 3502 1546 3536 An
1571 3511 1709 3538 ramum
1734 3511 1834 3538 eaeo
1861 3512 2047 3538 mesanum
2073 3502 2179 3551 quod
2209 3514 2288 3539 non
2316 3500 2512 3551 quaelibet

362 3634 388 3665 α)
408 3633 537 3659 chaunus.
549 3647 568 3652 -
585 3641 688 3666 capuds
702 3635 827 3667 plerique,
847 3636 967 3667 caputius·
989 3637 1021 3667 G,
1040 3638 1164 3669 captivus
1184 3638 1200 3666 1,
1219 3638 1326 3670 capitu-³
1341 3638 1382 3662 ed.
1402 3645 1427 3666 a,
1448 3643 1515 3670 apat.
1534 3646 1590 3663 vac.
1610 3638 1638 3662 F.

2523 946 2554 967 iv,
2571 945 2631 961 vers.
2645 944 2666 966 7.

2531 1805 2748 1860 :dqq-gh-gdss
