2768 4198
59 587 69 597 ⁸
85 586 155 607 Num.
171 591 196 607 u.

59 853 269 904 :erar-:5³¹²-

57 1214 69 1227 '
81 1213 151 1244 Πειρ-
166 1215 195 1237 ad
209 1221 229 1244 3.

57 1348 67 1356 ·
84 1345 156 1368 Num.
171 1350 205 1368 m.

59 1396 68 1406 ⁸
82 1394 152 1423 Rup-
166 1394 195 1417 ad
208 1400 229 1424 3.

58 2289 68 2298 ⁴
83 2287 183 2310 aristot.
194 2286 271 2310 Εώίε.

61 2314 101 2336 ub.
115 2314 145 2339 n.
161 2319 174 2336 e
206 2329 213 2336 .
234 2319 270 2341 m,

58 2347 163 2390 ῗεοιέοῐηῐ
224 2339 270 2363 “·

59 2825 70 2834 ’
83 2822 142 2851 cap.
154 2828 197 2845 vu.

61 2933 229 2962 'Cap-mn.
251 2932 273 2955 ⁶.

59 3195 70 3206 ⁸
84 3195 144 3223 Cap.
157 3201 207 3217 νιιι.

63 3411 149 3434 ·S.Th.
159 3412 210 3433 lect.
217 3418 274 3432 xxn.

948 239 1217 286 QUAESTIO
1248 239 1425 286 cxxul,
1454 239 1753 277 ARTmULth
1783 239 1851 275 xu

298 320 413 351 limum
436 327 469 352 et
490 319 700 360 praecipuum
730 325 777 350 est
799 317 980 350 firmitatem
1004 318 1134 354 habere,
1161 325 1195 349 ut
1219 325 1293 349 sunt
1317 328 1371 358 pe-

298 364 396 396 ricula
419 364 541 400 morti&
566 363 640 395 ideo
662 363 800 395 vindicat
824 362 883 392 sibi
906 361 1088 394 firmitatem
1117 370 1152 393 ut
1176 362 1276 402 magis
1300 372 1373 402 pro-
1396 363 1398 367 ’

298 408 411 449 priam„
428 408 468 439 Et
485 418 560 440 cum
573 408 634 439 hoc
651 414 711 438 stat
723 407 812 449 quod
825 406 946 438 ratione
962 406 1131 437 habitualis
1142 406 1370 447 dispositionis,

298 452 373 494 quia
389 452 506 484 scilicet
519 451 679 494 quaelibet
693 451 792 482 virtus
812 458 858 482 est
873 450 1009 487 habitus,
1030 461 1204 482 commune
1221 450 1260 482 sit
1282 451 1371 481 omni
1397 459 1399 468 ¹

297 496 405 528 virtuti
434 496 569 528 firmiter
589 496 724 538 operari.
755 496 812 526 Est
835 505 913 536 ergo
943 495 1083 527 solidum
1107 496 1227 527 litterae
1257 495 1371 527 funda·
1404 499 1408 501 '

1396 534 1399 571 ἶ
1426 541 1600 572 cardinales
1617 551 1670 571 seu
1690 541 1878 582 principales
1895 541 2017 572 ratione
2037 539 2218 580 principalis
2235 539 2400 570 materiae:
2426 549 2503 580 qua-

298 548 457 572 mentum.

354 586 422 617 VII.
439 585 490 616 Ad
505 585 648 626 primum
661 584 861 616 obiectorum
874 591 984 615 contra
998 585 1176 616 secundum
1192 584 1218 621 *,
1235 591 1369 625 negatur

299 630 410 660 maior.
436 629 601 667 Quoniam
617 629 725 666 virtus,
742 636 1041 670 quantumcumque
1057 630 1089 659 in
1106 629 1206 670 gradu
1230 628 1370 665 heroico,

298 684 364 705 non
389 674 508 705 excedit
532 673 696 714 propriam
720 673 896 710 materiam,
922 674 976 704 sed
1000 673 1080 704 infra
1104 673 1251 715 propriae
1273 680 1371 704 mate-

298 719 361 749 riae
385 719 502 750 limites
525 718 651 749 heroica
673 725 729 749 est.
755 718 897 748 Pericula
913 725 1021 749 autem
1038 718 1161 758 optima
1177 717 1288 748 mortis
1306 728 1372 748 non

298 770 372 794 sunt
386 763 492 794 omnis
508 763 632 794 virtutis
648 763 789 799 materia,
807 763 861 793 sed
878 762 978 793 solius
993 762 1203 795 fortitudinis:
1230 769 1265 793 ut
1288 769 1373 803 patet

298 817 334 838 ex
358 807 560 839 distinctione
584 807 740 838 virtutum
770 817 867 848 penes
892 817 964 838 suas
987 807 1133 848 proprias
1157 806 1319 843 materias,
1346 807 1374 839 11
1399 828 1401 836 ι

297 852 400 884 Ethic.
416 851 434 871 *
456 870 477 875 -
502 852 595 883 Unde
619 852 766 893 probatio
791 852 908 882 falsum
923 852 1066 889 assumit,
1091 852 1180 895 quod
1197 851 1296 882 virtus
1319 851 1372 881 he·
1399 866 1401 869 v

298 896 382 927 roica
410 902 458 928 est
487 906 525 927 ex
555 906 612 928 sua
643 904 755 927 natura
787 896 866 927 circa
895 897 1061 928 subeunda
1090 895 1230 937 pericula
1262 895 1373 926 mortis

297 940 429 1016 quando
453 947 590 982 oportet,
609 947 666 975 etc.
692 941 766 974 Hoc
786 941 872 972 enim
896 951 962 972 non
980 940 1040 971 nisi
1065 940 1223 971 mediante
1248 939 1372 971 fortitu·
1400 939 1401 949 ¹

319 995 371 1016 ine
394 985 498 1017 habet.

352 1030 404 1060 Ad
434 1030 612 1063 secundum
641 1030 756 1061 dIcitur
783 1029 931 1071 negando
961 1035 1173 1070 assumptum.
1208 1028 1374 1066 Quoniam
1400 1047 1402 1056 ,

297 1084 373 1106 cum
396 1073 544 1106 firmitate
567 1074 666 1106 animi
690 1074 771 1106 circa
790 1073 912 1116 optima
936 1073 1048 1107 mortis
1071 1072 1212 1115 pericula
1231 1082 1297 1103 non
1314 1078 1375 1103 stat

297 1118 375 1161 quin
400 1118 542 1150 humana
557 1119 620 1150 vita
637 1120 717 1150 circa
734 1119 815 1149 hanc
830 1125 980 1154 versetur,
998 1124 1152 1160 tanquam
1168 1126 1272 1147 unum
1289 1116 1375 1157 prin-

298 1164 398 1206 cipale
421 1163 580 1195 sustinens
604 1163 702 1195 vitam
726 1163 898 1195 moralem:
923 1162 1013 1206 quod
1037 1168 1084 1193 est
1106 1161 1188 1192 circa
1212 1161 1375 1192 cardinem
1400 1161 1402 1176 ³

297 1208 395 1239 volvi.
421 1208 596 1248 Quoniam,
613 1215 649 1240 ut
663 1208 696 1239 in
712 1207 814 1240 littera
830 1207 944 1238 dicitur
958 1205 985 1243 *,
1010 1205 1194 1237 occasiones
1218 1204 1375 1245 periculo·
1401 1222 1403 1240 =

298 1263 370 1286 rum
387 1253 491 1284 bonae
508 1253 629 1289 mortis,
647 1251 828 1298 frequenter
852 1257 1064 1287 occurrentes,
1081 1249 1211 1290 exigunt
1229 1249 1375 1280 animum

298 1298 433 1338 firm‘u‘m.
452 1297 539 1328 circa
557 1297 621 1330 illa.

324 1337 437 1374 flvm-
461 1341 512 1373 Ad
537 1341 679 1383 primum
703 1340 904 1373 obiectorum
929 1345 1040 1370 contra
1058 1339 1188 1370 tertium
1204 1337 1222 1357 ¹*
1245 1347 1377 1380 respon-

298 1388 399 1424 detur,
424 1396 500 1417 cum
521 1384 663 1418 A'uctore
686 1385 719 1416 in
746 1385 849 1416 littera
863 1383 891 1420 *,
908 1383 999 1425 quod
1015 1383 1200 1414 occasiones
1217 1382 1375 1424 periculo·
1402 1414 1404 1416 ,

297 1441 370 1463 rum
393 1431 497 1462 bonae
519 1430 633 1462 mortis
656 1429 846 1471 frequenter,
872 1434 903 1459 et
926 1438 992 1459 non
1016 1437 1098 1464 raro,
1124 1433 1307 1458 occurrunt.

341 1475 392 1508 Ad
411 1475 591 1508 secundum
614 1474 730 1505 dicitur
752 1473 842 1518 quod
857 1473 956 1504 sancti
972 1471 1030 1503 viri
1053 1472 1110 1514 qui
1133 1481 1233 1503 unam
1256 1472 1377 1502 habue-

297 1527 371 1552 runt
384 1519 535 1551 virtutem
550 1518 749 1561 acquisitam,
767 1527 881 1549 omnes
903 1517 1104 1550 habuerunt:
1128 1515 1287 1560 quoniam
1303 1526 1377 1548 con-

296 1573 395 1596 nexae
413 1570 499 1596 sunt.
523 1563 574 1601 Et,
599 1562 744 1600 breviter,
761 1561 947 1594 conceditur
970 1562 1059 1603 quod
1083 1561 1265 1594 habuerunt
1288 1561 1377 1593 forti-

2452 238 2497 274 25

1396 319 1398 362 ξ
1424 319 1587 355 tudinem,
1612 318 1693 349 sicut
1716 318 1879 349 iustitiam.
1910 318 1977 348 Nec
2001 317 2040 347 ad
2065 317 2126 348 hoc
2150 327 2234 357 opus
2258 316 2319 347 fuit
2346 324 2382 347 ut
2409 317 2501 347 urbes

1425 363 1600 395 incolerent
1630 370 1685 394 aut
1709 362 1902 404 respublicas
1926 361 2196 393 administrarent:
2229 361 2385 402 quoniam
2412 359 2501 391 forti-

1425 408 1505 438 tudo
1530 407 1562 438 in
1587 407 1696 438 animo
1720 414 1825 448 potest
1849 406 1956 438 haberi
1981 407 2060 437 circa
2085 406 2208 446 optima
2231 406 2371 447 pericula
2390 404 2502 437 mortis

1425 453 1557 493 quando
1581 459 1611 483 et
1635 452 1689 483 ubi
1714 459 1851 492 oportet.

1479 497 1532 527 Ad
1554 496 1682 528 tertium
1695 497 1820 534 dicitur,
1836 506 1911 528 cum
1918 499 2059 527 Auctore
2071 493 2096 531 *‚
2111 494 2201 536 quod
2211 494 2342 526 virtutes
2353 495 2502 525 dicuntur

1397 587 1399 615 ἕ
1426 585 1490 616 lem
1514 596 1580 616 non
1604 586 1699 617 habet
1722 586 1897 617 humilitas.
1928 586 1970 616 Et
1998 591 2165 625 propterea
2194 583 2308 615 dicitur
2330 584 2420 625 quod
2444 584 2502 614 hu-

1427 630 1542 660 militas
1574 640 1632 661 nec
1656 637 1702 661 est
1726 631 1824 661 virtus
1849 629 2015 661 cardinalis
2043 639 2101 659 nec
2126 638 2197 669 pars
2221 628 2394 659 subiectiva
2419 628 2502 665 eius,

1426 675 1482 704 sed
1505 685 1576 715 pars
1595 675 1777 715 potentialis
1794 674 2038 715 temperantiae:
2063 673 2219 714 quoniam
2236 680 2282 703 est
2298 673 2417 713 species
2435 683 2506 703 mo-

1398 745 1400 752 ,
1427 719 1561 756 destiae,
1586 729 1669 760 quae
1692 730 1764 760 pars
1788 719 1969 759 potentialis
1993 725 2039 749 est
2062 717 2306 758 temperantiae,
2331 724 2367 748 ut
2390 717 2470 748 infra
2486 717 2503 737 *

1398 755 1400 807 Ξ
1427 770 1522 804 patet.
1547 781 1568 786 -
1592 763 1715 795 Dicitur
1745 771 1853 795 autem
1884 763 2047 794 humilitas
2077 762 2325 793 fundamentum
2347 763 2503 793 virtutum

1398 809 1400 840 ¹
1427 818 1492 838 non
1511 808 1635 844 directe,
1661 809 1715 838 sed
1739 808 1935 839 removendo
1960 807 2141 849 prohibenS,
2160 806 2278 838 scilicet
2301 806 2502 847 superbiam:

1428 859 1463 883 ut
1490 852 1523 882 in
1547 859 1679 884 tractatu
1712 853 1750 884 de
1773 852 1951 884 humilitate
1975 851 2055 882 infra
2069 851 2087 871 *
2110 858 2206 892 patet.
2238 851 2285 882 Ex
2308 851 2370 882 hoc
2395 858 2502 884 autem

1399 910 1401 938 χ
1427 896 1516 938 quod
1541 903 1588 928 est
1611 896 1655 927 sic
1679 896 1935 933 fundamentum,
1961 907 2027 927 non
2047 896 2200 938 sequitur,
2225 896 2310 936 Ergo
2335 902 2382 926 est
2404 895 2504 927 virtus

1427 940 1612 973 cardinalis:
1645 951 1728 982 quae
1757 941 1939 982 principalis
1969 941 2082 972 dicitur
2113 951 2150 971 ex
2178 940 2326 972 materiae
2357 940 2504 982 propriae

1399 991 1402 1025 ᾗ
1428 985 1669 1025 principalitate.

1483 1029 1534 1059 Ad
1557 1036 1708 1069 quartum
1732 1029 1846 1059 dicitur
1869 1031 1957 1070 quod
1982 1035 2047 1059 tam
2070 1028 2214 1069 theologi
2237 1039 2335 1069 quarn
2359 1029 2502 1069 philoso-

1428 1072 1483 1113 phi
1515 1072 1571 1114 qui
1601 1073 1786 1114 permissive
1817 1080 1951 1105 utuntur
1981 1072 2166 1104 nominibus
2195 1073 2367 1109 virtutum,
2399 1073 2504 1114 primo

1428 1117 1528 1147 modo
1552 1117 1651 1148 locuti
1675 1117 1714 1148 de
1737 1117 1907 1149 virtutibus
1935 1117 2096 1148 videntur:
2125 1127 2184 1147 nos
2208 1124 2316 1148 autern
2340 1117 2505 1160 loquimur

1428 1162 1570 1192 secundo
1596 1162 1696 1192 modo
1712 1161 1739 1192 *.

1484 1205 1537 1236 lx.
1569 1206 1620 1236 Ad
1650 1206 1864 1237 obiectionem
1896 1213 2004 1237 contra
2034 1205 2234 1247 quartum*,
2258 1206 2323 1236 iam
2353 1213 2438 1246 patet
2469 1216 2505 1237 ex

1428 1260 1524 1290 supra
1540 1249 1631 1282 dictis
1655 1251 1744 1291 quod
1770 1249 1850 1281 falso
1867 1250 2013 1281 innititur
2037 1250 2258 1286 fundamento,
2275 1250 2392 1281 scilicet
2415 1251 2504 1291 quod

1402 1309 1403 1315 1
1429 1293 1535 1325 subire
1559 1301 1697 1325 mortem
1722 1302 1852 1336 propter
1875 1294 2029 1326 iustitiam
2053 1302 2108 1325 aut
2131 1295 2373 1335 temperantiam
2397 1295 2504 1336 impu-

1429 1345 1558 1379 gnatam
1587 1349 1653 1370 non
1677 1346 1797 1380 spectat
1825 1339 1864 1370 ad
1893 1339 2124 1370 fortitudinem.
2157 1339 2343 1380 Superius*
2365 1349 2505 1380 namque

1430 1383 1640 1420 ostendimus,
1666 1394 1702 1414 ex
1726 1383 1871 1415 doctrina
1886 1383 2075 1420 Aristotelis,
2094 1394 2160 1414 non
2176 1383 2293 1425 requiri
2317 1384 2356 1414 ad
2380 1384 2505 1415 fortitu-

1430 1427 1539 1459 dinem
1562 1428 1906 1469 contrapugnationem
1930 1428 2122 1459 exteriorum
2136 1428 2272 1459 virium:
2296 1439 2331 1459 ac
2355 1439 2410 1469 per
2433 1428 2504 1465 hoc,

1430 1471 1573 1504 sufficere
1596 1473 1636 1504 ad
1660 1473 1800 1513 pericula
1817 1472 1930 1504 mortis
1949 1473 2029 1505 circa
2054 1483 2135 1514 quae
2156 1480 2202 1505 est
2226 1473 2391 1510 fortitudo,
2417 1473 2506 1515 quod

1429 1516 1492 1548 sint
1515 1516 1547 1547 in
1570 1517 1656 1548 bello
1679 1517 1730 1548 vel
1754 1517 1922 1550 communi
1947 1518 1996 1549 vel
2023 1518 2220 1558 particulari,
2246 1524 2282 1549 ut
2312 1518 2506 1551 declaratum

1431 1560 1503 1593 fuit.

1033 1700 1356 1745 ARTICULUS
1387 1699 1775 1744 DUODECIMUS

737 1795 894 1828 UTRUM
917 1793 1178 1828 FoaTrruno
1202 1794 1492 1827 PRAECELLAT
1517 1794 1652 1827 mTi-:R
1675 1794 1825 1826 OMNES
1848 1794 2068 1826 vmrursss

698 1873 721 1899 1·
741 1873 797 1903 11⁸⁸.
817 1881 862 1906 qu.
882 1880 948 1903 Lm.
967 1879 1014 1898 art.
1036 1873 1059 1903 3.
1078 1879 1108 1905 4:
1128 1873 1162 1898 lv
1182 1873 1271 1903 Sem„
1292 1873 1352 1899 dist.
1370 1881 1456 1903 xxxin,
1476 1881 1521 1907 qu.
1541 1880 1582 1903 ιιι,
1602 1878 1650 1899 art.
1670 1872 1699 1903 3;
1719 1873 1752 1898 de
1770 1872 1882 1903 Vir-rut„
1903 1881 1948 1906 qu.
1967 1881 1992 1904 ν,
2012 1878 2060 1898 art.
2081 1873 2104 1898 3.

383 1998 390 2005 .
511 1975 534 2002 D
566 1974 811 2002 nuonactmum
842 1974 896 2000 stc
934 1973 1178 2000 PROCEDrrUR.
1216 1961 1376 2000 Videtur

511 2016 618 2068 quod
654 2016 837 2056 fortitudo
874 2016 1079 2066 praecellat
1106 2016 1202 2054 inter
1238 2027 1377 2054 omnes

318 2105 325 2123 ·‚
386 2067 436 2112 ’ζ
464 2105 466 2108 ,
495 2068 682 2110 virtutes.
707 2070 811 2108 Dicit
839 2069 942 2107 enim
969 2069 1212 2116 Ambrosius,
1233 2069 1273 2106 in
1298 2070 1310 2106 I
1331 2070 1378 2106 de

306 2134 312 2141 '
447 2138 452 2147 ’
490 2151 500 2158 .
516 2124 625 2175 Qssc.
645 2123 686 2161 *ε
716 2125 786 2162 Est
799 2124 991 2173 fortitudo
1019 2124 1120 2160 velut
1151 2123 1283 2160 ceteris
1310 2135 1377 2160 ex-

298 2177 446 2215 celsior.

353 2242 389 2268 2.
419 2231 664 2276 PRAETEREA‚
692 2229 812 2266 virtus
846 2235 901 2266 est
927 2229 1030 2267 circa
1063 2229 1218 2278 difficile
1250 2234 1287 2266 et
1312 2229 1376 2267 bo-

298 2295 389 2322 num
409 2283 441 2321 ⁸.
472 2283 549 2321 Sed
577 2282 760 2319 fortitudo
791 2290 847 2320 est
875 2282 975 2320 circa
1004 2282 1241 2320 difficillima.
1272 2283 1374 2330 Ergo

298 2345 356 2376 est
383 2337 554 2374 maxima
580 2336 776 2374 virtutum.

353 2391 388 2428 3.
426 2392 671 2437 ΡκΑΕτΕιιΕΑ,
710 2389 860 2438 dignior
903 2397 958 2426 est
999 2401 1167 2438 persona
1209 2390 1376 2427 hominis

1401 1963 1404 2013 J
1429 1961 1595 2011 pertinet
1621 1961 1799 2001 ordinem
1827 1961 1985 2000 rationis
2003 1974 2149 2011 ponere
2178 1962 2217 2000 in
2246 1963 2428 2003 omnibus
2449 1976 2506 2001 re-

1402 2021 1404 2060 }
1429 2016 1502 2054 bus
1530 2014 1720 2054 humanis.
1749 2014 1859 2053 Aliae
1887 2023 2017 2054 autem
2045 2016 2204 2054 virtutes
2232 2024 2320 2054 sunt
2353 2030 2506 2055 conser-

1402 2068 1583 2106 :vativne
1621 2068 1733 2106 huius
1775 2068 1891 2106 boni:
1928 2069 2157 2117 inquantum
2195 2069 2336 2107 scilicet
2373 2073 2506 2109 mode-

1402 2119 1404 2171 ξ
1429 2129 1560 2159 rantur
1587 2122 1800 2172 passiones,
1821 2133 1871 2159 ne
1899 2122 2094 2160 abducant
2120 2123 2320 2161 hominem
2350 2136 2372 2161 a
2400 2125 2505 2162 bono

1402 2182 1404 2225 ἦ
1429 2174 1599 2213 rationis.
1629 2176 1679 2213 Et
1706 2175 1747 2212 in
1775 2175 1910 2214 ordine
1939 2177 2078 2214 harum
2107 2177 2289 2214 fortitudo
2317 2184 2420 2215 tenet
2452 2179 2506 2216 10-

1402 2229 1404 2295 f
1430 2240 1520 2268 cum
1539 2228 1817 2278 praecipuum:
1844 2229 1936 2279 quia
1954 2230 2070 2268 timor
2088 2230 2348 2279 periculorum
2374 2232 2507 2270 mortis

1402 2297 1404 2328 3
1430 2282 1598 2320 maxime
1629 2291 1685 2320 est
1713 2283 1848 2320 efficax
1869 2283 1918 2321 ad
1937 2284 2013 2320 hoc
2033 2283 2139 2332 quod
2167 2283 2366 2322 hominem
2396 2285 2508 2323 faciat

1402 2329 1403 2368 l
1430 2336 1610 2373 recedere
1639 2349 1662 2373 a
1691 2337 1796 2374 bono
1833 2337 2000 2374 rationis.
2040 2338 2132 2374 Post
2160 2350 2277 2387 quam
2311 2338 2508 2377 ordinatur

1429 2390 1703 2439 temperantia:
1734 2390 1824 2440 quia
1844 2391 1959 2428 etiarn
1989 2391 2259 2428 delectationes
2283 2398 2403 2429 tactus
2428 2405 2508 2430 ma-

297 2456 416 2494 quam
446 2457 506 2482 res
526 2444 619 2481 eius.
650 2443 729 2481 Sed
757 2442 938 2480 fortitudo
959 2451 1015 2480 est
1043 2443 1142 2480 circa
1166 2455 1375 2492 personam
1402 2456 1403 2495 ᾗ
1428 2443 1530 2480 xime
1550 2443 1647 2481 inter
1666 2452 1791 2481 cetera
1819 2444 2035 2494 impediunt
2063 2445 2210 2482 bonum
2232 2445 2399 2483 rationis.
2421 2468 2444 2475 -
2466 2447 2507 2484 Id

297 2497 481 2546 hominis,
516 2509 634 2547 quam
670 2497 805 2546 aliquis
842 2496 1013 2546 periculo
1050 2497 1182 2534 mortis
1221 2497 1377 2547 exponit
1402 2499 1404 2544 j
1430 2505 1559 2534 autem
1595 2499 1703 2547 quod
1742 2498 1990 2536 essentialiter
2025 2498 2175 2546 dicitur,
2213 2498 2341 2548 potius
2375 2508 2431 2537 est
2459 2513 2506 2537 eo

298 2559 455 2602 propter
489 2551 638 2588 bonum
666 2550 832 2588 virtutis:
867 2549 1006 2587 iustitia
1040 2558 1169 2588 autem
1206 2559 1242 2588 et
1279 2552 1375 2589 aliae
1402 2546 1403 2567 ¹
1429 2551 1535 2600 quod
1571 2551 1708 2589 dicitur
1743 2552 1938 2590 effective:
1970 2560 2006 2589 et
2033 2553 2109 2589 hoc
2138 2552 2251 2589 etiam
2288 2553 2416 2601 potius
2451 2562 2507 2590 est

297 2605 456 2642 virtutes
485 2605 651 2642 morales
689 2612 776 2642 sunt
804 2604 904 2640 circa
941 2604 1034 2641 alias
1062 2617 1122 2642 res
1158 2605 1374 2643 exteriores.
1402 2605 1403 2652 ἢ
1430 2617 1477 2641 eo
1511 2605 1617 2653 quod
1657 2605 1793 2643 dicitur
1829 2605 2108 2651 conservative,
2139 2605 2352 2642 secundum
2382 2619 2507 2643 remo-

299 2659 403 2707 Ergo
432 2658 614 2695 fortitudo
643 2665 700 2694 est
732 2657 938 2706 praecipua
966 2657 1064 2695 inter
1095 2658 1254 2696 virtutes
1292 2672 1376 2697 mo-

300 2713 408 2750 rales.

355 2767 431 2803 SED
465 2776 612 2802 CONTRA
645 2776 712 2802 EST
744 2764 850 2813 quod
887 2764 1038 2801 Tullius
1072 2764 1180 2812 dicit,
1219 2765 1257 2802 in
1287 2768 1301 2803 I
1331 2767 1378 2804 de

306 2820 415 2869 OffiC.
436 2818 472 2856 *ε
501 2820 548 2856 In
578 2819 716 2855 iustitia
735 2818 881 2855 virtutis
903 2818 1080 2866 splendor
1097 2824 1152 2855 est
1169 2820 1375 2867 maximus,

300 2886 352 2911 ex
378 2885 454 2922 qua
482 2872 559 2910 viri
584 2872 674 2909 boni
701 2872 958 2910 nominantur.

355 2939 390 2964 2.
421 2928 657 2973 PRAETEREA,
687 2926 947 2974 Philosophus
976 2924 1077 2972 dicit,
1102 2925 1141 2962 in
1170 2925 1314 2963 thet.
1335 2925 1375 2963 *ε

299 2981 465 3019 Necesse
492 2986 547 3017 est
573 2980 766 3017 maximas
793 2991 872 3016 esse
898 2979 1053 3015 virtutes
1080 2990 1180 3026 quae
1206 2979 1378 3016 maxime

299 3034 384 3072 aliis
399 3034 505 3072 utiles
522 3039 620 3071 sunt.
642 3033 720 3070 Sed
739 3032 944 3070 liberalitas
962 3032 1116 3069 videtur
1135 3032 1258 3080 magis
1277 3033 1377 3070 utilis

300 3100 419 3136 quam
448 3087 641 3125 fortitudo.
673 3088 776 3135 Ergo
806 3094 862 3124 est
890 3085 1013 3123 maior
1040 3085 1172 3122 virtus.

354 3142 582 3179 Responoso
620 3152 807 3178 mCENDUM
845 3139 970 3189 quod,
1009 3139 1106 3176 sicut
1141 3139 1376 3188 Augustinus

301 3194 401 3242 dicit,
422 3194 460 3232 in
474 3195 526 3232 v1
543 3195 589 3232 de
606 3195 644 3231 T
638 3195 709 3232 rin.
727 3194 758 3240 ²¹⁵,
780 3194 817 3230 in
837 3194 894 3231 his
909 3205 1007 3242 quae
1022 3205 1097 3230 non
1118 3193 1217 3230 mole
1231 3205 1376 3243 magna
1402 3216 1403 3223 κ

299 3254 398 3294 sunt,
418 3248 515 3286 idem
535 3255 590 3286 est
606 3260 685 3286 esse
703 3249 828 3286 maius
846 3248 949 3297 quod
964 3247 1108 3284 melius.
1139 3247 1251 3284 Unde
1271 3254 1376 3284 tanto
1402 3247 1403 3282 ἒ

301 3301 428 3350 aliqua
455 3302 575 3340 virtus
608 3302 734 3339 maior
767 3310 824 3339 est
852 3309 996 3351 quanto
1030 3300 1166 3338 melior
1195 3308 1261 3337 est.
1300 3301 1375 3337 Bo-

303 3367 397 3392 num
427 3362 556 3392 autem
585 3355 741 3393 rationis
771 3363 826 3392 est
853 3354 1021 3394 hominis
1045 3356 1211 3401 bonurn,
1242 3366 1377 3391 secun-
1402 3392 1403 3400 ¹

303 3409 396 3446 dum
435 3408 683 3457 Dionysium,
714 3421 750 3446 1v
779 3422 861 3458 cap.
891 3410 937 3446 de
971 3409 1060 3446 Diu.
1095 3409 1213 3446 Nom.
1240 3407 1260 3429 ‘¹‘
1289 3408 1376 3445 Hoc
1402 3409 1403 3415 ¹

302 3470 432 3499 autem
450 3462 599 3500 bonum
619 3462 865 3500 essentialiter
884 3462 1041 3511 quidem
1072 3462 1187 3499 habet
1210 3461 1375 3511 pruden-

301 3516 365 3562 tia,
397 3527 496 3564 quae
525 3522 581 3551 est
608 3508 790 3564 perfectio
810 3516 978 3553 rationis.
1010 3515 1151 3553 Iustitia
1171 3524 1299 3552 autern
1322 3523 1378 3552 est

302 3569 413 3607 huius
441 3568 534 3605 boni
562 3568 720 3606 factiva:
750 3569 976 3618 inquantum
1006 3569 1146 3606 scilicet
1174 3570 1223 3607 ad
1252 3569 1374 3617 ipsam

445 3638 556 3663 Smne
575 3637 677 3662 Tumor.
698 3637 730 3661 D.
747 3637 863 3662 Tnoun.
882 3637 914 3662 T.
933 3638 988 3663 VlI.

1402 2658 1574 2710 {tionem
1609 2659 1889 2708 impedimenti.
1928 2660 2041 2697 Unde
2075 2659 2170 2696 inter
2196 2659 2354 2696 virtutes
2387 2660 2506 2697 cardi-

1402 2726 1403 2762 }
1430 2713 1536 2749 nales
1564 2713 1766 2761 prudentia
1788 2720 1844 2750 est
1869 2713 2012 2762 poti0r;
2042 2713 2222 2760 secunda,
2244 2712 2403 2759 iustitia;
2434 2721 2506 2750 ter-

1402 2786 1403 2807 :
1429 2765 1492 2811 tia,
1519 2766 1720 2811 fortitudo;
1751 2774 1898 2815 quarta,
1928 2766 2193 2815 temperantia.
2233 2767 2282 2803 Et
2308 2774 2396 2815 post
2424 2767 2504 2814 has,

1401 2817 1404 2847 l
1430 2828 1581 2857 ceterae
1609 2819 1781 2856 virtutes.

1401 2857 1404 2926 ξ
1483 2875 1543 2910 AD
1563 2885 1701 2910 Palmum
1730 2884 1829 2910 ERGO
1850 2885 2037 2910 mCENDUM
2057 2873 2162 2922 quod
2182 2873 2411 2910 Ambrosius
2431 2874 2505 2911 for-

1401 2931 1404 2993 i
1429 2926 1631 2964 titudinem
1652 2926 1733 2964 aliis
1748 2927 1950 2964 virtutibus
1965 2927 2132 2975 praefert
2151 2927 2364 2964 secundum
2385 2940 2504 2975 quan-

1431 2980 1521 3017 dam
1541 2981 1761 3028 generalem
1790 2980 2009 3017 utilitatem:
2039 2988 2154 3029 prout
2177 2980 2317 3017 scilicet
2336 2989 2372 3018 et
2391 2981 2429 3018 in
2449 2993 2504 3018 re—

1402 3074 1403 3082 ἵ
1430 3034 1502 3070 bus
1531 3033 1674 3070 bellicis
1704 3041 1741 3070 et
1769 3034 1806 3071 in
1836 3034 1951 3070 rebus
1981 3033 2154 3071 civilibus
2183 3046 2251 3070 seu
2286 3034 2505 3072 domesticis

1429 3086 1529 3124 utilis
1558 3095 1626 3125 est.
1655 3087 1768 3125 Unde
1796 3087 1877 3136 ipse
1908 3087 2050 3124 ibidem
2069 3087 2290 3136 praemittit:
2319 3088 2437 3125 Nunc
2460 3089 2506 3125 de

1419 3141 1649 3189 fortitudine
1667 3147 1886 3178 tractemus:
1911 3152 2019 3189 quae,
2039 3141 2142 3177 velut
2158 3141 2343 3178 excelsior
2361 3142 2503 3188 ceteris,

1430 3194 1609 3231 dividitur
1636 3195 1673 3231 in
1703 3207 1763 3231 res
1791 3194 1943 3231 bellicas
1971 3200 2007 3231 et
2032 3194 2266 3231 domesticas.

1483 3249 1543 3284 An
1563 3260 1756 3286 SECUNDUM
1776 3260 1963 3285 menapum
1978 3247 2083 3295 quod
2104 3247 2199 3284 ratio
2213 3247 2362 3285 virtutis
2382 3248 2504 3296 magis

1432 3301 1602 3338 consistit
1630 3302 1668 3338 in
1697 3302 1801 3338 bono
1831 3313 1950 3351 quam
1979 3301 2017 3338 in
2047 3301 2200 3338 difficili.
2235 3301 2348 3339 Unde
2384 3302 2504 3350 magis

1432 3362 1487 3391 est
1515 3354 1774 3392 mensuranda
1793 3354 2018 3403 magnitudo
2038 3354 2185 3392 virtutis
2205 3355 2420 3392 secundum
2447 3368 2504 3393 ra-

1430 3407 1576 3445 tionem
1606 3408 1698 3445 boni
1728 3420 1844 3457 quam
1875 3408 2089 3446 secundum
2119 3408 2308 3446 rationem
2330 3408 2502 3446 difficilis.

1484 3463 1543 3498 AD
1572 3473 1733 3499 TERTmM
1753 3473 1939 3499 D1CENDUM
1969 3461 2074 3511 quod
2093 3462 2214 3499 homo
2244 3475 2324 3499 non
2351 3462 2506 3511 exponit

1430 3527 1639 3564 personam
1669 3527 1777 3552 suam
1806 3515 1939 3552 mortis
1968 3515 2145 3565 periculis
2165 3515 2237 3553 nisi
2266 3523 2422 3565 propter
2449 3516 2504 3552 iu—

1403 3605 1405 3610 ,
1431 3568 1570 3606 stitiam
1601 3570 1919 3607 conservandam.
1954 3570 2004 3606 Et
2040 3569 2126 3606 ideo
2161 3570 2242 3606 laus
2275 3569 2503 3606 fortitudinis

2344 3646 2362 3669 4

2530 506 2540 516 ⁸
2554 505 2591 527 Cf.
2606 512 2670 528 num.
2687 513 2708 527 v.

2532 723 2541 732 ⁴
2553 721 2600 749 Qu.
2609 727 2661 749 cmx,
2672 726 2714 744 art.
2726 728 2743 746 ις

2532 754 2571 776 qu.
2586 754 2647 775 cur,
2663 752 2705 770 art.
2721 755 2744 775 4.

2531 859 2542 870 ⁸
2551 860 2665 887 Qu.c1.xx‚
2674 863 2716 881 an.
2725 865 2744 887 5,

2531 887 2560 908 ad
2575 892 2587 908 2

2532 1171 2542 1180 ⁸
2557 1170 2593 1191 Cf.
2608 1175 2672 1207 {mm-
2688 1177 2710 1190 v.

2533 1219 2541 1227 ·
2558 1217 2629 1240 Num.
2645 1224 2676 1240 rv-

2532 1348 2542 1358 ⁸
2562 1348 2613 1370 Art.
2633 1353 2652 1376 5,
2674 1348 2746 1370 Com-

2532 1377 2604 1396 ment.
