2768 4198
118 1184 135 1200 α

21 1285 30 1294 ⁸
36 1284 73 1305 De
82 1283 169 1304 [navent.
178 1282 233 1303 Rhe-

21 1312 66 1331 tor.
78 1309 118 1331 lib.
133 1309 165 1336 11,
180 1314 232 1336 cap.

19 1343 63 1358 uv.

21 1497 30 1507 ⁸
46 1496 104 1524 cap.
119 1502 217 1518 xxxvm.

119 1707 134 1739 β

22 1976 95 2026 ’SCaffi-
107 1983 146 2004 vn,
156 1982 180 1998 n.
191 1982 234 1998 n.—

117 2004 169 2026 leet.
186 2009 224 2026 xv.

22 2239 96 2286 ·qu.
107 2245 139 2265 vr,
149 2244 172 2260 n.
184 2244 216 2260 ιο.
226 2249 236 2254 -

22 2265 46 2287 S.
84 2266 107 2286 h.
123 2266 234 2287 lectam.

26 2772 36 2782 ⁸
51 2770 162 2792 Conclus.
176 2777 196 2800 3.

267 295 316 320 20
923 274 1190 322 QUAESTIO
1222 273 1400 319 CXXIII,
1430 273 1731 310 ARTICULUS
1762 273 1813 308 IX

264 369 371 392 autem
388 361 465 396 eius,
480 360 597 390 scilicet
613 369 650 389 ex
666 358 787 389 ratione
803 364 833 387 et
849 354 1002 386 electione
1019 353 1142 383 fortiter
1161 351 1336 392 persistere,
1363 358 1364 363 ¹
1391 351 1503 382 habuit
1526 351 1559 381 in
1583 351 1731 392 passione
1755 358 1786 382 et
1809 357 1912 381 morte
1937 350 2008 381 Filii
2033 360 2099 381 non
2125 349 2290 381 absorbuit
2313 349 2470 380 rationem

264 417 329 436 non
354 405 540 436 absorbetur
564 413 621 434 nec
646 402 816 433 evanescit:
835 400 889 430 sed
914 398 1023 439 quoad
1042 397 1103 427 hoc
1123 403 1251 436 superat
1266 405 1337 426 orn·
1362 412 1365 433 ρ
1391 396 1470 432 eius,
1487 406 1562 426 cum
1578 396 1673 427 fuerit
1686 405 1759 426 vere
1783 395 1882 426 fortis.
1896 395 1937 426 Et
1953 395 2050 430 etiam
2066 395 2090 425 si
2108 401 2246 426 mortem
2260 394 2471 430 sustinuisset,

263 461 319 481 nes
344 451 470 480 dolores
494 448 666 484 sensibiles,
691 454 726 477 ut
750 447 783 476 in
807 445 907 475 littera
932 442 1054 473 dicitur.
1362 470 1363 482 χ
1392 450 1458 470 non
1476 441 1656 471 evanuisset
1668 451 1726 472 nec
1742 441 1932 480 absorptum
1944 439 2055 471 fuisset
2072 450 2169 470 suum
2182 439 2305 470 fortiter
2317 438 2472 469 sustinere

320 495 356 525 11.
380 494 420 524 Et
443 493 516 524 hinc
547 493 643 523 habes
668 491 744 521 duo.
777 489 920 520 Primum
946 486 1054 527 quoad
1086 494 1215 516 omnes:
1247 484 1337 525 quod
1362 489 1364 529 l
1392 494 1428 515 ex
1452 485 1574 515 ratione
1598 492 1629 516 et
1645 485 1810 516 electione.
1828 485 1936 516 Tanto
1952 485 2049 525 igitur
2072 485 2181 516 minus
2197 495 2215 515 a
2234 483 2358 516 tristitia
2381 490 2472 514 natu-

264 539 351 570 nulla
375 545 532 569 tormenta
562 536 693 567 vincunt
717 542 771 565 aut
795 532 945 563 deiiciunt
970 531 1086 561 fortem
1111 531 1148 560 ab
1181 536 1251 560 actu
1276 529 1336 559 vir·
1362 553 1364 575 t
1392 529 1448 559 rali
1465 539 1564 569 quam
1577 529 1698 566 habuit,
1715 530 1865 570 absorpta
1882 529 1942 560 fuit
1954 529 2022 560 eius
2039 530 2130 561 ratio.
2149 532 2196 561 Ac
2208 539 2264 570 per
2274 529 2337 559 hoc
2353 527 2471 559 falsum

264 584 354 619 tutis,
384 589 439 612 aut
462 582 624 612 deducunt
647 580 754 620 ipsum
779 578 818 608 ad
842 576 954 606 vitium
979 575 1122 616 aliquod.
1154 574 1195 605 Et
1219 574 1243 604 si
1268 573 1336 604 vin·
1391 574 1517 604 videtur
1532 575 1621 615 quod
1639 584 1732 614 passa
1748 574 1843 605 fuerit
1858 584 2025 615 spasmum
2041 573 2068 610 *,
2085 584 2152 615 quo
2171 584 2249 604 usus
2265 572 2396 605 rationis
2411 572 2472 602 im-

264 635 387 662 cuntur‚
414 626 510 656 fortes
534 636 600 655 non
625 631 707 654 sunt.
1391 618 1518 658 peditur
1534 628 1590 648 seu
1607 619 1793 649 absorbetur
1810 628 1866 659 per
1882 619 2054 650 tristitiam:
2073 619 2154 650 sicut
2169 629 2186 649 e
2203 625 2313 649 contra
2335 618 2367 648 in
2386 617 2471 648 coitu

317 671 500 702 Secundum
520 669 628 710 quoad
643 669 767 698 beatam
784 665 964 704 Virginem:
990 664 1079 705 quod
1097 663 1221 695 tristitia
1237 673 1336 703 quam
1363 683 1365 689 .
1391 673 1448 702 per
1472 663 1717 693 delectationem
1741 663 1902 694 absorberi
1926 674 2059 705 quoque
2084 663 2160 695 dicit
2184 663 2371 694 Aristoteles
2389 662 2415 693 *.

1083 799 1406 842 ARTICULUS
1443 799 1647 841 NONUS

736 895 892 926 UTRUM
919 893 1178 925 FORTlTUDO
1203 893 1375 924 MAXIME
1400 892 1645 924 CONSISTAT
1671 893 1713 923 IN
1738 892 1995 923 REPENTINIS

1213 972 1245 997 111
1267 972 1362 1002 Ethic„
1383 973 1442 997 lect.
1461 979 1511 997 xw.

376 1082 444 1141 ξς(
471 1070 494 1095 D
524 1069 654 1094 NONUM
683 1068 737 1094 sm
767 1067 1013 1093 PROCEDITUR.
1043 1055 1206 1092 Videtur
1234 1054 1341 1103 quod
1392 1053 1562 1090 titudinis
1592 1053 1670 1090 duo
1701 1060 1790 1090 sunt
1818 1052 2111 1090 consideranda.
2141 1052 2272 1090 Unum
2301 1053 2472 1102 quidem,

394 1120 440 1162 μὴ
472 1111 653 1149 fortitudo
688 1122 769 1148 non
798 1109 967 1147 maxime
1001 1109 1182 1146 consistat
1211 1108 1248 1145 in
1285 1120 1342 1144 re·
1394 1114 1582 1156 quantum
1613 1107 1662 1144 ad
1693 1107 1920 1144 electionem
1954 1105 2087 1156 ipsius.
2126 1107 2176 1143 Et
2211 1105 2265 1143 sic
2293 1106 2474 1145 fortitudo

294 1204 298 1216 ι
407 1151 648 1215 ’”,Ρεηῖὶηὶ3.
685 1164 782 1201 Illud
820 1163 923 1200 enim
947 1168 964 1184 ²
992 1162 1146 1200 videtur
1181 1174 1264 1199 esse
1303 1161 1341 1198 in
1394 1173 1474 1198 non
1503 1169 1559 1198 est
1588 1161 1687 1198 circa
1716 1161 1926 1210 repentina.
1957 1160 2071 1208 Eligit
2099 1159 2203 1197 enim
2232 1159 2339 1197 fortis
2367 1173 2476 1210 prae-

315 1236 328 1249 ι»
347 1214 404 1255 :J
428 1212 682 1269 repentinis
711 1218 818 1266 quod
846 1230 891 1254 ex
920 1216 1118 1266 inopinato
1148 1215 1338 1265 provenit.
1366 1210 1368 1216 ’
1394 1214 1570 1252 meditari
1597 1215 1768 1264 pericula
1796 1227 1895 1264 quae
1923 1222 2087 1264 possunt
2114 1213 2330 1262 imminere,
2354 1222 2396 1252 ut
2425 1214 2477 1252 eis

261 1275 337 1312 Sed
367 1274 518 1311 Tullius
547 1272 649 1319 dicit,
679 1272 716 1309 in
747 1284 816 1309 sua
839 1271 1045 1308 Rhetorica
1064 1270 1095 1318 ³⁸,
1127 1270 1234 1318 quod
1251 1270 1341 1318 for·
1367 1295 1369 1320 ;
1394 1268 1569 1306 resistere
1589 1270 1721 1319 possit,
1743 1277 1809 1306 aut
1823 1268 1967 1306 facilius
1988 1281 2033 1305 ea
2052 1268 2172 1305 ferre:
2198 1267 2300 1317 quia,
2320 1276 2362 1305 ut
2381 1269 2476 1306 Gre-

259 1329 374 1366 titudo
403 1332 459 1364 est
484 1327 722 1364 considerata
741 1325 1002 1374 periculorum
1030 1324 1213 1373 susceptio
1234 1329 1270 1360 et
1286 1323 1341 1360 la·
1368 1323 1369 1357 l
1394 1322 1523 1372 gorius
1553 1322 1662 1370 dicit,
1692 1323 1731 1360 in
1759 1324 1929 1372 quadam
1966 1321 2123 1359 homilia
2142 1321 2180 1369 *,
2216 1322 2342 1359 iacula
2379 1333 2478 1371 quae

260 1384 396 1420 borum
410 1381 618 1430 perpessio.
649 1381 752 1428 Ergo
774 1379 955 1416 fortitudo
977 1391 1055 1416 non
1076 1377 1246 1415 consistit
1260 1389 1341 1414 ma·
1367 1364 1370 1449 1
1389 1377 1664 1426 praevidentur
1691 1378 1817 1414 minus
1833 1377 2009 1426 feriunt.-
2045 1382 2081 1413 et
2107 1387 2176 1413 nos
2212 1375 2316 1413 mala
2345 1376 2480 1414 mundi

259 1437 361 1473 xime
391 1435 429 1472 in
460 1434 678 1484 repentinis.
1368 1452 1369 1456 =
1389 1431 1546 1479 facilius
1561 1431 1744 1480 ferimus,
1764 1432 1798 1468 si
1822 1436 1956 1468 contra
1982 1442 2028 1467 ea
2056 1430 2174 1479 clipeo
2200 1430 2479 1479 praescientiae

317 1502 351 1526 2.
374 1490 610 1536 Famem,
632 1486 864 1524 Ambrosius
885 1485 986 1533 dicit,
1009 1486 1046 1522 in
1069 1487 1082 1522 I
1104 1486 1150 1522 de
1174 1485 1283 1533 Offic.
1304 1484 1341 1521 *z
1368 1492 1370 1513 ³
1390 1485 1700 1534 praemunimur.

260 1543 387 1580 Fortis
415 1543 491 1580 viri
526 1548 582 1579 est
607 1554 682 1579 non
712 1541 952 1578 dissimulare
979 1551 1066 1577 cum
1101 1539 1248 1588 aliquid
1274 1539 1343 1576 im·
1369 1584 1370 1588 Ἰ
1450 1538 1567 1575 Aliud
1595 1551 1687 1576 vero
1717 1546 1774 1575 est
1797 1537 2122 1575 considerandum
2151 1537 2189 1574 in
2218 1537 2479 1586 operatione?

261 1597 422 1642 mineat,
451 1597 517 1633 sed
536 1590 806 1644 praetendere,
836 1600 872 1631 et
902 1600 1083 1642 tanquam
1117 1594 1163 1630 de
1189 1593 1342 1643 specula
1368 1591 1371 1638 i
1396 1592 1626 1629 fortitudinis
1655 1600 1842 1641 quantum
1869 1591 1917 1629 ad
1946 1590 2297 1628 manifestationem
2317 1590 2479 1628 virtuosi

261 1651 428 1700 quadam
457 1650 591 1687 mentis
619 1649 777 1686 obviare
793 1648 1023 1698 cogitatione
1045 1647 1211 1696 provida
1231 1648 1343 1684 rebus
1369 1651 1370 1654 ’
1395 1646 1559 1683 habitus.
1589 1646 1640 1684 Et
1663 1646 1717 1683 sic
1740 1645 1924 1683 fortitudo
1945 1644 2114 1682 maxime
2137 1652 2193 1682 est
2213 1645 2314 1682 circa
2342 1656 2479 1694 repen-

250 1705 412 1753 futuris,
443 1717 489 1741 ne
505 1705 614 1753 forte
641 1703 743 1740 dicat
767 1708 924 1751 postea.-
962 1702 1053 1738 Ideo
1082 1701 1152 1738 ista
1172 1699 1187 1730 β
1215 1701 1342 1747 incidi,
1369 1707 1371 1719 ³
1395 1699 1490 1737 tina:
1511 1700 1601 1749 quia
1621 1701 1836 1737 secundum
1856 1699 2151 1749 Philosophum,
2172 1698 2212 1736 in
2231 1699 2282 1736 111
2301 1698 2424 1736 Ethic.
2445 1697 2478 1747 ⁸⁸,

261 1759 350 1807 quia
381 1770 455 1795 non
493 1758 715 1794 arbitrabar
736 1768 850 1805 posse
877 1755 1039 1793 evenire.
1079 1755 1157 1792 Sed
1185 1755 1252 1791 ubi
1288 1763 1344 1791 est
1369 1766 1371 1790 i
1396 1753 1435 1790 in
1465 1753 1670 1803 repentinis
1699 1753 1876 1803 periculis
1904 1753 2070 1790 maxime
2109 1752 2382 1790 manifestatur
2404 1752 2480 1790 for-

261 1811 403 1860 aliquid
434 1811 696 1860 repentinum,
727 1810 779 1846 ibi
808 1821 887 1846 non
915 1815 1043 1858 potest
1080 1808 1277 1857 provideri
1304 1808 1343 1845 in
1396 1807 1566 1844 titudinis
1599 1807 1763 1844 habitus.
1803 1807 1967 1844 Habitus
2005 1807 2109 1844 enim
2139 1806 2214 1855 agit
2242 1806 2280 1843 in
2314 1805 2478 1843 modum

260 1866 400 1902 futuro.
441 1865 544 1912 Ergo
574 1863 746 1913 operatio
776 1862 1006 1899 fortitudinis
1035 1874 1113 1898 non
1151 1869 1207 1898 est
1244 1861 1342 1898 circa
1397 1868 1567 1898 naturae.
1597 1861 1711 1898 Unde
1739 1861 1846 1910 quod
1875 1859 2010 1910 aliquis
2039 1861 2186 1910 absque
2221 1858 2479 1909 praemedita-

261 1918 471 1968 repentina.
1395 1913 1499 1951 tione
1529 1914 1640 1951 faciat
1660 1926 1706 1951 ea
1725 1926 1824 1963 quae
1853 1921 1941 1951 sunt
1967 1913 2130 1961 virtutis,
2152 1925 2242 1951 cum
2272 1912 2480 1951 necessitas

317 1974 351 2009 3.
373 1973 609 2018 PRAETEREA,
631 1970 892 2018 Philosophus
913 1968 1015 2016 dicit,
1036 1968 1074 2005 in
1095 1969 1146 2006 111
1170 1968 1293 2005 Ethic.
1310 1967 1342 2015 ³¹⁸,
1396 1967 1574 2005 imminet
1602 1975 1760 2017 propter
1778 1967 1979 2017 repentina
2007 1967 2188 2016 pericula,
2209 1966 2286 2004 hoc
2308 1966 2479 2005 maxime

260 2026 366 2075 quod
395 2025 500 2063 fortis
530 2032 586 2062 est
605 2026 728 2062 bonae
754 2024 844 2072 spei.
877 2023 954 2060 Sed
974 2034 1062 2071 spes
1083 2029 1258 2071 expectat
1277 2021 1343 2059 ali·
1369 2059 1371 2071 ,
1396 2021 1614 2059 manifestat
1633 2021 1740 2071 quod
1762 2021 1809 2059 sit
1828 2021 2010 2058 fortitudo
2035 2020 2280 2058 habitualiter
2297 2018 2310 2042 ⁶
2339 2020 2379 2058 in
2400 2020 2479 2058 ani-

262 2080 354 2128 quid
374 2079 412 2116 in
432 2080 623 2116 futurum:
654 2078 761 2126 quod
781 2083 969 2126 repugnat
994 2075 1207 2125 repentino.
1238 2076 1342 2124 Ergo
1396 2087 1460 2112 ma
1489 2075 1730 2113 confirmata.
1768 2077 1901 2113 Potest
1928 2082 2058 2112 autem
2094 2073 2230 2124 aliquis
2259 2073 2376 2112 etiam
2412 2074 2481 2123 qui

262 2133 434 2183 operatio
464 2131 693 2169 fortitudinis
712 2143 792 2168 non
822 2130 993 2167 consistit
1013 2129 1112 2167 circa
1132 2129 1342 2179 repentina.
1397 2129 1529 2166 habitu
1558 2129 1787 2167 fortitudinis
1816 2136 1940 2175 caret,
1971 2140 2015 2166 ex
2046 2128 2226 2166 diuturna
2263 2127 2480 2178 praemedi-

318 2187 393 2224 SED
422 2198 570 2224 CONTRA
591 2197 657 2223 EST
677 2184 783 2234 quod
805 2184 1065 2232 Philosophus
1095 2183 1195 2231 dicit,
1226 2183 1263 2220 in
1294 2184 1343 2220 111
1397 2182 1540 2220 tatione
1560 2182 1734 2220 animum
1755 2195 1870 2220 suurn
1892 2190 2025 2220 contra
2048 2182 2220 2232 pericula
2234 2193 2478 2232 praeparare.

262 2241 384 2277 Ethic.
405 2239 436 2286 ³¹⁸,
468 2240 574 2288 quod
604 2239 785 2276 fortitudo
815 2238 988 2275 maxime
1015 2243 1070 2274 est
1095 2237 1199 2274 circa
1232 2248 1346 2285 quae-
1398 2237 1487 2284 Qua
1515 2236 1809 2286 praeparatione
1839 2236 1954 2274 etiam
1980 2236 2087 2274 fortis
2114 2235 2244 2284 utitur,
2266 2248 2355 2274 cum
2385 2243 2482 2274 tem-

264 2306 426 2343 cumque
453 2299 613 2330 mortem
644 2293 823 2341 inferunt,
854 2291 1050 2340 repentina
1079 2291 1290 2328 existentia.
1398 2303 1471 2340 pus
1500 2290 1620 2328 adest.

319 2349 548 2385 Responnso
572 2358 765 2384 menmium
799 2346 906 2394 quod
942 2345 979 2382 in
1011 2344 1238 2394 operatione
1272 2345 1347 2380 for·
1452 2345 1502 2381 Et
1529 2356 1599 2393 per
1626 2344 1702 2381 hoc
1731 2351 1835 2393 patet
1863 2343 2063 2392 responsio
2093 2343 2142 2380 ab
2172 2342 2334 2380 obiecta.

319 2464 345 2493 α)
366 2462 444 2487 enim.
459 2476 477 2481 —
496 2461 559 2486 Om.
579 2461 705 2491 BCEFK3
727 2461 825 2486 Illud...
845 2460 993 2493 repentinis
1012 2468 1067 2486 om.
1087 2461 1117 2485 L.
1451 2460 1479 2494 γ)
1499 2459 1698 2492 operatione.-
1716 2465 1798 2491 opere
1817 2458 1846 2483 Ρ.

318 2497 343 2531 β)
364 2498 425 2523 ista.
440 2512 459 2517 -
478 2498 503 2522 in
526 2497 578 2523 ista
598 2496 774 2522 PCDGHIsK.
1369 2518 1370 2521 ,
1451 2495 1477 2528 δ)
1497 2495 1713 2520 habitantium-
1731 2494 1876 2520 habitualis
1896 2494 1926 2519 Ρ.

946 2567 1284 2601 Commentariis.
1307 2566 1563 2600 cardinalis
1585 2565 1789 2599 Caietam

295 2651 315 2671 N
339 2639 473 2672 articulo
490 2650 579 2670 nono
600 2639 743 2670 eiusdem
763 2639 961 2681 quaestionis
979 2638 1118 2670 dubium
1135 2638 1283 2675 occurrit,
1300 2648 1339 2668 an
1365 2639 1367 2688 ξ
1393 2638 1480 2679 apud
1504 2640 1692 2669 Auctorem.
1717 2637 1784 2668 Nec
1809 2647 1955 2678 unquam
1971 2637 2069 2668 etiam
2085 2637 2259 2669 somniavit
2274 2639 2399 2669 Auctor
2422 2648 2480 2681 op-

269 2653 452 2716 Ifortitudo
479 2685 631 2715 consistat
655 2684 736 2715 circa
767 2684 932 2725 repentina
956 2691 1117 2726 quantum
1147 2684 1187 2714 ad
1214 2683 1341 2715 electio·
1366 2689 1368 2743 ᾗ
1394 2683 1548 2723 positum,
1575 2682 1665 2724 quod
1689 2682 1748 2713 iste
1772 2682 1874 2713 homo
1898 2682 2040 2724 imponit
2064 2682 2180 2714 eidem.

265 2740 350 2761 nem.
376 2730 416 2761 Et
447 2736 494 2760 est
524 2729 604 2761 ratio
637 2728 725 2759 dubii
755 2729 831 2770 quia
855 2729 1028 2765 Martinus,
1060 2729 1093 2759 in
1117 2739 1173 2770 qu.
1197 2738 1238 2764 vr,
1264 2728 1340 2759 dub.
1366 2747 1367 2765 i
1448 2727 1523 2758 Alio
1548 2737 1624 2768 ergo
1657 2727 1758 2758 modo
1788 2734 1895 2768 potest
1917 2726 2053 2768 intelligi
2084 2727 2174 2769 quod
2206 2727 2288 2759 circa
2315 2726 2482 2768 repentina

267 2784 284 2805 2
298 2774 325 2811 *‚
351 2773 545 2805 nominatim
576 2781 687 2805 contra
711 2781 857 2805 sanctum
879 2773 1045 2804 Thomam
1077 2773 1153 2804 dicit
1179 2783 1212 2804 se
1235 2780 1342 2804 tenere
1366 2770 1367 2775 ’
1395 2783 1460 2803 non
1485 2772 1526 2804 sit
1550 2771 1662 2803 electio
1687 2780 1842 2813 tanquam
1863 2771 1946 2804 circa
1961 2772 2096 2804 electam
2113 2771 2336 2803 conditionem
2351 2772 2479 2804 obiecti.

265 2826 388 2860 partem
418 2818 650 2855 affirmativam,
677 2818 845 2858 allegando
878 2819 971 2850 verba
1003 2828 1086 2860 quae
1116 2818 1148 2849 in
1183 2817 1342 2859 principio
1395 2817 1436 2848 Et
1467 2817 1510 2848 sic
1533 2817 1670 2848 intendit
1693 2819 1826 2848 Auctor.
1858 2817 1924 2848 Nec
1948 2817 2058 2848 solum
2081 2817 2236 2854 intendit,
2269 2817 2324 2849 sed
2349 2816 2427 2849 dicit
2450 2824 2482 2849 et

266 2864 409 2905 corporis
433 2863 555 2895 articuli
572 2863 668 2894 huius
692 2865 816 2894 Auctor
839 2863 924 2900 dicit,
941 2863 1075 2894 scilicet:
1101 2862 1140 2894 In
1156 2864 1344 2904 operatione
1367 2872 1369 2875 ’
1395 2863 1521 2902 probat.
1547 2861 1684 2893 Intendit
1700 2861 1861 2904 siquidem
1877 2862 1968 2904 quod
1984 2861 2142 2893 fortitudo
2158 2871 2196 2893 ex
2211 2869 2300 2904 parte
2315 2861 2481 2894 electionis

257 2908 469 2950 fortitudinis
492 2908 556 2939 duo
579 2913 656 2939 sunt
679 2908 935 2939 consideranda:
966 2918 1066 2939 unum
1090 2907 1216 2949 quidem
1241 2918 1343 2949 quan·
1367 2877 1370 2946 i
1397 2917 1463 2938 non
1488 2907 1583 2948 exigit
1606 2907 1696 2948 quod
1720 2906 1760 2938 sit
1776 2906 1858 2939 circa
1881 2906 2063 2949 repentina:
2088 2907 2144 2938 sed
2168 2907 2248 2938 bene
2264 2907 2328 2939 hoc
2347 2906 2480 2948 requirit

266 2959 333 2985 tum
358 2953 402 2984 ad
425 2953 610 2984 electionem
636 2953 737 2993 ipsius
745 2960 757 2990 ;
791 2958 821 2983 et
844 2954 891 2984 sic
905 2952 1071 2994 fortitudo
1096 2963 1159 2984 non
1185 2957 1232 2984 est
1255 2953 1343 2984 circa
1368 2951 1370 2988 ξ
1397 2962 1434 2983 ex
1459 2959 1546 2993 parte
1570 2951 1847 2989 manifestationis,
1871 2951 1948 2994 quia
1972 2950 2110 2982 maxime
2130 2951 2352 2983 manifestatur
2374 2951 2408 2982 in
2433 2961 2479 2982 re-

266 2999 446 3040 repentina.
473 2997 605 3034 Contra,
630 2997 750 3038 inquit:
775 2997 920 3039 quinque
936 2997 1048 3028 mediis
1065 2997 1205 3039 probans
1227 2997 1344 3029 fortem
1397 2996 1546 3038 pentinis.
1583 2996 1668 3028 Dicit
1696 3007 1772 3028 vero
1796 2996 1830 3028 in
1854 2996 1956 3028 verbis
1986 2996 2107 3033 allatis,
2133 2996 2213 3027 dum
2240 2995 2316 3027 dicit
2338 2995 2429 3037 quod
2445 2996 2478 3027 in

266 3043 347 3074 circa
370 3042 536 3083 repentina
554 3042 678 3082 eligere,
696 3042 850 3073 sustinere
875 3049 906 3073 et
929 3042 1056 3083 aggredi
1077 3049 1112 3073 ut
1129 3049 1268 3083 oportet,
1284 3049 1344 3074 etc.
1397 3043 1585 3083 operatione
1598 3041 1812 3083 fortitudinis
1833 3041 1899 3073 duo
1914 3047 1991 3073 sunt
2006 3041 2264 3073 consideranda:
2287 3050 2389 3072 unum
2409 3042 2478 3081 qui-

266 3088 327 3119 Sed
352 3097 412 3127 ego
438 3087 516 3118 nolo
532 3086 665 3127 implere
682 3086 798 3117 folium
816 3086 985 3127 superfluis
1001 3087 1208 3127 argumentis,
1226 3094 1256 3118 et
1271 3087 1344 3118 ideo
1370 3111 1371 3118 ,
1398 3087 1469 3118 dem
1494 3092 1652 3128 quantum
1676 3086 1720 3118 ad
1743 3087 1929 3118 electionem
1954 3087 2072 3127 ipsius,
2098 3085 2214 3127 procul
2238 3085 2339 3116 dubio
2364 3094 2478 3126 opera-

266 3132 325 3163 ista
349 3142 415 3162 non
440 3131 548 3163 recito.
574 3131 634 3162 Iste
659 3131 760 3162 homo
784 3139 839 3162 aut
862 3132 967 3163 noluit
989 3131 1175 3172 intelligere,
1200 3139 1255 3163 aut
1278 3142 1344 3163 non
1370 3124 1371 3153 Ῐ
1398 3131 1512 3168 tionis;
1539 3137 1570 3163 et
1584 3132 1632 3162 sic
1644 3130 1814 3172 fortitudo
1830 3141 1894 3162 non
1910 3136 1958 3163 est
1981 3132 2068 3162 circa
2084 3131 2276 3172 repentina:
2292 3130 2383 3172 quod
2399 3130 2478 3161 nihil

266 3177 419 3207 intellexit
442 3183 589 3208 sanctum
606 3176 787 3207 Thomam:
814 3187 889 3207 curn
913 3176 1069 3208 tamenin
1086 3183 1240 3218 promptu
1265 3184 1347 3208 esset
1370 3169 1371 3207 Ῐ
1399 3177 1486 3208 aliud
1509 3183 1556 3207 est
1580 3186 1681 3218 quam
1704 3175 1807 3207 dicere
1829 3175 1920 3217 quod
1943 3174 2100 3206 fortitudo
2124 3185 2192 3206 non
2216 3174 2303 3215 eligit
2319 3174 2478 3216 operatio-

268 3221 382 3262 planus
406 3231 518 3252 sensus
541 3221 715 3252 verborum
739 3221 818 3253 eius.
1370 3243 1372 3260 ,ι
1399 3231 1474 3253 nem
1498 3231 1565 3253 esse
1591 3220 1672 3253 circa
1694 3220 1870 3262 repentina.
1895 3220 1936 3252 Et
1951 3219 2058 3251 statim
2082 3220 2206 3260 probat,
2228 3220 2384 3251 subdens:
2408 3219 2478 3251 Eli-

322 3265 498 3306 Dupliciter
521 3265 679 3307 siquidem
703 3265 836 3306 intelligi
860 3273 966 3306 potest
981 3266 1071 3308 quod
1088 3276 1153 3297 non
1170 3266 1209 3297 sit
1233 3265 1345 3297 electio
1370 3261 1373 3275 ⁸
1397 3267 1448 3308 git
1472 3267 1556 3298 enim
1573 3265 1679 3307 sortis
1696 3265 1935 3306 praemeditari
1952 3265 2116 3306 pericula,
2141 3271 2200 3295 etc.

269 3308 350 3339 circa
373 3310 547 3349 repentina.
571 3310 679 3341 Primo
704 3311 804 3352 quod,
822 3310 994 3351 repentinis
1011 3311 1261 3348 occurrentibus,
1279 3321 1345 3342 non
1452 3311 1510 3342 Est
1533 3320 1610 3350 ergo
1633 3309 1778 3342 doctrina
1802 3309 1953 3341 Auctoris
1976 3309 2067 3351 quod
2090 3318 2159 3341 esse
2181 3308 2387 3350 repentinum
2411 3318 2478 3346 non

269 3353 310 3384 sit
333 3353 445 3384 electio
469 3354 645 3385 sustinendi
669 3362 700 3386 et
721 3355 924 3396 aggrediendi
948 3363 984 3387 ut
999 3363 1137 3396 oportet,
1161 3363 1220 3388 etc.
1245 3355 1286 3387 Et
1301 3363 1346 3387 at·
1399 3363 1446 3387 est
1470 3354 1614 3387 conditio
1637 3354 1736 3386 electa
1759 3365 1778 3386 a
1801 3354 1886 3391 forti,
1911 3353 1988 3397 quia
2015 3353 2106 3385 fortis
2129 3353 2217 3394 eligit
2240 3353 2350 3394 potius
2372 3362 2479 3395 oppo-

270 3397 407 3429 tribuere
431 3398 512 3429 hanc
536 3399 739 3438 negationem
763 3400 836 3432 forti
861 3407 907 3431 est
931 3400 1034 3432 dicere
1051 3400 1167 3432 fortem
1192 3411 1258 3432 non
1278 3410 1346 3432 esse
1372 3413 1373 3442 j
1399 3400 1493 3431 sitam
1509 3398 1741 3435 conditionem,
1758 3398 1878 3431 scilicet
1901 3398 2134 3439 praemeditari.
2159 3398 2192 3430 Si
2209 3405 2316 3430 tamen
2333 3404 2480 3431 occurrat

271 3442 398 3474 fortem.
423 3442 464 3473 Et
487 3450 533 3474 est
550 3444 762 3475 contradicere
787 3445 902 3476 directe
918 3444 1051 3476 Auctori
1071 3445 1104 3476 in
1121 3445 1183 3476 hoc
1199 3444 1346 3481 articulo,
1372 3462 1373 3484 3
1399 3443 1469 3476 talis
1493 3443 1636 3475 conditio
1653 3443 1686 3474 in
1703 3443 1852 3484 periculis
1868 3443 2025 3481 maximis,
2042 3443 2133 3475 fortis
2149 3443 2271 3475 fortiter
2286 3453 2319 3475 se
2335 3442 2476 3475 habebit:

270 3487 391 3518 volenti
415 3487 506 3528 quod
528 3487 562 3518 in
578 3488 750 3528 repentinis
766 3488 854 3520 fortis
879 3489 952 3521 facit
968 3500 1004 3520 ea
1025 3499 1108 3531 quae
1124 3496 1200 3521 sunt
1220 3489 1346 3521 virtutis
1372 3485 1373 3532 J
1399 3488 1516 3530 procul
1538 3488 1639 3519 dubio
1663 3498 1730 3519 non
1754 3498 1791 3519 ex
1807 3487 1956 3520 ebrietate
1980 3495 2036 3519 aut
2060 3487 2219 3529 passione,
2244 3488 2300 3520 sed
2323 3487 2477 3520 electione

271 3530 477 3568 fortitudinis,
503 3538 533 3562 et
556 3531 588 3562 in
613 3532 675 3563 hoc
699 3532 878 3564 manifestat
895 3543 927 3564 se
948 3533 1063 3565 habere
1080 3533 1276 3566 fortitudinis
1291 3533 1345 3564 ha·
1399 3539 1431 3565 et
1454 3539 1537 3564 recta
1561 3533 1694 3564 ratione.

271 3575 376 3607 bitum
399 3575 578 3607 firmatum:
605 3577 813 3617 praecipuum
837 3584 945 3608 autem
965 3578 997 3609 in
1020 3579 1137 3610 virtute
1162 3577 1276 3609 morali
1299 3585 1347 3609 est
1452 3577 1500 3608 Ex
1523 3577 1642 3618 quibus
1666 3583 1753 3618 patet
1775 3577 1866 3619 quod
1890 3577 1922 3608 in
1948 3584 2102 3619 promptu
2127 3585 2192 3610 erat
2216 3578 2331 3619 planus
2354 3586 2475 3612 ansus,

272 3620 404 3652 electio:
429 3630 466 3652 ex
490 3621 643 3652 electione
658 3621 754 3661 igitur
776 3621 808 3652 in
825 3622 996 3662 repentinis
1013 3629 1164 3664 operatur
1179 3621 1346 3658 fortitudo,
1399 3629 1430 3653 et
1453 3631 1557 3658 verus,
1583 3628 1614 3654 et
1636 3621 1787 3654 intentus.
1812 3622 1930 3660 Quare,
1956 3629 2013 3654 etc.

2501 481 2510 511 ζ
2521 479 2559 502 Cf.
2573 480 2663 508 Opusc.
2675 480 2717 502 ca·

2500 506 2714 533 ienPartdIJi-act.

2500 540 2530 558 ιι,
2540 533 2570 555 de
2579 533 2599 555 S
2613 539 2680 555 asmo
2686 533 2713 555 Β.

2504 560 2587 588 Vir-gn·
2615 560 2714 588 dssugd.

2500 587 2602 635 3⁸⁵‹15231'h1'a
2612 613 2652 635 lib.
2663 613 2716 641 Vll,

2500 646 2717 690 {ff‘imf¹’=0¹ss}.⁴‚z..‘

2505 1329 2516 1339 ·
2526 1325 2618 1350 nomi.
2629 1319 2719 1350 xxxv

2504 1354 2529 1377 in
2543 1354 2632 1383 Evmg.

2506 1703 2533 1752 ’s.
2575 1707 2722 1751 ’ῗὲἓξὲἕῗιῐ
