2768 4198
98 1277 155 1324 τ’»,
166 1277 220 1307 nas

100 1324 332 1361 ‘Qu-mxxii,

97 1361 172 1386 a...

936 287 1205 333 QUAESTIO
1235 291 1519 339 CLXXXVIII,
1549 295 1846 333 ARTICULUS
1875 296 1926 332 VI

334 363 546 400 troducitur
583 365 769 401 sententia
804 365 903 401 beati
931 367 1098 412 Antonii,
1130 368 1194 416 qui
1230 370 1432 416 praetulit'

336 416 628 463 discretionem,
662 429 731 465 per
760 429 877 465 quam
907 419 1040 467 aliquis
1070 421 1200 457 omnia
1229 423 1406 459 modera-

336 478 414 517 tur,
445 478 480 506 et
508 469 657 506 ieiuniis
687 478 722 506 et
748 470 885 518 vigiliis
914 479 950 507 et
979 473 1157 509 omnibus
1185 474 1407 512 huiusmodi
1432 489 1435 525 ¹,

337 522 604 560 observantiis.

392 578 456 613 Sic
483 588 573 624 ergo
595 575 801 612 dicendum
824 583 879 612 est
898 577 1004 624 quod
1025 590 1123 626 opus
1141 579 1241 615 vitae
1262 580 1408 616 activae
1434 596 1436 608 ³

339 638 395 667 est
423 630 576 678 duplex.
615 629 747 666 Unum
777 628 934 677 quidem
965 633 1069 677 quod
1101 643 1144 667 ex
1174 633 1410 680 plenitudine
1435 634 1437 642 ¹

339 682 672 732 contemplationis
697 681 910 720 derivatur:
940 682 1036 719 sicut
1057 683 1228 721 doctrina
1248 694 1284 722 et
1303 698 1410 734 prae-

339 736 490 774 dicatio.
516 737 627 774 Unde
649 743 686 772 et
705 735 913 783 Gregorius
934 735 1034 782 dicit,
1050 736 1089 772 in
1104 737 1137 773 V
1152 738 1284 775 homil.
1299 751 1412 786 super

336 790 486 839 Ezech„
507 789 614 838 quod
642 789 688 826 de
710 789 887 838 perfectis
906 789 998 826 viris
1020 795 1108 838 post
1134 792 1411 839 contemplatio-

339 855 425 880 nem
443 855 554 880 suam
578 842 817 880 redeuntibus
835 842 991 879 dicitur.-
1024 843 1260 881 Memoriam
1287 846 1412 881 suam·-

338 899 423 933 tatis
450 902 538 934 tuae
565 897 800 934 eructabunt.
835 897 884 933 Et
911 896 987 932 hoc
1011 897 1223 945 praefertur
1251 898 1412 946 simplici

339 949 654 999 contemplationi
668 949 699 987 *.
731 949 836 987 Sicut
856 948 958 986 enim
979 949 1103 986 maius
1124 958 1179 987 est
1198 950 1413 988 illuminare

339 1015 457 1052 quam
477 1004 605 1041 lucere
620 1004 759 1050 solum,
777 1003 827 1040 ita
842 1002 968 1040 maius
989 1011 1045 1040 est
1060 1005 1319 1052 contemplata
1334 1004 1414 1041 aliis

339 1057 488 1094 tradere
513 1069 630 1106 quam
651 1057 777 1094 solum
799 1057 1061 1105 contemplari.
1083 1077 1107 1084 -
1136 1057 1252 1093 Aliud
1286 1066 1413 1094 autem

340 1118 396 1147 est
412 1123 511 1159 opus
526 1111 673 1148 activae
692 1110 794 1147 vitae
809 1110 914 1159 quod
930 1110 1095 1147 totaliter
1115 1110 1284 1147 consistit
1299 1111 1336 1147 in
1353 1123 1416 1147 oc·
1440 1123 1442 1136 ¹

341 1164 544 1213 cupatione
562 1164 750 1201 exteriori:
772 1164 868 1201 sicut
882 1165 1150 1212 eleemosynas
1166 1164 1270 1210 dare,
1286 1164 1414 1213 hospi·
1440 1173 1442 1186 ¹

340 1225 396 1255 tes
416 1218 597 1267 recipere,
620 1225 656 1254 et
674 1217 746 1254 alia
765 1217 998 1255 huiusmodi.
1026 1218 1138 1264 Quae
1157 1225 1246 1254 sunt
1265 1217 1415 1255 minora

341 1271 877 1321 operssus-contemplationis
895 1270 927 1317 *,
949 1270 1019 1308 nisi
1049 1271 1145 1308 forte
1171 1271 1210 1307 in
1235 1283 1325 1307 casu
1350 1284 1415 1308 ne-

341 1324 542 1362 cessitatis:
571 1332 614 1362 ut
641 1337 687 1362 ex
716 1323 867 1374 supra*
893 1324 1002 1362 dictis
1030 1331 1145 1374 patet.

395 1377 458 1415 Sic
486 1390 578 1427 ergo
607 1390 806 1416 summum
835 1378 998 1426 gradum
1028 1379 1066 1415 in
1086 1377 1333 1426 religionibus
1361 1385 1415 1414 te-

341 1438 433 1469 nent
469 1444 568 1481 quae
603 1431 828 1470 ordinantur
861 1432 910 1469 ad
944 1432 1165 1469 docendum
1202 1438 1239 1467 et
1265 1431 1415 1480 praedi-

341 1485 522 1522 candum.
561 1485 673 1533 Quae
713 1493 749 1522 et
783 1485 1134 1535 propinquissimae
1169 1491 1257 1521 sunt
1293 1485 1415 1534 perfe-

340 1538 456 1576 ctioni
486 1538 779 1588 episcoporum:
809 1538 905 1576 sicut
935 1547 970 1576 et
998 1539 1038 1576 in
1065 1538 1148 1575 aliis
1176 1539 1294 1575 rebus
1311 1539 1416 1586 fines

333 1603 554 1641 primorum
590 1593 876 1642 coniunguntur
906 1592 1105 1641 principiis
1142 1592 1415 1638 secundorum,

99 1651 311 1676 ’δ-Τῠ-ῑοα-π-
340 1653 383 1683 ut
415 1645 626 1695 Dionysius
664 1645 773 1692 dicit,
807 1657 856 1683 vn
886 1658 968 1695 cap.
998 1646 1045 1683 de
1072 1646 1161 1683 Div.
1187 1645 1307 1683 Nom.
1332 1645 1353 1667 *
1389 1666 1415 1674 -

197 1755 214 1791 β

341 1699 567 1737 Secundum
596 1706 725 1736 autem
754 1699 916 1747 gradum
946 1707 1078 1737 tenent
1106 1699 1192 1736 illae
1225 1711 1326 1748 quae
1356 1712 1416 1737 or-

341 1752 521 1793 dinantur
538 1753 589 1790 ad
609 1753 987 1802 contemplationem.
1019 1774 1043 1781 -
1073 1753 1228 1790 Tertius
1247 1761 1303 1790 est
1319 1751 1334 1782 β
1354 1765 1416 1790 ea-

340 1818 427 1844 rum
463 1818 565 1855 quae
595 1814 834 1855 occupantur
869 1806 968 1844 circa
998 1806 1204 1844 exteriores
1231 1806 1415 1845 actiones.

396 1860 438 1897 In
467 1859 623 1908 singulis
652 1868 782 1897 autem
819 1860 960 1898 horum
989 1860 1179 1908 graduum
1207 1868 1336 1909 potest
1363 1869 1417 1898 at-

303 1961 306 1963 ·
340 1913 445 1950 tendi
472 1913 772 1962 praeeminentia
801 1915 1015 1952 secundum
1045 1915 1152 1962 quod
1180 1926 1257 1951 una
1286 1914 1416 1962 religio

342 1966 539 2004 ordinatur
574 1967 624 2004 ad
659 1967 831 2004 altiorem
860 1975 989 2004 actum
1019 1967 1058 2005 in
1087 1969 1228 2006 eodem
1254 1979 1415 2015 genere:

341 2020 439 2058 sicut
479 2019 576 2058 inter
612 2032 730 2069 opera
768 2021 937 2068 activae,
970 2020 1099 2070 potius
1135 2029 1191 2059 est
1225 2021 1416 2058 redimere

342 2073 516 2123 captivos
543 2086 661 2123 quam
691 2075 862 2124 recipere
890 2075 1082 2124 hospites;
1113 2083 1150 2112 et
1177 2075 1216 2112 in
1236 2075 1416 2124 operibus

342 2127 676 2176 contemplativae,
692 2127 821 2177 potior
836 2136 892 2166 est
907 2128 1027 2166 oratio
1048 2141 1167 2178 quam
1181 2128 1306 2166 lectio.
1328 2129 1417 2166 Pot-

395 2241 421 2275 β)
444 2239 551 2267 Tertius
569 2245 618 2267 est.
629 2256 649 2261 -
670 2241 790 2268 Tertium
810 2242 873 2268 Hal<
893 2248 919 2268 et
937 2250 962 2273 a,
986 2241 1094 2268 Tertius
1112 2243 1206 2274 ceteri;
1224 2248 1254 2268 ut
1272 2251 1321 2268 nos
1341 2243 1374 2269 G.

394 2279 422 2312 γ)
435 2277 583 2312 fundatur.
594 2292 614 2297 -
632 2277 790 2311 effundatur
809 2278 901 2304 PBDa.

2446 303 2518 349 529

1459 379 1515 407 est
1543 372 1655 409 etiam
1678 374 1818 411 attendi
1847 375 2155 423 praeeminentia,
2177 377 2207 413 si
2227 390 2303 414 una
2323 390 2452 415 earum
2473 380 2521 416 ad

1458 425 1566 472 plura
1594 426 1733 463 horum
1765 427 1961 464 ordinetur
1994 441 2110 477 quam
2145 429 2235 466 alia:
2273 432 2335 467 vel
2364 431 2394 467 si
2432 445 2520 469 con—

1459 477 1696 515 venientiora
1725 487 1862 517 statuta
1890 481 2030 518 habeat
2058 482 2106 518 ad
2135 483 2253 519 finem
2282 485 2522 532 propositum

1462 532 1791 579 consequendum.

1515 585 1573 619 AD
1602 596 1739 622 ptumum
1764 597 1862 623 ERGO
1888 598 2071 624 DICENDUM
2094 589 2199 637 quod
2227 590 2434 627 Decretalis
2464 591 2524 627 illa

1436 675 1437 682 ἵ
1463 636 1629 685 loquitur
1658 638 1703 674 de
1732 638 1809 675 vita
1837 640 1959 676 activa
1988 650 2101 688 prout
2125 643 2323 679 ordinatur
2351 644 2399 680 ad
2428 645 2525 680 salu-

1436 711 1438 725 ζ
1464 695 1542 724 tem
1572 690 1798 728 animarum.

1465 794 1471 799 .
1517 744 1575 778 AD
1603 755 1793 781 SECUNDUM
1829 757 2012 783 mCENDUM
2048 749 2153 795 quod
2191 749 2390 797 religiones
2427 761 2525 798 quae

1463 795 1705 833 instituuntur
1728 806 1882 846 propter
1902 799 2085 846 militiam,
2107 801 2282 839 directius
2302 803 2526 840 ordinantur

1465 848 1512 883 ad
1532 849 1607 885 hoc
1627 850 1731 897 quod
1753 850 1948 888 effundant
1968 854 2191 901 sanguinem
2211 856 2391 903 hostium,
2407 868 2524 904 quam

1467 901 1515 937 ad
1551 902 1626 938 hoc
1663 904 1768 951 quod
1807 916 1939 941 eorum
1974 907 2126 954 sanguis
2160 909 2337 946 fundatur
2356 915 2389 955 Υ,
2420 910 2525 957 quod

1466 955 1617 1002 proprie
1634 956 1858 1004 martyribus
1875 959 2066 1006 competit.
2088 960 2192 997 Nihil
2205 970 2333 998 tamen
2350 963 2527 1010 prohibet

1467 1007 1687 1045 huiusmodi
1707 1009 1900 1057 religiosos
1921 1011 1958 1048 in
1978 1012 2104 1060 aliquo
2121 1026 2209 1050 casu
2231 1015 2407 1052 meritum
2428 1028 2526 1053 mar-

1467 1060 1549 1107 tyrii
1570 1062 1765 1109 consequi,
1796 1071 1831 1099 et
1858 1063 1895 1100 in
1923 1065 1996 1100 hoc
2024 1067 2203 1113 praeferri
2223 1068 2304 1105 aliis
2324 1069 2524 1116 religiosis:

1468 1113 1563 1149 sicut
1599 1122 1634 1150 et
1668 1127 1784 1163 opera
1817 1116 1939 1153 activa
1976 1117 2163 1156 interdum
2199 1120 2237 1157 in
2272 1122 2397 1170 aliquo
2437 1135 2527 1159 casu

1467 1167 1731 1214 praeferuntur
1760 1171 2083 1218 contemplationi.

1521 1221 1580 1256 Ao
1613 1232 1774 1258 TERTluM
1807 1234 1989 1260 Diei-:noum
2020 1225 2124 1272 quod
2153 1226 2338 1264 arctitudo
2358 1225 2370 1249 ὃ
2399 1229 2527 1264 obser-

1469 1273 1684 1311 vantiarum
1705 1287 1782 1311 non
1804 1284 1859 1312 est
1878 1276 1915 1312 id
1944 1278 2048 1324 quod
2071 1279 2273 1327 praecipue
2294 1280 2330 1316 in
2351 1281 2528 1328 religione

1470 1328 1781 1373 commendatur,
1825 1337 1864 1365 ut
1902 1330 2033 1366 beatus
2070 1333 2257 1369 Antonius
2295 1333 2383 1370 dicit
2406 1333 2437 1370 *.
2481 1335 2529 1370 Et

1470 1379 1591 1416 Isaiae
1611 1392 1694 1417 Lvin
1713 1381 1733 1402 ’¹‘
1762 1381 1916 1418 dicitur:
1953 1383 2139 1431 Nunquid
2169 1386 2240 1422 hoc
2267 1392 2320 1422 est
2351 1387 2529 1424 ieiunium

1470 1433 1571 1481 quod
1603 1433 1720 1482 elegi,
1753 1446 1825 1482 per
1859 1435 1956 1471 diem
1991 1438 2166 1486 affligere
2197 1439 2365 1476 animam
2392 1440 2530 1476 suam?

1470 1486 1688 1522 Assumitur
1723 1495 1851 1523 tamen
1890 1488 1927 1524 in
1964 1490 2142 1536 religione
2176 1498 2217 1528 ut
2245 1492 2455 1529 necessaria
2483 1493 2531 1529 ad

1471 1539 1594 1576 carnis
1633 1540 1953 1577 macerationem:
1991 1554 2107 1590 quae,
2138 1544 2167 1580 si
2201 1544 2281 1581 sine
2310 1545 2532 1582 discretione

1469 1593 1512 1630 fit
1530 1598 1555 1640 ⁸,
1585 1593 1798 1641 periculum
1829 1594 2030 1631 deficiendi
2060 1597 2174 1633 habet
2202 1609 2410 1645 annexum,
2440 1599 2535 1635 sicut

1470 1647 1606 1683 beatus
1635 1646 1824 1683 Antonius
1853 1647 1942 1684 dicit
1960 1647 1991 1684 ³¹⁸.
2027 1649 2075 1685 Et
2103 1650 2190 1686 ideo
2219 1662 2297 1687 non
2326 1658 2382 1687 est
2409 1651 2535 1700 potior

1471 1700 1600 1748 religio
1638 1712 1684 1737 ex
1722 1701 1796 1737 hoc
1825 1701 1930 1748 quod
1965 1702 2080 1739 habet
2115 1703 2293 1740 arctiores
2329 1704 2536 1741 observan-

1469 1755 1557 1790 tias:
1589 1754 1656 1790 sed
1686 1766 1732 1790 ex
1756 1754 1830 1790 hoc
1854 1755 1958 1802 quod
1979 1767 2023 1791 ex
2044 1756 2177 1793 maiori
2198 1757 2421 1795 discretione
2450 1766 2536 1795 sunt

1471 1807 1552 1844 eius
1581 1807 1848 1844 observantiae
1882 1808 2076 1846 ordinatae
2105 1810 2152 1847 ad
2182 1811 2298 1847 finem
2334 1811 2534 1859 religionis.

1470 1861 1576 1898 Sicut
1604 1861 1652 1898 ad
1692 1861 1962 1898 continentiam
1999 1863 2189 1900 efficacius
2227 1865 2422 1901 ordinatur
2457 1877 2535 1901 ma-

1471 1914 1612 1951 ceratio
1650 1914 1773 1951 carnis
1810 1927 1879 1963 per
1919 1915 2183 1954 abstinentiam
2223 1917 2294 1954 cibi
2332 1925 2367 1954 et
2400 1926 2534 1966 potus,

1471 1980 1570 2018 quae
1608 1968 1797 2016 pertinent
1832 1969 1881 2006 ad
1920 1969 2062 2006 samem
2099 1978 2134 2007 et
2167 1970 2285 2017 sitim,
2315 1983 2430 2019 quam
2469 1984 2536 2020 per

1471 2022 1770 2059 subtractionem
1799 2021 1977 2068 vestium,
2007 2035 2104 2072 quae
2133 2024 2318 2072 pertinent
2346 2025 2394 2061 ad
2423 2025 2536 2072 frigus

1471 2083 1508 2112 et
1527 2075 1761 2122 nuditatem;
1792 2083 1828 2112 et
1855 2087 1971 2124 quam
1990 2088 2058 2125 per
2086 2078 2323 2126 corporalem
2352 2079 2535 2115 laborem.

1447 2241 1451 2308 Ι
1529 2242 1558 2277 δ)
1574 2244 1722 2270 arctitudo.
1733 2258 1752 2264 -
1769 2244 1886 2269 altitudo
1905 2244 1934 2270 P.

1530 2279 1555 2314 ε)
1565 2279 1612 2312 fit.
1624 2294 1642 2299 -
1660 2280 1731 2305 sicut
1748 2280 1912 2313 BEFLpAK,
1930 2280 1966 2305 sit
1984 2280 2112 2310 CHlsAK,
2123 2280 2178 2313 fiat
2197 2281 2227 2306 D.

1014 2351 1358 2384 Commentaria.
1379 2351 1639 2384 Garamans
1662 2351 1866 2384 Caietam

372 2431 393 2452 κ
421 2420 556 2452 arficulo
584 2427 673 2451 sexto
704 2421 848 2451 eiusdem
877 2421 1084 2462 quaestionis,
1109 2428 1186 2452 nota
1217 2421 1318 2462 quod,
1344 2431 1419 2452 curn
1473 2421 1545 2453 sint.
1571 2421 1624 2452 lsti
1649 2429 1768 2459 autern,
1786 2428 1850 2452 tam
1868 2421 2005 2462 religiosi
2021 2432 2119 2462 quam
2138 2422 2321 2458 saeculares,
2337 2422 2451 2453 directe
2475 2430 2539 2453 ten-

345 2433 407 2497 lin
430 2475 564 2506 corpore
593 2465 715 2496 articuli
746 2465 861 2496 dicitur
890 2466 980 2507 quod
1004 2466 1062 2496 illa
1085 2466 1203 2507 religio
1229 2467 1421 2506 simpliciter
1474 2466 1555 2497 dunt
1578 2466 1617 2496 ad
1647 2466 1786 2497 alienum
1820 2466 2006 2506 sanguinem
2032 2466 2249 2503 fundendum,
2274 2467 2324 2496 vel
2352 2466 2539 2507 fugandum.

336 2510 532 2552 praefertur
551 2510 649 2541 alteri
670 2520 755 2551 quae
777 2510 952 2542 ordinatur
973 2510 1128 2551 adfinem
1152 2510 1298 2541 absolute
1314 2512 1420 2551 potio-

342 2565 424 2593 rem,
449 2555 500 2586 uel
522 2556 599 2595 quia
621 2560 670 2586 est
691 2556 799 2586 maius
820 2555 950 2592 bonum,
976 2555 1027 2586 vel
1048 2556 1126 2596 quia
1149 2555 1194 2586 ad
1209 2555 1312 2595 plura
1335 2555 1419 2586 bona

343 2599 537 2636 ordinatur,
564 2599 624 2630 ista
653 2599 792 2630 secunda
820 2609 893 2639 pars
921 2599 1130 2630 disiunctivae
1154 2610 1220 2630 non
1242 2600 1338 2631 habet
1360 2610 1420 2640 pro

343 2644 488 2675 subiecto
511 2642 742 2683 propositionis
765 2642 874 2680 finem,
891 2644 946 2675 sed
962 2643 1160 2684 religionem.
1185 2643 1231 2674 Ita
1246 2644 1337 2685 quod
1353 2655 1420 2675 non

344 2695 391 2719 est
414 2697 526 2718 sensus
549 2687 639 2729 quod
662 2687 734 2718 finis
750 2694 797 2719 est
816 2688 924 2728 potior
938 2687 990 2719 vel
1008 2688 1084 2729 quia
1101 2695 1148 2719 est
1163 2687 1267 2719 maius
1283 2690 1418 2727 bonum,

343 2732 395 2763 vel
417 2732 494 2773 quia
516 2732 556 2762 ad
580 2731 672 2772 plura
695 2732 781 2762 bona
808 2732 989 2764 ordinatur:
1013 2732 1168 2774 quoniam
1198 2732 1281 2770 finis,
1306 2740 1342 2764 ut
1365 2733 1419 2771 sic,

344 2787 411 2808 non
433 2777 528 2807 habet
550 2775 667 2813 finem;
692 2776 836 2818 alioquin
858 2777 1081 2818 procederetur
1103 2777 1137 2807 in
1155 2776 1328 2809 infinitum.
1357 2779 1420 2809 Sed

345 2828 392 2853 est
414 2831 526 2853 sensus
549 2821 640 2862 quod
663 2821 832 2862 dupliciter
854 2821 964 2862 religio
988 2821 1154 2853 ordinatur
1177 2823 1216 2852 ad
1239 2821 1338 2853 finem
1361 2833 1420 2863 po-

345 2866 474 2898 tiorem:
498 2865 550 2896 vel
573 2865 648 2906 quia
671 2865 743 2896 finis
767 2873 814 2897 est
837 2866 941 2896 maius
965 2867 1106 2902 bonum;
1130 2866 1180 2897 vel
1196 2867 1272 2908 quia
1287 2867 1357 2907 ipsa
1372 2877 1420 2898 re-

344 2910 423 2951 ligio
447 2909 613 2940 ordinatur
636 2910 675 2940 ad
699 2910 791 2950 plura
807 2911 902 2941 bona.
927 2910 1016 2942 Sicut
1030 2910 1140 2951 religio
1157 2921 1240 2952 quae
1255 2911 1421 2943 ordinatur

345 2955 386 2986 ad
409 2955 579 2991 orandum,
604 2954 720 2985 melior
741 2961 788 2985 est
811 2964 911 2996 quam
929 2954 983 2986 illa
1001 2965 1083 2997 quae
1103 2955 1268 2986 ordinatur
1286 2956 1326 2986 ad
1346 2966 1421 2997 pro-

346 2999 432 3040 priae
467 2999 597 3030 lectioni
626 2999 826 3036 vacandum,
862 2999 938 3040 quia
968 2999 1084 3030 melius
1119 3000 1351 3040 contemplatio
1384 3000 1422 3032 fit

347 3044 471 3076 orando
494 3053 594 3084 quarn
617 3043 770 3083 legendo:
802 3043 914 3084 religio
941 3051 1048 3075 tamen
1075 3054 1158 3085 quae
1181 3045 1222 3075 ad
1246 3051 1421 3086 utrumque

346 3089 472 3120 bonum
496 3088 671 3124 ordinatur,
695 3087 814 3119 scilicet
836 3088 1015 3119 orationem
1041 3095 1072 3119 et
1093 3088 1282 3126 lectionem,
1307 3090 1422 3120 melior

348 3129 395 3163 est
418 3132 603 3173 simpliciter
625 3139 771 3174 utraque,
796 3132 871 3173 quia
894 3132 990 3164 habet
1011 3131 1109 3163 finem
1133 3133 1303 3174 potiorem,
1328 3144 1366 3165 ex
1381 3144 1420 3165 eo

349 3177 439 3219 quod
452 3176 525 3208 finis
540 3176 609 3208 eius
626 3176 849 3217 complectitur
865 3183 1039 3218 utrumque
1054 3177 1190 3214 bonum,
1206 3177 1334 3208 illarum
1344 3189 1421 3210 vero

349 3220 484 3252 unicum
505 3227 642 3252 tantum.
666 3221 709 3252 Et
731 3221 790 3252 hac
813 3221 935 3253 ratione
959 3221 1198 3252 constituuntur
1217 3221 1251 3252 in
1268 3231 1421 3262 supremo

349 3264 511 3304 religionis
539 3266 639 3305 gradu
663 3266 735 3297 illae
758 3265 927 3306 religiones
951 3275 1034 3307 quae
1057 3275 1124 3296 non
1147 3266 1254 3296 solum
1278 3273 1422 3298 contem-

351 3309 487 3350 plantur,
513 3310 568 3339 sed
591 3310 807 3350 contemplata
831 3311 957 3341 docent.

358 3372 360 3374 -
406 3353 445 3384 11.
461 3353 497 3384 In
513 3354 727 3393 responsione>
737 3355 778 3385 ad
793 3355 982 3390 secundum,
1005 3354 1149 3395 perspice
1163 3354 1253 3395 quod
1275 3354 1351 3386 hinc
1367 3355 1421 3386 ha-

350 3398 406 3428 bes
418 3397 614 3428 solutionem
625 3398 763 3438 vulgaris
775 3399 986 3440 quaestionis:
1004 3401 1066 3435 An,
1075 3398 1201 3435 scilicet,
1212 3406 1323 3430 euntes
1336 3406 1421 3430 recto

351 3442 447 3473 corde
470 3448 502 3472 et
524 3452 622 3482 opere
637 3443 677 3472 ad
695 3443 816 3474 bellurn
838 3450 948 3474 contra
966 3442 1120 3479 infideles,
1135 3442 1198 3474 sint
1216 3450 1378 3484 martyres,
1396 3444 1422 3474 si

351 3486 384 3516 in
400 3486 486 3517 bello
502 3486 703 3518 occiduntur.
715 3485 824 3518 Habes
839 3487 999 3530 siquidem
1014 3487 1077 3519 hoc
1092 3488 1125 3518 in
1137 3487 1211 3518 loco
1227 3487 1266 3518 ab
1282 3489 1423 3518 Auctore

352 3537 476 3571 partem
490 3530 680 3571 negativam.
703 3531 747 3562 Et
761 3530 842 3562 ratio
861 3531 894 3562 in
913 3531 1016 3564 littera
1037 3532 1188 3568 redditur,
1205 3531 1282 3572 quia
1304 3539 1422 3573 marty-

352 3585 401 3605 res
424 3575 553 3615 proprie
576 3583 651 3606 sunt
665 3574 722 3616 qui
742 3575 782 3606 ad
804 3576 972 3617 proprium
995 3577 1183 3617 sanguinem
1208 3576 1421 3612 fundendum,

354 3629 456 3660 usque
468 3619 509 3650 ad
524 3619 736 3660 privationem
751 3619 842 3657 vitae,
853 3620 990 3651 tendunt
1003 3621 1129 3658 directe,
1141 3627 1177 3652 ut
1193 3627 1287 3651 testes
1304 3620 1423 3651 Christi

495 3681 606 3706 Smnuss
624 3681 727 3707 Tuon.
745 3681 777 3707 D.
795 3681 911 3706 Tuom
925 3682 957 3707 Τ.
970 3682 1024 3708 VII.

1472 2511 1566 2542 Unde
1583 2520 1649 2541 non
1666 2518 1750 2547 sunt,
1767 2511 1911 2541 absolute
1927 2511 2102 2551 loquendo,
2119 2510 2144 2541 si
2167 2511 2360 2547 occidantur,
2377 2518 2538 2552 martyres.

1529 2556 1651 2586 Verum
1681 2555 1756 2596 quia
1780 2555 1841 2585 alia
1865 2562 1911 2585 est
1933 2555 2078 2595 quaestio
2103 2555 2141 2584 de
2164 2555 2334 2595 martyrio,
2359 2562 2390 2585 et
2416 2556 2475 2586 alia
2499 2557 2538 2586 de

1473 2600 1588 2631 merito
1612 2600 1770 2641 martyrii;
1795 2599 1867 2630 ideo
1891 2602 2021 2635 Auctor,
2042 2599 2168 2629 excluso
2185 2599 2335 2639 martyrio
2351 2609 2368 2629 a
2384 2599 2538 2639 religiosis

1473 2644 1638 2681 militibus,
1663 2645 1701 2675 de
1725 2644 1838 2681 merito
1862 2643 2001 2684 martyrii
2025 2650 2143 2673 tractat.
2168 2643 2208 2673 Et
2227 2643 2319 2673 docet
2341 2644 2439 2683 quod,
2457 2644 2538 2674 sicut

1472 2690 1505 2720 in
1529 2700 1603 2720 casu
1627 2688 1818 2719 necessitatis
1842 2687 1956 2718 melius
1979 2694 2026 2718 est
2048 2686 2248 2717 infirmorum
2265 2697 2356 2717 curae
2371 2688 2443 2717 dare
2459 2698 2536 2728 ope-

1473 2744 1542 2764 ram
1572 2744 1670 2774 quam
1701 2732 1980 2772 contemplationi,
2011 2731 2155 2772 quamvis
2185 2731 2328 2761 absolute
2351 2732 2467 2771 optima
2496 2733 2538 2763 sit

1472 2780 1604 2809 Mariae
1620 2787 1703 2818 pars
1717 2777 1749 2814 *;
1774 2784 1805 2808 et
1821 2776 1948 2807 maioris
1971 2775 2072 2806 meriti
2091 2776 2123 2805 in
2138 2775 2327 2806 necessitatis
2341 2775 2473 2806 articulo
2490 2783 2537 2806 est
2562 2781 2571 2791 ·

1474 2833 1583 2854 curam
1606 2821 1722 2853 infirmi
1741 2821 1854 2852 habere
1878 2831 1975 2862 quam
1991 2820 2196 2859 contemplari
2213 2820 2263 2849 vel
2278 2819 2468 2860 praedicare:
2493 2820 2535 2850 ita

1473 2868 1506 2898 in
1530 2867 1662 2898 articulo
1687 2865 1888 2902 necessitatis,
1912 2872 1987 2906 puta
2012 2864 2036 2894 si
2056 2864 2194 2894 Ecclesia
2217 2864 2449 2904 periclitaretur,
2470 2874 2535 2894 non

1473 2913 1580 2942 solum
1604 2910 1712 2951 quoad
1736 2920 1943 2950 personarum
1968 2908 2225 2949 oppressionem,
2250 2909 2304 2938 sed
2331 2909 2438 2948 quoad
2462 2907 2535 2938 fidei

1472 2957 1665 2991 libertatem,
1696 2954 1824 2985 maioris
1847 2953 1949 2984 meriti
1974 2959 2053 2984 esset
2085 2962 2142 2992 pro
2173 2952 2329 2982 Ecclesiae
2353 2952 2535 2983 defensione

1474 3011 1576 3042 usque
1606 2999 1646 3030 ad
1674 3005 1811 3029 mortem
1841 2998 1987 3029 bellando
2012 3007 2043 3027 se
2068 3006 2241 3036 exponere,
2270 3006 2366 3036 quam
2390 3003 2533 3026 contem-

1473 3045 1553 3086 plari
1576 3044 1627 3075 vel
1650 3043 1838 3084 praedicare.
1863 3043 1903 3073 Et
1925 3049 2000 3072 tunc
2024 3040 2135 3071 merito
2159 3040 2299 3081 martyrii
2315 3050 2380 3070 non
2395 3047 2535 3071 carerent

1474 3090 1530 3131 qui
1557 3089 1591 3119 in
1619 3088 1673 3119 tali
1703 3087 1787 3118 bello
1815 3087 1859 3117 sic
1891 3086 2114 3117 occiderentur.
2148 3084 2368 3115 Praeferuntur
2390 3084 2475 3115 enim
2501 3084 2535 3114 in

1473 3133 1659 3165 huiusmodi
1689 3132 1811 3163 casibus
1835 3131 1949 3162 milites
1972 3130 2022 3160 isti
2046 3128 2194 3160 omnibus
2221 3128 2391 3168 religiosis,
2423 3135 2534 3168 utpote

1475 3177 1665 3219 martyribus
1689 3176 1836 3216 aequales
1860 3175 1892 3205 in
1916 3174 2039 3205 merito.

1531 3222 1583 3253 111.
1608 3222 1642 3251 In
1666 3219 1871 3260 responsione
1895 3219 1934 3249 ad
1957 3218 2083 3249 tertium
2102 3217 2243 3247 eiusdem
2258 3216 2380 3247 articuli
2397 3217 2484 3252 sexti,
2501 3216 2533 3246 in

1475 3262 1622 3306 exemplo
1655 3265 1693 3295 de
1721 3263 1832 3294 mediis
1862 3263 1900 3293 ad
1931 3262 2155 3293 continentiam
2184 3260 2384 3296 servandam,
2409 3261 2535 3291 attende

1475 3311 1565 3352 quod
1589 3319 1654 3340 non
1678 3307 1813 3348 exempli
1836 3314 1976 3342 tanturn,
2001 3306 2054 3336 sed
2077 3304 2212 3335 veritatis
2236 3304 2410 3335 doctrinam
2435 3304 2534 3335 conti—

1475 3363 1537 3386 net.
1561 3355 1644 3385 Nam
1668 3362 1821 3393 pauperes
1841 3351 1944 3381 nudos
1967 3360 2075 3380 vacare
2098 3348 2292 3389 generationi
2306 3348 2469 3384 videmus;
2493 3348 2533 3379 si-

1476 3399 1591 3430 militer
1605 3399 1783 3428 laborantes
1799 3394 1948 3426 continue
1970 3393 2129 3424 laboribus
2146 3393 2298 3428 maximis,
2314 3402 2423 3423 vacare
2440 3392 2534 3423 etiam

1475 3441 1669 3484 generationi
1700 3439 1922 3481 perspicimus;
1954 3437 2115 3468 famelicos
2145 3444 2252 3467 autem
2280 3443 2311 3467 et
2337 3436 2531 3472 sitibundos,

1476 3495 1677 3528 nequaquam
1698 3508 1705 3520 ,
1736 3483 1820 3514 iuxta
1848 3483 1943 3512 illud:
1976 3482 2052 3511 Sine
2077 3481 2195 3511 Cerere
2221 3486 2251 3511 et
2271 3481 2399 3511 Baccho
2421 3480 2532 3521 friget

1482 3531 1586 3562 Venus
1599 3530 1626 3560 *.
1652 3528 1764 3559 Melius
1787 3537 1862 3567 ergo
1885 3525 2028 3556 medium
2052 3526 2091 3555 ad
2106 3524 2335 3556 continentiam
2349 3525 2531 3555 servandam

1476 3583 1522 3606 est
1544 3573 1698 3604 abstinere
1721 3583 1739 3602 a
1763 3571 1833 3601 cibo
1857 3577 1887 3601 et
1910 3577 1999 3610 potu,
2023 3579 2121 3610 quam
2144 3578 2247 3600 carere
2266 3569 2371 3609 caligis
2395 3575 2448 3598 aut
2471 3567 2531 3598 cal·

1476 3619 1547 3655 ceis,
1571 3624 1602 3648 et
1624 3626 1721 3658 quam
1745 3615 1895 3651 laborare,
1921 3621 1951 3645 et
1973 3614 2170 3644 huiusmodi.

2356 3671 2389 3704 67

2651 1235 2665 1260 δ

2556 1337 2665 1360 ’Loc.cit.
2672 1338 2695 1359 in
2701 1343 2766 1366 corp.

2557 1395 2566 1404 ⁸
2581 1394 2646 1416 Vere.
2661 1401 2679 1422 5.

2562 1659 2571 1668 ·
2577 1658 2671 1680 Loc.cit.
2676 1658 2698 1680 in
2706 1664 2768 1686 corp.

2594 2781 2649 2802 Luc.
2673 2786 2722 2808 cap.
2744 2786 2768 2800 x,

2562 2813 2618 2828 vers.
2633 2812 2670 2833 42.

2558 3503 2767 3526 *Tei-entmundi.

2557 3534 2600 3552 act.
2615 3530 2655 3557 IV,
2669 3536 2731 3551 acen.
2744 3536 2766 3555 v,

2558 3563 2614 3578 vers.
2623 3557 2658 3578 6.-
2665 3556 2699 3578 Cf.
2711 3556 2766 3577 Hie-

2556 3589 2605 3631 ῗζῖιι.
2610 3582 2684 3630 1font.
2693 3582 2766 3604 Ιονὲιι.

2565 3615 2571 3631 ι
2590 3625 2596 3631 .
2633 3626 2638 3630 .
