2768 4198
86 540 95 549 ⁸
109 538 144 560 cf.
161 539 205 560 loc.
220 538 258 560 eit.
273 538 296 559 in

85 571 149 587 num.
164 571 190 592 ιι,
205 571 252 593 arg.
267 572 290 591 4.

85 1266 96 1276 '⁴
110 1262 173 1284 Vers.
189 1269 209 1284 2.

88 1321 95 1329 ⁸
107 1319 162 1341 Ord.
173 1319 223 1340 sine
232 1325 295 1340 nom.

90 2446 99 2455 ¹
108 2445 203 2477 Origen.
211 2445 299 2467 Homil.

89 2471 300 2526 agalassi:

89 2525 200 2552 cxxul,
215 2526 244 2547 al.
260 2525 300 2552 XI,

88 2552 122 2574 ad
133 2552 251 2580 Ageruch.

90 2875 137 2896 ἈΙ.
143 2874 298 2897 Remittunt

88 2901 112 2923 tn
126 2901 217 2930 Evang.

186 2977 203 3003 Υ

329 322 403 358 380

969 317 1237 370 QUAESTIO
1268 317 1462 364 CLXXII,
1491 317 1789 355 ARTICULUS
1821 319 1870 354 111

326 410 362 430 ex
391 407 478 440 parte
507 399 622 430 obiecti
646 399 844 430 voluntatem
868 404 1009 427 nostram
1042 405 1170 425 movere
1203 394 1394 435 persuasive.
1421 394 1424 433 Ι
1452 395 1542 426 cuius
1566 395 1688 426 formae
1711 396 1743 427 in
1769 397 1982 434 voluntatem,
2007 397 2062 427 sed
2085 406 2141 436 per
2160 396 2317 427 actualem
2341 396 2519 427 motionem

326 445 366 475 Et
389 444 434 475 sic
458 444 539 475 forte
562 443 597 474 fit
621 443 834 474 communiter
858 441 1040 481 prophetica
1065 439 1240 479 inspiratio.

382 491 424 519 At
447 489 472 519 si
493 489 531 519 de
547 488 751 528 inspiratione
769 485 885 516 efficaci
901 485 1140 524 intelligendum
1158 490 1204 514 est
1227 493 1300 514 cum
1321 493 1394 522 pro·
1420 507 1422 519 2

1449 439 1644 476 interiorem,
1667 450 1731 480 qua
1755 441 1844 472 solus
1866 441 1934 481 ipse
1961 441 2093 472 Creator
2116 440 2290 471 voluntatis
2308 447 2416 480 potest
2439 450 2520 477 eam,

1450 493 1525 513 cum
1548 484 1617 514 vult
1637 491 1668 514 et
1691 494 1758 525 quo
1781 485 1860 522 vult,
1877 495 2016 522 movere,
2033 486 2120 516 iuxta
2143 485 2224 517 illud
2237 485 2273 515 *ε
2301 484 2367 515 Cor
2382 486 2472 526 regis
2488 485 2520 515 in

325 533 431 573 phetia
447 533 560 563 dicitur
575 531 777 571 inspiratio*:
804 536 926 560 constat
945 529 1044 569 quod,
1061 538 1135 558 cum
1160 528 1259 558 solius
1280 527 1338 557 Dei
1355 527 1395 558 sit
1420 523 1422 563 i
1450 537 1549 557 manu
1573 528 1716 565 Domini,
1742 534 1772 559 et
1788 530 1892 560 volvet
1916 531 1998 561 illud
2011 540 2211 571 quocumque
2235 530 2385 560 voluerit.
2399 547 2420 552 —
2433 529 2521 560 Haec

325 577 490 608 efficaciter
513 586 641 607 movere
657 576 854 605 voluntatem
878 580 908 603 et
931 583 968 603 ex
992 580 1078 612 parte
1094 572 1193 612 ipsius
1209 571 1392 607 voluntatis,
1419 567 1421 606 ξ

326 630 360 652 ut
376 621 589 662 inspirationis
606 629 724 650 nomen
741 625 841 653 sonat,
869 617 1039 647 dicendum
1057 623 1138 647 esset
1153 617 1242 657 quod
1259 626 1325 646 non
1347 622 1393 646 est
1418 609 1421 640 i

1448 571 1625 611 responsio,
1642 572 1717 612 quia
1733 572 1875 604 formalis
1891 581 1948 610 est,
1965 575 2185 615 amplectenda
2209 574 2309 614 magis
2329 574 2464 604 videtur.
2482 573 2522 604 Et

1448 615 1530 646 forte
1542 622 1710 655 propterea
1730 616 1762 646 in
1778 617 1882 648 littera
1898 618 1956 649 hac
1979 629 2147 660 nunquam
2167 619 2314 650 meminit
2330 621 2454 649 Auctor
2475 618 2521 648 in-

325 667 363 697 ab
381 666 503 706 angelo,
522 665 575 695 sed
591 674 607 694 a
624 664 693 694 Deo
709 662 901 697 immediate,
919 671 985 691 non
1006 671 1062 701 per
1077 661 1320 701 impressionem
1338 660 1391 690 ali-
1417 668 1419 696 l
1445 661 1632 700 spirationis
1649 661 1868 701 propheticae,
1885 663 1940 693 sed
1956 664 2162 695 revelationis
2178 670 2208 694 et
2223 663 2476 695 illuminationis.

1129 796 1451 838 ARTICULUS
1480 797 1712 838 TERTIUS

723 892 878 923 UTRUM
903 891 961 921 AD
987 889 1273 921 PROPHETIAM
1297 889 1585 926 REQUIRATUR
1607 880 1848 922 DISPOSITIG
1871 892 2122 923 NATURAms

1226 969 1267 993 De
1290 969 1380 998 Verit„
1401 976 1446 1001 qu.
1463 977 1508 1000 xn,
1529 974 1576 995 art.
1594 977 1620 1001 4.

373 1065 418 1083 ..r
455 1076 483 1089 ¹„
538 1056 559 1081 D
578 1055 739 1080 TERTIUM
760 1054 814 1079 sm
834 1053 1077 1079 raom-:mrum
1098 1041 1260 1077 Videtur
1288 1040 1394 1089 quod

355 1104 386 1147 ᾗ,
443 1087 507 1150 ῗὲἷὴ
537 1098 585 1134 ad
604 1096 845 1146 prophetiam
867 1095 1081 1143 requiratur
1101 1093 1299 1143 dispositio
1329 1106 1395 1131 na-

342 1154 384 1198 ’ᾴ
401 1169 458 1189 v>
474 1139 675 1187 'turalis
701 1148 908 1198 Prophetia
929 1149 1030 1185 enirn
1054 1148 1230 1197 recipitur
1249 1148 1286 1184 in
1307 1160 1395 1196 pro-

341 1184 366 1215 p
382 1182 471 1241 ἑὛ
495 1199 651 1253 &pheta
671 1203 883 1240 secundum
901 1202 1192 1252 dispositionem
1214 1201 1396 1250 reeipien-

325 1261 380 1297 tis.
412 1259 512 1306 Quia
541 1269 656 1306 super
677 1256 768 1293 illud
799 1259 922 1293 Amos
939 1269 948 1293 1
967 1256 999 1302 ²¹³,
1029 1256 1219 1293 Dominus
1238 1256 1285 1292 de
1304 1256 1393 1292 Sion

324 1314 467 1363 rugiet,
498 1311 586 1348 dicit
620 1309 785 1358 glossa*
821 1309 1072 1358 Hieronymi:
1115 1309 1307 1347 Naturale
1344 1315 1422 1356 est5

326 1373 364 1404 ut
391 1377 519 1403 omnes
547 1365 614 1413 qui
639 1364 772 1400 volunt
797 1375 878 1400 rem
907 1364 966 1401 rei
991 1375 1238 1412 comparare,
1267 1375 1318 1399 ex
1343 1363 1396 1400 eis
1421 1362 1423 1380 ³

324 1421 434 1457 rebus
461 1423 614 1455 sumant
640 1417 944 1465 comparationes
963 1429 1058 1466 quas
1075 1423 1164 1454 sunt
1189 1416 1337 1464 experti
1362 1422 1398 1453 et
1421 1447 1423 1449 ,

325 1475 361 1511 in
382 1473 514 1522 quibus
535 1477 552 1492 ²
579 1477 665 1508 sunt
684 1471 815 1508 nutriti
821 1485 832 1508 :
856 1472 965 1508 verbi
988 1471 1130 1521 gratia,
1152 1476 1291 1508 nautae
1308 1481 1396 1507 suos

325 1581 385 1618 Sic
412 1586 447 1617 et
473 1580 612 1624 Amos,
643 1579 710 1627 qui
721 1579 807 1626 suit
828 1584 964 1627 pastor
983 1590 1192 1626 pecorum,
1223 1579 1396 1615 timorem

324 1689 361 1725 in
391 1687 518 1736 aliquo
548 1686 762 1723 seeundum
792 1685 955 1723 modum
986 1686 1214 1735 recipientis,
1244 1685 1399 1734 requirit

325 1742 536 1779 naturalem
561 1739 864 1788 dispositionem.
896 1741 998 1788 Ergo
1019 1739 1222 1789 prophetia
1242 1739 1400 1788 requirit

324 1795 536 1832 naturalem
567 1793 871 1842 dispositionem.

325 1914 441 1951 quam
478 1901 657 1939 scientiae
694 1901 911 1949 acquisitae.
953 1901 1030 1938 Sed
1059 1900 1300 1950 indispositio
1334 1913 1399 1938 na-

324 1955 452 1992 turalis
489 1955 647 2004 impedit
685 1955 985 2004 speculationem
1025 1954 1204 1992 scientiae
1242 1947 1426 2005 acquisi-³

325 2018 401 2046 tae:
433 2010 541 2046 multi
570 2009 686 2055 enim,
717 2021 762 2045 ex
791 2008 1081 2058 indispositione
1107 2008 1283 2055 naturali,
1314 2022 1399 2059 per·

323 2063 466 2110 tingere
495 2075 574 2100 non
601 2070 762 2111 possunt
790 2063 839 2099 ad
867 2062 1110 2100 scientiarum
1140 2063 1400 2111 speculamina
1425 2080 1427 2090 >

326 2116 511 2165 capienda
526 2114 552 2154 β.
584 2117 706 2153 Multo
738 2128 826 2164 ergo
856 2116 977 2165 magis
1006 2115 1208 2165 requiritur
1230 2117 1279 2155 ad
1309 2130 1399 2154 con·
1425 2118 1426 2121 ’

325 2170 615 2218 templationem
644 2169 920 2219 propheticam.

382 2224 416 2260 3.
442 2222 680 2266 ΡΒΑΕΤΕΒΕΑ,
703 2223 940 2271 indispositio
971 2222 1151 2260 naturalis
1178 2223 1301 2271 magis
1329 2224 1399 2261 im-

326 2277 431 2325 pedit
459 2276 628 2325 aliquem
658 2289 777 2324 quarn
806 2276 1127 2325 impedimentum
1153 2277 1398 2314 accidentale.

329 2330 405 2366 Sed
435 2342 503 2378 per
531 2329 673 2379 aliquid
703 2330 935 2367 accidentale
974 2329 1250 2378 superveniens
1280 2331 1400 2380 impe-

328 2383 426 2420 ditur
454 2383 663 2432 speculatio
691 2383 930 2432 prophetiae:
962 2383 1052 2420 dicit
1080 2383 1183 2420 enim
1208 2383 1398 2432 Hierony·
1425 2409 1426 2430 3

329 2449 427 2483 mus,
447 2448 561 2484 super
586 2437 726 2474 Matth.
746 2436 778 2483 *‚
809 2437 914 2486 quod
943 2443 1119 2488 tempore·
1133 2436 1196 2473 illo
1216 2449 1290 2486 quo
1310 2450 1398 2475 con-

329 2490 475 2539 iugales
503 2496 608 2527 actus
635 2496 834 2539 geruntur,
853 2491 1068 2539 praesentia
1093 2490 1252 2539 Spiritus
1272 2492 1402 2528 Sancti

329 2556 402 2580 non
433 2544 604 2580 dabitur:
633 2544 745 2580 etiam
773 2545 808 2581 si
823 2546 1009 2593 propheta
1038 2557 1116 2581 esse
1134 2545 1307 2581 videatur
1334 2545 1400 2594 qui
1424 2568 1427 2576 ›

328 2597 454 2645 officio
473 2597 729 2646 generationis
749 2599 974 2647 obsequitur.
1005 2598 1108 2646 Ergo
1130 2599 1251 2635 multo
1277 2598 1399 2647 magis

328 2650 565 2699 indispositio
595 2651 775 2688 naturalis
804 2651 964 2700 impedit
983 2651 1239 2700 prophetiam.
1270 2653 1319 2689 Et
1347 2652 1400 2689 sic
1424 2689 1426 2708 ᾧ

327 2704 479 2740 videtur
506 2703 613 2752 quod
648 2704 752 2741 bona
785 2705 985 2754 dispositio
1023 2705 1205 2742 naturalis
1234 2706 1282 2743 ad
1310 2718 1398 2755 pro-

328 2757 495 2806 phetiam
527 2757 751 2806 requiratur.

382 2811 457 2848 SED
487 2822 634 2848 CONTRA
658 2823 725 2849 EST
751 2812 855 2861 quod
885 2812 1092 2860 Gregorius
1122 2811 1221 2859 dicit,
1251 2812 1289 2850 in
1319 2813 1399 2850 Ho-

329 2863 431 2901 milia
458 2865 704 2902 Pentecostes
723 2864 763 2902 *ε
793 2865 939 2914 Implet,
961 2865 1102 2903 scilicet
1122 2865 1283 2916 Spiritus
1304 2867 1398 2904 San-

329 2925 430 2964 ctus,
460 2918 718 2956 citharaedum
748 2931 935 2968 puerum,
964 2925 1000 2956 et
1020 2919 1258 2968 psalmistam
1276 2921 1399 2969 facit:

322 2977 516 3020 pastorem
536 2978 798 3010 armentorum
817 2978 833 3002 Υ
857 2985 1079 3021 sycomoros
1098 2974 1346 3020 vellicantem,
1366 2980 1403 3011 et

322 3025 548 3074 prophetam
557 3026 669 3075 facit.
701 3027 793 3064 Non
814 3039 904 3075 ergo
925 3027 1126 3075 requiritur
1145 3027 1273 3076 aliqua
1293 3040 1400 3077 prae·

330 3079 470 3115 cedens
503 3079 700 3129 dispositio
730 3080 778 3117 ad
807 3081 1072 3130 prophetiam,
1112 3081 1179 3118 sed
1209 3081 1401 3131 dependet

330 3143 374 3168 ex
394 3132 475 3169 sola
493 3133 692 3170 voluntate
722 3133 884 3183 Spiritus
905 3134 1044 3181 Sancti,
1067 3134 1115 3172 de
1144 3147 1222 3184 quo
1252 3134 1398 3182 dicitur,

383 3248 410 3276 οι)
430 3246 532 3278 quibus.
550 3260 569 3266 -
587 3247 666 3272 rebus
684 3247 778 3280 quibus
798 3248 844 3273 Pa.

383 3280 407 3313 β)
427 3282 600 3308 scientiarum
625 3283 807 3315 speculamina
825 3283 966 3316 capienda.
978 3297 996 3303 -
1009 3285 1136 3310 scientias
1159 3285 1338 3317 speculativas
1357 3293 1402 3311 ca-

327 3317 443 3348 piendas
462 3318 496 3348 Ρ;
516 3326 564 3351 pro
583 3318 764 3349 scientiarum,
783 3319 911 3345 scientiae
930 3320 971 3346 ed.
990 3327 1015 3346 a.

383 3356 408 3386 γ)
429 3358 621 3380 armentorum.
634 3369 652 3374 —
670 3356 868 3381 armentarium
887 3356 1076 3390 ADEFHLpC,
1095 3359 1280 3382 armentar-um
1300 3357 1329 3382 Β.

1450 1042 1463 1076 I
1484 1041 1536 1078 ad
1558 1042 1646 1078 Cor.
1667 1053 1715 1078 xu
1733 1041 1774 1078 *ε
1803 1043 1918 1079 Haec
1936 1043 2066 1080 omnia
2086 1049 2267 1092 operatur
2287 1056 2383 1082 unus
2411 1052 2524 1094 atque

1449 1094 1547 1131 idem
1577 1095 1748 1143 Spiritus,
1777 1096 1945 1133 dividens
1971 1096 2131 1147 singulis
2153 1103 2272 1145 prout
2297 1098 2388 1134 vult.

1503 1149 1731 1186 REspounsso
1760 1160 1946 1187 meantum
1966 1150 2090 1199 quod,¹
2115 1151 2211 1188 sicut
2240 1150 2385 1188 dictum
2415 1160 2472 1189 est
2489 1151 2521 1199 ²¹⁸,
2551 1159 2561 1169 ⁴

1450 1202 1651 1251 prophetia
1678 1215 1772 1240 vere
1801 1211 1838 1240 et
1866 1203 2088 1252 simpliciter
2116 1204 2214 1242 dicta
2249 1212 2306 1242 est
2335 1217 2381 1242 ex
2408 1205 2524 1255 inspi—

1450 1255 1596 1293 ratione
1625 1256 1775 1294 divina:
1815 1269 1916 1306 quae
1945 1265 2075 1294 autem
2105 1265 2162 1295 est
2190 1269 2235 1294 ex
2264 1269 2381 1296 eausa
2418 1266 2526 1297 natu-

1450 1309 1539 1356 rali,
1570 1322 1649 1347 non
1679 1310 1815 1348 dicitur
1841 1311 2045 1360 prophetia
2074 1311 2147 1348 nisi
2175 1311 2390 1349 secundum
2421 1313 2524 1362 quid.

1450 1363 1519 1400 Est
1542 1371 1671 1401 autem
1693 1363 2018 1402 considerandum
2039 1365 2158 1413 quod,
2179 1365 2275 1402 sicut
2294 1366 2414 1413 Deus,
2435 1366 2526 1416 quia

1451 1424 1507 1454 est
1535 1429 1650 1454 causa
1688 1417 1914 1455 universalis
1941 1418 1980 1455 in
2009 1418 2178 1466 agendo,
2209 1431 2288 1456 non
2320 1420 2527 1469 praeexigit

1421 1490 1423 1524 ι
1450 1470 1662 1518 materiam,
1697 1483 1768 1508 nec
1805 1471 1973 1520 aliquam
2008 1472 2190 1510 materiae
2219 1472 2526 1522 dispositionem,

324 1527 494 1564 inimicos
522 1525 660 1570 ventis,
690 1525 874 1561 damnum
911 1525 1120 1575 naufragio
1158 1530 1394 1573 comparant.
1422 1555 1423 1575 ἢ

1450 1524 1489 1561 in
1525 1524 1789 1574 corporalibus
1827 1525 2046 1572 effectibus,
2077 1526 2145 1563 sed
2179 1525 2294 1563 simul
2330 1534 2458 1576 potest
2490 1535 2527 1565 et

1422 1598 1424 1634 ι
1450 1578 1651 1616 materiam
1681 1587 1717 1616 et
1743 1578 2035 1628 dispositionem
2066 1587 2103 1616 et
2130 1579 2295 1617 formam
2324 1580 2526 1627 inducere;

326 1635 399 1671 Dei
424 1633 570 1683 rugitui
597 1632 714 1669 leonis
741 1632 934 1669 assimilat.
975 1633 1053 1669 Sed
1083 1632 1188 1682 quod
1219 1631 1398 1681 recipitur
1422 1637 1424 1654 ²

1450 1632 1501 1669 ita
1523 1632 1637 1670 etiam
1657 1632 1695 1669 in
1715 1632 1915 1670 effectibus
1935 1633 2194 1682 spiritualibus
2213 1645 2292 1671 non
2319 1634 2530 1684 praeexigit

1451 1686 1621 1734 aliquam
1651 1686 1954 1735 dispositionem,
1976 1687 2043 1725 sed
2063 1694 2190 1736 potest
2217 1687 2330 1725 simul
2359 1700 2448 1726 cum
2477 1688 2528 1726 ef-

1451 1740 1551 1776 fectu
1572 1739 1757 1789 spirituali
1776 1739 1960 1778 inducere
1981 1740 2274 1790 dispositionem
2295 1741 2528 1780 convenien-

1423 1790 1426 1833 ἓ
1452 1801 1542 1839 tem,
1565 1793 1688 1841 qualis
1708 1793 1965 1842 requireretur
1982 1792 1996 1816 ὅ
2024 1795 2238 1832 secundum
2265 1794 2442 1833 ordinem
2462 1807 2528 1834 na-

379 1860 413 1885 2.
444 1850 679 1895 Pmmaam,
710 1847 918 1895 speculatio
947 1846 1172 1896 prophetiae
1202 1854 1259 1883 est
1289 1846 1399 1883 altior
1424 1855 1426 1874 1

1452 1854 1570 1884 turae.
1610 1847 1660 1884 Et
1686 1846 1843 1884 ulterius
1871 1855 2002 1896 posset
2035 1848 2148 1885 etiam
2178 1848 2292 1886 simul
2327 1860 2397 1897 per
2424 1861 2527 1887 crea-

1451 1900 1595 1938 tionem
1632 1900 1847 1950 producere
1885 1901 2011 1950 ipsum
2046 1901 2281 1939 subiectum:
2319 1909 2361 1939 ut
2388 1902 2529 1941 scilicet

1453 1954 1623 1992 animam
1653 1954 1692 1991 in
1721 1954 1803 2003 ipsa
1822 1954 1880 1992 sui
1909 1954 2102 1992 creatione
2132 1954 2352 2004 disponeret
2371 1955 2421 1994 ad
2439 1968 2528 2005 pro·

1452 2008 1636 2058 phetiam,
1659 2016 1695 2045 et
1724 2009 1831 2045 daret
1850 2013 1862 2029 ⁸
1892 2008 1926 2045 ei
1953 2008 2114 2057 gratiam
2143 2009 2423 2058 prophetalem.

1506 2064 1566 2100 AD
1595 2073 1734 2099 prunum
1763 2073 1864 2100 ano
1884 2073 2072 2100 mcanmm
2092 2062 2198 2112 quod
2222 2062 2446 2100 indifferens
2474 2070 2531 2101 est

1453 2117 1501 2153 ad
1530 2115 1773 2165 prophetiam
1803 2115 2112 2165 quibuscumque
2132 2116 2442 2154 similitudinibus
2469 2129 2531 2155 rec

1425 2177 1426 2212 ς
1453 2170 1677 2219 prophetica
1697 2169 1941 2218 exprimatur.
1967 2170 2017 2207 Et
2036 2169 2127 2207 ideo
2144 2170 2221 2208 hoc
2241 2181 2286 2207 ex
2305 2170 2530 2219 operatione

1454 2223 1584 2261 divina
1613 2236 1692 2260 non
1717 2223 1940 2261 immutatur
1959 2223 2059 2262 circa
2078 2224 2309 2273 prophetam
2329 2222 2353 2262 t·
2384 2224 2530 2262 Remo-

1425 2309 1426 2312 ,
1451 2285 1566 2314 vetur
1603 2284 1732 2314 autem
1771 2276 1900 2315 divina
1927 2277 2086 2325 virtute,
2117 2277 2147 2315 si
2174 2277 2267 2326 quid
2304 2277 2530 2327 prophetiae

1453 2338 1653 2378 repugnat.

1506 2386 1566 2420 An
1594 2395 1788 2421 secunaum
1818 2394 2004 2420 mcauoum
2033 2384 2138 2433 quod
2166 2383 2376 2434 speculatio
2410 2384 2531 2422 scien-

1453 2437 1525 2474 tiae
1545 2437 1589 2474 fit
1609 2448 1654 2474 ex
1674 2449 1790 2474 causa
1818 2436 1990 2474 naturali.
2021 2437 2168 2475 Natura
2187 2444 2317 2474 autem
2336 2449 2416 2475 non
2444 2445 2529 2487 pot-

1454 2499 1510 2528 est
1538 2490 1689 2540 operari
1717 2490 1788 2527 nisi
1818 2490 2065 2540 dispositione
2098 2490 2352 2540 praecedente
2381 2491 2420 2528 in
2449 2503 2529 2528 ma-

1452 2544 1555 2582 teria.
1596 2544 1713 2591 Quod
1742 2555 1821 2581 non
1851 2551 1907 2582 est
1935 2544 2142 2582 dicendum
2173 2545 2220 2582 de
2249 2545 2348 2590 Deo,
2375 2544 2442 2594 qui
2474 2552 2532 2582 est

1453 2598 1678 2647 prophetiae
1709 2598 1836 2635 causa.

1506 2653 1565 2688 Αι)
1585 2663 1747 2688 τεκτιυΜ
1767 2662 1955 2688 DlCENDUM
1975 2653 2080 2699 quod
2108 2651 2238 2700 aliqua
2266 2650 2447 2689 naturalis
2474 2650 2531 2689 in-

1454 2705 1665 2754 dispositio,
1696 2704 1727 2742 si
1756 2717 1836 2742 non
1865 2712 2154 2753 removeretur,
2184 2704 2373 2755 impedire
2401 2713 2533 2755 posset

1451 2759 1719 2809 prophetalem
1750 2757 2047 2796 revelationem:
2076 2766 2170 2808 puta
2197 2759 2229 2796 si
2258 2758 2394 2808 aliquis
2430 2751 2531 2796 esset

1452 2812 1617 2850 totaliter
1636 2824 1752 2850 sensu
1772 2811 1934 2850 naturali
1954 2812 2167 2850 destitutus.
2198 2812 2304 2850 Sicut
2323 2811 2440 2850 etiam
2459 2811 2530 2850 im-

1425 2895 1426 2912 i
1452 2866 1604 2917 peditur
1632 2866 1767 2916 aliquis
1795 2867 1844 2903 ab
1873 2873 1960 2903 actu
1979 2866 2333 2916 prophetandiper
2361 2865 2529 2915 aliquam

1453 2921 1727 2958 vehementem
1748 2919 1969 2969 passionem
1989 2920 2051 2957 vel
2071 2920 2148 2958 irae
2167 2921 2230 2958 vel
2257 2918 2531 2968 concupiscen-

1453 2974 1546 3020 tiae,
1575 2973 1699 3022 qualis
1737 2981 1793 3010 est
1821 2973 1860 3011 in
1896 2973 2016 3021 coitu,
2045 2975 2110 3011 vel
2137 2985 2207 3024 per
2241 2984 2545 3023 quamcumque·

1425 3044 1427 3066 ς
1454 3027 1568 3065 aliam
1598 3027 1830 3077 passionem.
1862 3027 1939 3065 Sed
1962 3028 2078 3064 talem
2107 3026 2439 3076 indispositionem
2464 3038 2529 3064 na·

1453 3082 1615 3119 turalem
1645 3088 1823 3119 removet
1849 3080 1970 3118 virtus
1999 3080 2140 3128 divina,
2162 3091 2260 3130 quae
2289 3087 2344 3118 est
2363 3079 2529 3130 prophe-

1454 3143 1528 3173 tiae
1557 3147 1683 3173 causa.

1509 3247 1534 3281 δ)
1554 3249 1747 3282 requireretur.
1759 3262 1779 3268 -
1796 3248 1950 3281 requiretur
1967 3246 2134 3280 DEHKLpC,
2154 3247 2304 3280 requiritur
2322 3247 2370 3274 Pa.

1480 3320 1485 3327 ι
1509 3285 1532 3317 ε)
1552 3288 1582 3310 ut
1599 3285 1702 3311 scilicet
1719 3284 1864 3310 animam...
1883 3283 2063 3316 disponeret...
2083 3283 2171 3309 daret.
2183 3297 2200 3302 —
2218 3283 2320 3310 scilicet
2337 3282 2457 3309 animan·
2476 3285 2529 3309 et...

1456 3319 1938 3389 &niinssfn'ihfftfnffi'pmpmam
1958 3353 2109 3380 ΡΕι-Ὴιεο
2128 3359 2154 3380 et
2171 3361 2197 3381 a.

1006 3435 1346 3468 Commentario
1367 3435 1625 3470 Oardinalss
1645 3434 1853 3469 Caietam

336 3522 382 3585 Iu
407 3511 539 3543 articulo
563 3512 655 3544 tertio
679 3513 822 3544 eiusdem
846 3514 1403 3555 centesimaeseptuagesimaesecun-

364 3556 422 3586 dae
441 3556 646 3596 quaestionis,
664 3564 740 3587 nota
763 3558 851 3598 quod
869 3558 1072 3599 prophetiam
1087 3559 1208 3599 exigere
1225 3558 1401 3590 naturalem

334 3599 576 3641 dispositionem
601 3601 633 3631 in
657 3601 822 3641 propheta,
848 3609 952 3642 potest
974 3603 1105 3643 intelligi
1130 3602 1306 3643 dupliciter.
1331 3602 1400 3633 Pri-

334 3655 399 3681 mo,
425 3645 463 3675 de
486 3645 557 3685 ipso
582 3645 669 3675 dono
695 3645 879 3685 prophetiae
899 3647 1075 3678 secundum
1093 3657 1135 3678 se.
1161 3647 1202 3678 Et
1216 3647 1260 3678 sic
1277 3652 1401 3677 constat

1455 3514 1546 3555 quod
1569 3513 1663 3554 exigit
1686 3519 1717 3544 et
1739 3513 1880 3554 aliquam
1903 3512 2164 3554 dispositionem,
2188 3521 2219 3545 et
2241 3514 2332 3555 quod
2353 3513 2529 3554 impeditur

1456 3567 1512 3598 per
1526 3557 1667 3598 aliquam
1683 3557 1972 3598 indispositionem.
1987 3558 2071 3588 Nam
2084 3558 2179 3599 exigit
2193 3557 2432 3599 imaginativam
2447 3558 2527 3589 bene

1455 3609 1674 3642 praeparatam
1702 3602 1742 3632 ad
1765 3601 2011 3634 ministrandum
2034 3612 2090 3634 seu
2115 3602 2361 3644 obsequendum
2388 3601 2527 3644 prophe-

1454 3646 1533 3676 ticae
1557 3645 1686 3686 visioni:
1712 3646 1866 3687 quoniam
1891 3646 1996 3677 divina
2019 3647 2212 3683 illuminatio
2236 3646 2458 3678 circumvelata
2481 3653 2528 3678 est

2548 488 2558 497 ⁶
2570 486 2640 508 Prov.
2651 493 2702 515 cap.
2714 493 2761 512 xxi.

2547 519 2605 535 ven.
2622 519 2637 535 ι.

2550 1058 2559 1067 ·
2573 1055 2642 1078 ναι-ι.
2656 1061 2684 1078 ιι.
