2768 4198
956 277 1223 323 QUAESTIO
1254 282 1500 330 CLXXXVI,
1530 286 1826 324 ARTlCULUS
1855 288 1891 324 V

327 360 405 389 tem
435 351 500 400 qui
528 351 605 388 iarn
635 361 723 389 sunt
750 353 1026 401 perfectionem
1055 357 1196 405 adepti,
1227 360 1393 397 maxime
1419 370 1421 374 ·

326 405 494 455 prompti
527 412 613 442 sunt
648 405 696 442 ad
726 406 1007 444 obediendum:
1047 421 1125 446 non
1159 411 1266 459 quasi
1299 412 1393 449 indi—

326 467 456 507 gentes
486 458 592 506 dirigi
621 459 670 495 ad
698 459 974 506 perfectionem
1003 462 1296 509 acquirendam;
1326 466 1393 502 sed

327 513 435 562 quasi
467 524 536 561 per
569 513 644 548 hoc
676 524 717 548 se
747 521 1019 550 conservantes
1052 514 1089 550 in
1126 528 1171 552 eo
1207 519 1310 563 quod
1345 519 1392 555 ad

325 566 602 615 perfectionem
631 565 805 613 pertinet.

380 622 440 656 An
467 630 628 655 TERTmM
657 629 842 655 morannum
871 620 973 666 quod
998 619 1183 657 subiectio
1204 621 1394 669 religioso-

327 685 412 709 rum
449 671 705 720 principaliter
741 671 944 708 attenditur
981 673 1028 709 ad
1068 672 1290 722 episcopos,
1330 676 1421 722 qui³

327 733 600 774 comparantur
634 725 682 762 ad
712 738 779 762 eos
814 724 910 762 sicut
937 726 1166 773 perfectores
1195 727 1244 763 ad
1272 729 1393 775 perfe-

327 788 419 826 ctos,
436 786 476 815 ut
495 786 597 827 patet
616 790 685 827 per
700 778 943 827 Dionysium,
959 790 995 815 vt
1011 791 1095 826 cap.
1110 779 1252 816 Eccles.
1267 781 1394 818 Hier..·
1420 780 1421 818 ξ

2432 297 2508 343 495

1450 362 1692 401 dilectionem
1721 365 1793 401 Dei
1816 374 1853 402 et
1871 367 2046 415 proximi,
2068 368 2162 405 sicut
2190 370 2405 408 confricatio
2427 373 2510 409 bar-

1449 415 1520 451 bae
1545 417 1607 452 vel
1636 418 1774 454 levatio
1812 419 1977 456 festucae
1998 421 2044 457 de
2066 429 2162 458 terra
2182 430 2219 458 et
2246 423 2391 471 similia,
2413 438 2510 473 quae

1448 479 1526 504 non
1555 470 1693 506 cadunt
1722 472 1791 507 sub
1816 479 1908 508 voto
1936 473 2030 509 vel(
2059 475 2129 510 sub
2166 475 2400 522 obedientia3
2430 479 2508 526 qui-

1449 520 1536 556 dam
1566 533 1658 558 vero
1689 523 1802 560 etiam
1832 525 2106 563 contrariantur
2134 527 2312 575 religioni.
2349 530 2432 566 Nec
2457 539 2511 567 est

1448 572 1567 609 simile
1588 574 1634 610 de
1654 584 1745 612 voto
1763 577 2024 625 continentiae,
2040 592 2108 627 per
2127 593 2242 629 quam
2264 583 2511 620 excluduntur

1448 633 1552 662 actus
1572 628 1728 664 omnino
1753 630 1971 677 perfectioni
1991 632 2178 680 religionis
2199 635 2384 671 contrarii.

1501 681 1558 736 ᾼι)
1579 691 1741 721 QUINTUM
1762 693 1945 720 mCENDuM
1966 686 2068 732 quod
2089 686 2292 724 necessitas
2308 688 2509 726 coactionis

1449 730 1534 767 facit
1575 732 1892 781 involuntarium,
1933 744 1967 772 et
2001 737 2088 774 ideo
2124 740 2285 777 excludit
2322 741 2508 778 rationem

1449 783 1570 819 laudis
1600 793 1635 821 et
1663 786 1797 823 meriti.
1829 788 1905 824 Sed
1934 790 2136 828 necessitas
2160 804 2399 841 consequens
2419 795 2509 831 obe-

325 832 391 868 ubi
421 832 535 868 etiam
565 831 653 868 dicit
681 832 786 880 quod
824 833 1099 868 monachorum
1128 833 1220 868 ordo
1243 834 1394 882 pontifi-
1420 820 1422 882 l
1451 836 1629 873 dientiam
1651 850 1729 874 non
1750 847 1804 875 est
1824 842 2026 878 necessitas
2047 845 2262 892 coactionis,
2283 847 2349 883 sed
2369 847 2507 884 liberae

325 897 412 922 cum
442 886 752 922 consummativis
778 885 977 922 virtutibus
1005 885 1257 934 mancipatur,
1280 892 1316 923 et
1341 888 1395 923 di·
1420 889 1422 942 ζ
1448 890 1671 937 voluntatis,
1706 891 1928 939 inquantum
1958 895 2076 932 homo
2105 899 2186 933 vult
2215 899 2386 936 obedire:
2424 900 2509 938 licet

325 939 422 976 vinis
450 951 583 975 eorum
617 938 951 975 illuminationibus
983 939 1169 975 edocetur.
1205 939 1317 976 Unde
1346 941 1394 976 ab
1449 942 1545 978 forte
1574 955 1651 979 non
1679 945 1793 980 vellet
1822 945 1911 982 illud
1932 948 2035 995 quod
2055 950 2267 998 mandatur,
2298 953 2508 990 secundum

81 1103 135 1128 ·n.
148 1104 200 1133 ⁵⁸⁶.

326 992 597 1041 episcoporum
628 991 845 1029 obedientia
874 1004 945 1028 nec
973 992 1167 1038 eremitae,
1188 1004 1259 1028 nec
1283 993 1395 1030 etiam
1420 1017 1422 1043 {

324 1046 482 1095 praelati
512 1045 738 1094 religionum
769 1053 1006 1082 excusantur.
1037 1046 1086 1081 Et
1114 1045 1143 1082 si
1163 1058 1186 1082 a
1205 1045 1395 1083 dioecesa—
1421 1045 1422 1080 ἰ

325 1111 383 1136 n1s
404 1098 593 1148 episcopis
617 1099 779 1136 totaliter
795 1099 859 1136 vel
879 1098 917 1135 in
935 1106 1043 1147 parte
1070 1106 1158 1135 sunt
1187 1099 1352 1147 exempti
1362 1099 1393 1147 *,

326 1153 542 1202 obligantur
569 1159 698 1189 tamen
728 1151 777 1189 ad
806 1151 1069 1189 obediendum
1099 1152 1264 1188 Summo
1294 1153 1394 1190 Pon-

322 1313 379 1350 ad*
401 1309 637 1362 disciplinam
667 1312 870 1361 religionis.

321 1473 468 1510 tionem
496 1473 611 1510 totius
630 1473 824 1531 humanae
843 1472 956 1510 vitae.
987 1473 1037 1509 Et
1064 1473 1276 1509 secundum
1306 1473 1392 1519 hoc,

321 1534 458 1564 votum
488 1526 726 1564 obedientiae
760 1526 877 1563 habet
909 1525 1104 1575 quandam
1134 1526 1395 1564 universalita-

320 1588 420 1617 tem:
449 1580 534 1617 licet
562 1592 641 1617 non
666 1592 706 1616 se
727 1579 904 1617 extendat
923 1580 972 1617 ad
993 1591 1131 1616 omnes
1150 1580 1394 1629 particulares

320 1641 446 1680 actus;
476 1645 642 1683 quorum
673 1633 830 1682 quidam
859 1633 909 1670 ad
939 1633 1161 1682 religionem
1197 1645 1275 1670 non
1309 1646 1393 1683 per·
1420 1649 1421 1654 ¹

319 1686 451 1735 tinent,
480 1687 571 1736 quia
600 1699 679 1724 non
708 1694 797 1724 sunt
825 1686 874 1724 de
904 1687 1020 1724 rebus
1047 1686 1326 1736 pertinentibus
1346 1687 1396 1725 ad
1420 1695 1422 1710 ³

1450 1007 1490 1031 se
1520 996 1815 1044 consideratum,
1845 998 2015 1047 implere.
2055 1002 2103 1038 Et
2131 1003 2233 1049 ideo,
2264 1005 2351 1052 quia
2380 1018 2508 1043 neces-

1450 1048 1547 1085 sitati
1572 1049 1696 1098 aliqua
1724 1050 1884 1087 faciendi
1914 1064 2012 1099 quae
2033 1056 2243 1092 secundum
2265 1069 2305 1092 se
2325 1070 2402 1094 non
2430 1060 2507 1106 pla—

1450 1110 1555 1148 cent,
1593 1115 1662 1150 per
1688 1110 1823 1139 votum
1857 1104 2095 1143 obedientiae
2132 1108 2250 1144 homo
2286 1122 2325 1146 se
2362 1111 2508 1148 subiicit

1420 1170 1422 1194 t
1449 1163 1604 1203 propter
1632 1157 1781 1201 Deum3
1812 1169 1856 1192 ex
1876 1162 1894 1184 η
1914 1158 1988 1194 hoc
2007 1159 2089 1207 ipso
2112 1173 2156 1197 ea
2184 1174 2280 1209 quae
2309 1163 2395 1200 facit
2423 1173 2509 1201 sunt

324 1206 436 1253 tifici,
475 1217 555 1243 non
590 1206 715 1242 solum
751 1205 789 1242 in
825 1206 883 1242 his
916 1217 1014 1255 quae
1049 1213 1137 1242 sunt
1172 1206 1422 1250 communiaj

324 1259 417 1308 aliis,
447 1259 515 1297 sed
534 1259 659 1299 ,etiam
688 1259 727 1296 in
755 1258 813 1296 his
842 1271 941 1308 quae
964 1259 1178 1308 specialiter
1205 1259 1396 1307 pertinent
1420 1257 1422 1275 ²

1420 1336 1422 1363 1
1449 1314 1643 1363 propriam
1671 1316 1906 1353 voluntatem
1934 1325 2089 1366 propter
2117 1319 2241 1367 ipsum
2271 1321 2422 1358 alterius
2439 1335 2508 1359 vo-

376 1368 435 1404 An
455 1378 629 1409 QUARTUM
649 1377 834 1404 mesanum
855 1366 960 1414 quod
988 1372 1126 1402 votum
1155 1365 1394 1402 obedientiae
1420 1367 1421 1370 ’

321 1420 373 1457 ad
401 1420 622 1469 religionem
660 1419 853 1468 pertinens
886 1431 926 1456 se
957 1418 1123 1456 extendit
1156 1418 1205 1456 ad
1235 1419 1394 1468 disposi-
1420 1463 1422 1472 y

1448 1209 1534 1244 Deo
1564 1209 1685 1256 magis
1714 1218 1882 1258 accepta,
1913 1211 2026 1248 etiam
2056 1213 2086 1249 si
2115 1213 2187 1250 sint
2215 1214 2383 1253 minora:
2422 1218 2508 1266 quia

1449 1261 1539 1298 nihil
1568 1262 1690 1298 maius
1719 1262 1838 1299 homo
1867 1271 1992 1312 potest
2019 1266 2104 1302 Deo
2134 1266 2223 1303 dare
2259 1280 2375 1315 quam
2404 1271 2507 1318 quod

1449 1367 1580 1404 luntati
1609 1368 1791 1406 subiiciat.
1821 1370 1932 1407 Unde
1961 1370 1998 1407 in
2033 1371 2297 1410 Collationibus
2315 1375 2470 1412 Patrum
2489 1376 2510 1398 '¹‘

1450 1421 1584 1458 dicitur
1618 1422 1862 1459 deterrimum
1890 1435 2011 1472 genus
2038 1427 2309 1463 monachorum
2338 1439 2415 1464 esse
2442 1430 2508 1466 Sa-

1448 1475 1627 1521 rabaitas,
1657 1475 1732 1523 qui,
1759 1487 1847 1512 suas
1875 1477 2106 1514 necessitates
2138 1485 2322 1526 curantes,
2351 1482 2511 1518 absoluti

1448 1539 1472 1564 a
1499 1528 1692 1564 seniorum
1722 1529 1825 1578 iugo,
1848 1529 1987 1566 hahent
2013 1530 2218 1568 libertatem
2247 1534 2387 1582 agendi
2412 1536 2512 1582 quod

1449 1581 1591 1618 libitum
1612 1582 1760 1630 fuerit:
1795 1588 1831 1618 et
1856 1587 1979 1619 tamen
2013 1584 2138 1633 magis
2170 1596 2282 1632 quam
2311 1587 2352 1622 hi
2377 1587 2442 1635 qui
2472 1588 2508 1624 in

1448 1635 1636 1671 coenobiis
1666 1635 1818 1684 degunt,
1849 1635 1886 1672 in
1915 1636 2089 1684 operibus
2117 1637 2244 1674 diebus
2271 1650 2318 1675 ac
2345 1640 2511 1677 noctibus

1448 1694 1732 1725 consumuntur.

370 1801 396 1834 ζ)
417 1802 467 1828 vel.
478 1816 499 1822 —
516 1805 543 1827 et
561 1802 591 1832 F..
611 1809 658 1827 nec
677 1803 710 1834 H,
729 1802 778 1827 sed
797 1802 875 1827 ceteri
894 1806 920 1827 et
939 1802 986 1827 Pa.

1501 1803 1529 1835 η)
1549 1810 1594 1828 ex.
1606 1816 1626 1822 -
1643 1806 1671 1828 et
1689 1803 1841 1835 ABDleC,
1860 1807 1887 1829 et
1904 1811 1942 1829 ex
1960 1805 2000 1830 ed.
2019 1812 2044 1830 a.

988 1874 1328 1907 Commentariis
1350 1874 1604 1907 Cardinalis
1625 1874 1828 1907 Caietam

347 1958 368 1978 n
391 1947 525 1979 articulo
549 1947 663 1989 quinto
687 1947 831 1978 eiusdem
856 1947 1069 1988 quaestionis,
1101 1954 1178 1978 nota
1201 1947 1292 1988 quod
1315 1947 1389 1978 obe-

321 1959 476 2029 Idienfia,
493 1992 576 2024 sicut
591 1999 622 2023 et
637 1991 698 2023 alia
718 1992 784 2023 duo
800 1999 875 2023 vota
891 1991 924 2022 in
941 1991 1059 2033 quibus
1078 1991 1189 2031 religio
1206 1991 1388 2028 consistit,-

317 2046 384 2068 non
407 2044 482 2069 sunt
511 2037 550 2068 de
583 2037 704 2068 ratione
736 2036 939 2077 perfectionis
970 2043 1026 2067 aut
1055 2043 1156 2068 status
1186 2036 1388 2077 perfectionis

316 2081 477 2114 absolute:
495 2078 567 2113 sed
595 2082 634 2112 de
657 2081 779 2112 ratione
803 2081 1006 2122 perfectionis
1029 2081 1210 2121 religiosae,
1236 2088 1267 2112 et
1289 2088 1388 2111 status

315 2125 518 2167 perfectionis
537 2126 770 2167 religiosorum.
794 2125 882 2156 Nam
895 2125 1083 2167 episcopalis
1099 2131 1199 2156 status
1222 2125 1388 2166 perfectio·
1413 2161 1416 2173 .

178 2158 180 2169 i
218 2158 229 2169 ⁹
254 2164 269 2194 s
315 2170 364 2202 nis
389 2177 487 2202 status
503 2178 559 2208 est,
584 2177 615 2202 et
637 2170 807 2211 perfectior
821 2177 903 2201 statu
920 2170 1080 2211 religioso,
1098 2177 1129 2201 et
1147 2170 1275 2200 nullum
1289 2170 1387 2200 trium

315 2222 467 2247 votorum
491 2215 601 2256 exigit:
631 2222 667 2246 ut
690 2221 776 2256 patet
805 2215 838 2245 in
869 2215 1029 2255 episcopis
1058 2215 1214 2256 antiquis,
1239 2221 1270 2245 et
1302 2224 1388 2245 nunc

315 2259 487 2292 Orientalis
511 2259 670 2296 ecclesiae,
688 2259 797 2301 quoad
820 2266 935 2290 votum
959 2259 1124 2296 castitatis;
1149 2266 1180 2290 et
1203 2259 1388 2290 universali-

315 2311 363 2336 ter
373 2305 483 2346 quoad
498 2311 612 2335 votum
621 2304 837 2345 paupertatis;
856 2311 887 2335 et
901 2304 934 2335 in
949 2304 1100 2335 Romano
1112 2302 1266 2335 Pontifice
1278 2304 1387 2344 quoad

313 2357 429 2381 votum
453 2349 662 2380 obedientiae.
687 2349 728 2380 Et
750 2349 783 2379 in
807 2346 909 2380 littera
933 2348 1013 2379 ratio
1033 2348 1223 2389 assignatur:
1247 2348 1323 2389 quia
1347 2349 1387 2379 ad

314 2393 563 2436 imperfectionis
580 2400 698 2424 statum
722 2400 842 2434 spectat
857 2393 1030 2433 indigentia
1050 2392 1233 2424 directionis
1249 2394 1288 2423 ab
1312 2393 1386 2424 alio.
1438 2409 1445 2413 -

370 2439 407 2470 ΙΙ.
433 2439 468 2469 In
493 2439 607 2469 eodem
632 2438 776 2474 articulo,
791 2438 824 2468 in
847 2438 1057 2478 responsione
1080 2438 1120 2468 ad
1139 2438 1292 2478 primum,
1310 2444 1387 2468 nota

313 2483 410 2514 illud:
443 2483 488 2514 Et
510 2488 720 2524 comparatur
741 2482 920 2513 obedientia
945 2484 1006 2513 ista
1029 2482 1074 2513 ad
1096 2483 1185 2513 illam
1208 2483 1292 2513 sicut
1315 2483 1386 2512 uni-

314 2527 441 2558 uersale
463 2527 508 2558 ad
523 2528 740 2567 particulare.
767 2527 852 2558 Hinc
876 2526 962 2557 enim
985 2526 1082 2557 habes
1105 2527 1195 2567 quod
1219 2526 1385 2566 religiosus

313 2581 351 2602 ex
373 2578 451 2602 voto
475 2571 674 2602 obedientiae
704 2577 829 2602 tenetur
851 2570 980 2601 obedire
1009 2571 1150 2610 praelato
1181 2580 1248 2600 non
1277 2571 1385 2601 solum

312 2616 346 2646 in
369 2615 418 2646 his
441 2625 524 2656 quae
547 2615 692 2655 religioni
723 2615 852 2655 propria
877 2621 967 2650 sunt,
999 2615 1055 2644 sed
1082 2615 1114 2645 in
1140 2614 1383 2645 communibus:

312 2660 376 2691 hoc
399 2666 455 2696 est,
480 2659 513 2690 in
536 2659 585 2689 his
608 2669 692 2700 quae
713 2666 788 2690 sunt
811 2659 850 2689 de
866 2658 1049 2689 necessitate
1065 2658 1183 2689 salutis.
1207 2659 1250 2689 Et
1273 2659 1384 2689 eadem

312 2705 444 2741 ratione,
469 2704 529 2734 sub
552 2711 630 2734 voto
647 2703 795 2735 castitatis
810 2703 987 2733 eorundem
1004 2702 1086 2733 cadit
1109 2712 1174 2732 non
1192 2703 1298 2733 solum
1315 2704 1384 2734 abs-

313 2749 412 2780 tinere
435 2759 454 2779 a
477 2748 639 2788 coniugio,
664 2748 719 2778 sed
742 2748 781 2778 ab
806 2746 895 2777 omni
918 2747 1092 2777 violatione
1116 2747 1283 2778 castitatis:
1307 2755 1384 2788 puta

313 2793 481 2829 adulterio,
505 2793 638 2829 incestu,
656 2799 714 2823 etc.
739 2792 780 2822 Et
803 2791 946 2822 similiter
969 2792 1028 2822 sub
1053 2801 1166 2821 eorum
1189 2793 1383 2832 paupertatis

311 2845 389 2869 voto
415 2837 497 2868 cadit
519 2847 586 2868 non
610 2837 718 2867 solum
742 2846 845 2866 carere
869 2835 1005 2875 propriis
1028 2835 1139 2873 bonis,
1165 2836 1220 2866 sed
1243 2846 1310 2866 non
1334 2847 1383 2868 ac-

313 2882 416 2923 cipere
440 2882 551 2913 aliena.
587 2882 633 2912 Ita
662 2881 751 2922 quod
776 2880 942 2919 religiosus
966 2879 1040 2920 qui,
1075 2886 1184 2910 contra
1211 2880 1383 2920 superioris

271 2945 278 2951 -
312 2933 528 2968 praeceptum,
552 2925 795 2956 fornicationem
811 2931 841 2955 et
857 2924 979 2954 furtum
995 2923 1176 2960 committit,
1193 2934 1258 2954 non
1276 2925 1383 2956 solum

311 2978 422 3002 contra
445 2970 551 3001 divina
575 2970 639 3010 agit
661 2976 837 3010 praecepta,
855 2969 910 2999 sed
935 2974 1044 2999 contra
1060 2978 1117 2998 sua
1133 2975 1217 2999 vota.
1243 2969 1284 2999 Et
1302 2969 1382 3000 ratio

312 3022 359 3046 est
381 3015 457 3057 quia
480 3015 636 3056 professio
661 3013 799 3054 religiosi
823 3023 855 3043 se
880 3013 974 3042 habet
997 3012 1038 3042 ad
1061 3012 1232 3043 saecularia
1255 3013 1383 3045 vincula

309 3061 394 3091 sicut
416 3060 602 3091 universale
624 3059 668 3090 ad
685 3058 917 3099 particularia,
942 3063 978 3087 ut
1001 3057 1034 3086 in
1053 3056 1155 3087 littera
1175 3057 1300 3088 dicitur.

369 3104 422 3135 ΙΙΙ.
445 3104 481 3134 In
504 3103 712 3144 responsione
736 3103 776 3133 ad
800 3102 977 3132 secundum
1001 3100 1144 3131 eiusdem
1167 3101 1299 3138 articuli,
1320 3102 1382 3133 dis·

310 3148 454 3188 tinguere
477 3155 640 3179 memento
663 3148 744 3178 inter
767 3153 894 3182 statum,
920 3153 950 3176 et
973 3155 1124 3185 personas
1146 3145 1318 3185 religionis.
1341 3146 1382 3177 Et

311 3192 355 3223 sic
379 3192 548 3233 perspicies
571 3193 660 3234 quod
684 3198 783 3222 status
799 3191 866 3231 ipse
882 3189 1042 3230 religionis
1058 3189 1272 3220 obedientiam
1288 3190 1383 3230 exigit

311 3237 427 3267 ducem
450 3236 491 3266 ad
513 3236 760 3277 perfectionem:
797 3235 881 3276 quia·
896 3241 994 3266 status
1019 3233 1257 3264 exercitantium
1281 3241 1312 3264 et
1335 3234 1381 3264 di-

311 3280 468 3311 scentium
491 3280 643 3320 magistro
667 3281 885 3320 directoreque
909 3285 987 3318 eget.
1019 3278 1176 3308 Personae
1202 3284 1310 3308 autem
1334 3288 1380 3309 re-

310 3324 441 3364 ligiosae
467 3324 665 3365 quandoque
687 3325 721 3355 in
743 3331 871 3355 tantum
893 3322 1095 3363 perfectionis
1120 3322 1247 3352 culmen
1271 3332 1380 3362 perve-

310 3375 426 3399 nerunt
450 3375 486 3399 ut
508 3378 575 3399 non
598 3375 711 3408 egeant
734 3369 832 3405 duce,
858 3368 912 3399 sed
940 3377 996 3407 per
1018 3367 1159 3397 internos
1183 3365 1308 3397 habitus
1332 3376 1379 3397 se-

310 3413 397 3453 ipsos
428 3412 550 3453 optime
573 3419 687 3452 regunt
709 3412 943 3443 delectabiliter.
974 3411 1094 3442 Verum
1122 3410 1197 3451 quia
1224 3420 1378 3450 personae

310 3458 387 3488 istae
410 3466 448 3487 ex
471 3456 650 3487 obedientia
674 3456 768 3487 statui
787 3457 935 3497 religioso
960 3455 1167 3486 conveniente
1191 3465 1378 3485 conservan-

310 3508 374 3537 tur,
394 3501 467 3531 ideo
483 3511 501 3531 a
517 3501 604 3531 nulla
621 3500 766 3540 religiosa
782 3510 918 3541 persona
934 3500 1075 3531 dissonat
1091 3499 1179 3540 quod
1199 3499 1378 3529 obedientia

311 3545 471 3585 religionis
496 3551 543 3575 est
565 3555 684 3575 comes,
847 3545 850 3547 ’

368 3589 419 3620 IV.
444 3589 479 3619 In
509 3589 717 3630 responsione
748 3589 787 3618 ad
815 3588 944 3619 tertium
975 3589 1117 3619 eiusdem
1145 3587 1282 3624 articuli,
1307 3587 1378 3617 vide

1442 1947 1515 1978 hinc
1546 1948 1634 1988 quod
1666 1948 1765 1987 Papa,
1798 1947 1965 1978 eximendo
1994 1948 2132 1989 aliquem
2157 1950 2339 1990 religiosum
2370 1951 2408 1981 ab
2432 1952 2506 1982 obe—

1442 1991 1559 2022 dientia
1583 1992 1632 2022 sui
1656 1991 1801 2032 praelati,
1835 2002 1900 2022 non
1931 1992 2091 2033 dispensat
2122 1994 2154 2024 in
2181 2001 2258 2025 voto
2290 1995 2504 2027 obedientiae:

1442 2046 1508 2067 non
1532 2036 1639 2067 solum
1663 2046 1699 2066 ea
1722 2036 1842 2067 ratione
1867 2037 1941 2077 quia
1964 2037 2088 2068 libertas
2105 2039 2143 2068 ab
2160 2039 2337 2070 obedientia
2354 2039 2402 2070 sui
2418 2050 2505 2080 prae-

1441 2080 1495 2112 lati
1519 2080 1555 2111 fit
1578 2088 1653 2111 tunc
1677 2091 1732 2121 per
1755 2081 1913 2117 accidens,
1938 2081 2055 2112 scilicet
2078 2083 2221 2113 tollendo
2245 2093 2262 2113 a
2285 2084 2424 2124 praelato
2447 2095 2506 2124 po-

1442 2132 1585 2156 testatem
1619 2135 1714 2165 super
1741 2125 1801 2155 illis
1831 2135 1912 2166 quos
1941 2126 2075 2157 eximere
2103 2127 2228 2163 dicitur;
2261 2128 2314 2157 sed
2346 2128 2440 2158 etiam
2471 2139 2505 2159 ea

1441 2169 1561 2200 ratione
1586 2170 1661 2210 quia
1684 2177 1797 2200 votum
1814 2170 2010 2201 obedientiae
2033 2171 2246 2211 principaliter
2261 2171 2296 2202 fit
2315 2172 2383 2208 sibi,
2401 2179 2438 2203 ut
2455 2173 2505 2204 hic

1442 2214 1555 2244 dicitur
1578 2224 1615 2245 ex
1638 2214 1806 2255 Dionysio.
1830 2214 1870 2245 Et
1893 2222 2059 2255 propterea
2074 2225 2139 2246 non
2157 2216 2321 2246 consuevit
2336 2217 2421 2256 Papa
2443 2217 2505 2248 dis-

1436 2260 1638 2298 pensationis
1661 2258 1792 2289 nomine
1815 2258 1849 2288 in
1872 2259 2058 2290 huiusmodi
2083 2260 2139 2296 uti,
2164 2261 2244 2291 sicut
2267 2267 2405 2292 uteretur
2429 2261 2454 2291 si
2473 2262 2505 2292 in

1442 2310 1518 2334 voto
1543 2303 1690 2334 castitatis
1715 2303 1922 2343 dispensaret:
1955 2304 2009 2334 sed
2033 2304 2217 2344 simpliciter
2240 2305 2339 2335 utitur
2361 2315 2419 2335 sua
2447 2316 2505 2346 po-

1441 2354 1561 2384 testate,
1586 2347 1716 2388 quando
1740 2347 1865 2388 expedit
1887 2347 1920 2377 id
1942 2347 2019 2379 fieri.

1494 2392 1561 2422 Nec
1585 2393 1689 2422 obstat
1711 2391 1800 2433 quo'd
1824 2391 1962 2431 religiosi
1986 2392 2018 2422 in
2035 2392 2231 2432 professione
2247 2403 2303 2423 sua
2327 2393 2507 2433 exprimunt

1440 2446 1472 2467 se
1501 2437 1685 2477 promittere
1714 2436 1928 2467 obedientiam
1957 2437 2087 2477 proprio
2114 2437 2208 2477 capiti
2237 2447 2312 2468 suae
2336 2437 2504 2478 religionis.

1439 2481 1528 2511 Tum
1551 2481 1626 2522 quia
1649 2481 1710 2511 hoc
1733 2481 1926 2520 intelligitur,
1952 2481 2036 2511 salva
2053 2481 2161 2521 capitis
2177 2482 2336 2512 Ecclesiae
2352 2489 2505 2521 potestate

1440 2535 1475 2556 ac
1498 2525 1689 2556 obedientia.
1713 2542 1734 2548 —
1758 2526 1847 2555 Tum
1871 2525 1946 2565 quia
1968 2525 2030 2555 hoc
2052 2525 2244 2565 intelligitur,
2262 2527 2294 2556 in
2311 2536 2370 2557 suo
2384 2527 2503 2566 gradu.

1439 2570 1484 2600 Ita
1507 2570 1614 2611 quod,
1638 2569 1714 2610 quia
1743 2576 1838 2609 caput
1861 2569 2022 2609 religionis
2051 2576 2098 2600 est
2121 2571 2180 2600 sub
2204 2570 2305 2610 capite
2336 2570 2502 2607 Ecclesiae,

1439 2619 1657 2660 promittendo
1690 2618 1902 2649 obedientiam
1935 2618 2028 2658 capiti
2060 2619 2285 2655 subordinato,
2318 2619 2504 2660 intelligitur

1439 2663 1623 2703 promittere
1651 2662 1864 2693 obedientiam
1891 2662 2103 2702 principaliter
2126 2663 2219 2703 capiti
2242 2663 2426 2700 universali,
2452 2664 2502 2694 cui

1438 2708 1518 2738 illud
1542 2707 1729 2748 particulare
1754 2713 1849 2746 caput
1872 2707 2106 2737 subordinatur.

1493 2752 1531 2783 V.
1558 2752 1593 2782 In
1616 2751 1822 2791 responsione
1846 2751 1885 2781 ad
1908 2758 2068 2791 quartum,
2093 2751 2218 2781 adverte
2241 2751 2340 2791 quod,
2366 2761 2438 2781 cum
2456 2751 2501 2781 di-

1438 2795 1519 2827 citur
1538 2802 1625 2826 actus
1644 2794 1855 2825 indifferentes
1872 2805 1938 2825 non
1954 2795 2106 2826 contineri
2122 2795 2181 2825 sub
2195 2802 2272 2825 voto
2293 2795 2499 2832 obedientiae,

1437 2847 1484 2871 est
1502 2850 1608 2870 sermo
1625 2839 1776 2875 formalis,
1793 2839 1854 2870 hoc
1871 2846 1932 2870 est:
1957 2846 2057 2870 stante
2072 2839 2280 2870 indifferentia
2296 2846 2394 2870 actus.
2417 2840 2499 2870 Nam

1437 2884 1462 2914 si
1487 2884 1649 2924 contingat
1670 2883 1703 2913 in
1727 2883 1836 2924 aliquo
1856 2893 1928 2914 casu
1953 2890 2059 2914 actum
2083 2883 2258 2914 secundum
2275 2893 2306 2913 se
2323 2883 2500 2914 indifferen-

1437 2934 1502 2959 tem
1526 2938 1593 2959 esse
1616 2927 1727 2958 utilem
1750 2928 1789 2957 ad
1804 2927 1923 2968 aliquid
1941 2938 2052 2958 eorum
2076 2938 2157 2968 quae
2173 2927 2212 2957 ad
2229 2927 2413 2968 religionem
2430 2938 2499 2968 spe-

1437 2979 1530 3009 ctant,
1555 2979 1631 3003 tunc
1655 2982 1720 3002 non
1738 2978 1812 3002 sunt
1826 2971 2046 3008 indifferentes,
2063 2972 2117 3002 sed
2133 2971 2235 3007 utiles,
2252 2979 2282 3002 et
2305 2972 2420 3002 cadunt
2440 2973 2498 3002 sub

1436 3023 1511 3047 voto
1535 3016 1733 3047 obedientiae
1763 3026 1799 3046 ac
1829 3023 1996 3056 praecepto
2020 3016 2236 3056 superiorum:
2269 3015 2354 3045 verbi
2382 3016 2497 3056 gratia,

1436 3060 1462 3090 si
1484 3060 1603 3091 festuca
1625 3060 1659 3090 in
1681 3068 1763 3090 terra
1785 3060 1890 3090 iacens
1913 3061 2046 3090 levanda
2068 3060 2259 3100 praecipitur
2281 3059 2357 3100 quia
2380 3070 2498 3100 oppor-

1436 3111 1514 3135 tuna
1537 3111 1584 3135 est
1607 3104 1646 3134 ad
1670 3104 1752 3144 aegri
1777 3104 1950 3135 servitium.

1491 3148 1544 3179 VI.
1570 3148 1604 3178 In
1632 3148 1839 3188 responsione
1863 3149 1902 3178 ad
1926 3148 2093 3189 quintum,
2126 3148 2206 3178 circa
2228 3147 2325 3184 illud,
2357 3147 2411 3178 Ex
2439 3148 2499 3179 hoc

1436 3193 1503 3232 ipso
1527 3202 1565 3222 ea
1593 3201 1677 3232 quae
1696 3191 1832 3232 faciunt
1857 3197 1934 3223 sunt
1962 3193 2032 3222 Deo
2056 3193 2162 3233 magis
2183 3197 2330 3231 accepta,
2362 3191 2498 3222 dubium

1435 3235 1589 3271 occurrit,
1622 3246 1662 3265 an
1691 3235 1856 3275 religiosus
1886 3236 1958 3276 plus
1988 3243 2145 3266 mereatur
2173 3235 2318 3266 faciendo
2350 3245 2385 3266 ea
2415 3245 2497 3276 quae

1436 3279 1534 3319 magis
1558 3279 1617 3309 sibi
1640 3279 1816 3319 displicent,
1841 3289 1938 3320 quarn
1963 3279 2106 3310 faciendo
2129 3289 2300 3320 quaenon
2319 3279 2495 3319 displicent.

1434 3324 1474 3354 Et
1497 3329 1543 3353 est
1565 3323 1645 3353 ratio
1669 3323 1756 3353 dubii
1779 3323 1855 3363 quia
1877 3323 1951 3354 hinc
1974 3331 2103 3363 apparet
2125 3333 2197 3364 pars
2212 3323 2397 3354 affirmativa
2411 3334 2495 3360 vera,

1434 3366 1549 3397 scilicet
1572 3366 1660 3407 quod
1684 3367 1756 3407 plus
1780 3374 1936 3397 mereatur
1959 3367 2104 3398 faciendo
2127 3368 2181 3398 illa
2204 3377 2286 3408 quae
2309 3367 2368 3398 sibi
2387 3367 2496 3408 displi-

1434 3417 1514 3441 cent.
1538 3428 1559 3433 -
1584 3410 1618 3440 In
1643 3410 1830 3450 oppositum
1853 3417 1959 3441 autem
1983 3418 2029 3442 est
2058 3412 2146 3453 quod
2176 3421 2243 3442 non
2266 3418 2312 3442 est
2335 3412 2497 3442 deterioris

1433 3454 1624 3484 conditionis
1649 3454 1699 3484 cui
1722 3454 1801 3484 nihil
1825 3455 1929 3494 operis
1945 3455 2082 3495 religiosi
2102 3456 2278 3486 secundum
2293 3465 2326 3486 se
2342 3455 2494 3496 displicet,

1433 3508 1530 3539 quam
1553 3498 1578 3528 is
1596 3497 1646 3528 cui
1663 3498 1806 3538 displicet
1821 3499 1941 3539 aliquid
1958 3509 2079 3531 eorum.
2105 3500 2196 3531 Esset
2211 3506 2317 3531 autem
2334 3500 2495 3531 deterioris

1433 3542 1624 3572 conditionis
1648 3542 1673 3572 si
1697 3542 1722 3572 is
1746 3543 1797 3573 cui
1821 3543 1987 3583 displicent
2013 3545 2085 3584 plus
2108 3551 2247 3575 meretur
2276 3545 2360 3585 apud
2390 3545 2495 3574 Deum

1432 3587 1551 3617 illamet
1573 3586 1729 3618 faciendo.

2537 1382 2547 1391 ⁸
2561 1380 2644 1403 Collat.
2662 1382 2747 1410 XVIll,

2535 1413 2585 1435 cap.
2601 1414 2640 1429 vn.
