2768 4198
0 4126 11 4198 numm
2 4102 6 4118 -›
4 4038 6 4043 .

20 1595 182 1625 :ov-...2

910 285 1178 331 QUAESTIO
1209 286 1437 334 CLXXXV,
1467 288 1766 326 ARTlCULUS
1795 289 1862 326 Vll

2409 296 2480 341 481

293 370 497 410 supersunt
526 374 604 399 non
633 362 841 410 largiuntur
868 363 1113 411 pauperibus,
1135 365 1201 401 sed
1228 376 1393 412 expen-
1392 371 1394 389 l
1421 378 1570 413 cessus,
1606 379 1683 403 non
1720 374 1846 415 potest
1878 368 2012 404 latere:
2051 368 2152 411 unde
2182 369 2333 407 videtur
2362 372 2486 409 bonae

294 416 383 452 dere
420 415 599 452 videntur
639 415 877 452 laudabiliter
915 416 963 453 ad
1002 417 1143 454 reditus
1186 418 1394 456 ecclesiae}

293 469 546 517 ampliandos.

347 522 576 558 Rasponmzo
598 533 783 558 mCENDuM
804 523 911 570 quod
939 523 1046 560 aliter
1074 532 1130 560 est
1159 523 1366 561 dicendum

293 636 393 674 sunt,
424 636 461 664 et
481 628 529 665 de
550 627 662 664 bonis
681 628 956 667 ecclesiasticis.
987 631 1090 667 Nam
1120 630 1367 679 propriorum

293 747 422 771 rerum
443 734 661 772 conditione
681 748 759 772 non
781 737 995 784 obligantur
1022 745 1064 773 ut
1085 749 1149 773 eas
1177 738 1259 774 aliis
1279 750 1369 774 con-

293 788 435 825 ferant:

293 895 519 944 pensatione
555 907 728 943 peccare,
759 898 821 933 vel
851 905 1009 946 propter
1041 897 1369 935 inordinationem

294 949 467 995 affectus,
497 960 566 998 per
594 961 711 997 quam
743 950 924 998 contingit
952 950 1058 999 quod
1087 952 1149 988 vel
1171 951 1242 988 sibi
1260 953 1371 1000 plura

295 1002 493 1040 conferant
512 1014 630 1050 quarn
652 1011 842 1052 oporteat;
863 1005 926 1041 vel
948 1004 1061 1040 etiam
1081 1004 1162 1041 aliis
1182 1017 1261 1041 non
1282 1006 1370 1042 sub-

293 1056 452 1094 veniant
494 1056 708 1093 secundum
743 1059 848 1106 quod
886 1057 1043 1105 requirit
1075 1057 1247 1095 debitum
1279 1059 1370 1096 cari-

58 1103 96 1124 '¹¹
151 1115 168 1145 t
293 1109 390 1148 tatis.
421 1110 515 1147 Non
533 1117 662 1147 tamen
682 1118 832 1148 tenetur
846 1115 861 1139 Υ
881 1111 931 1147 ad
950 1111 1250 1148 restitutionem:
1281 1112 1371 1160 quia

294 1163 517 1200 huiusmodi
546 1176 606 1200 res
635 1171 722 1200 sunt
751 1164 832 1201 eius
861 1164 1034 1201 dominio
1065 1164 1279 1212 deputatae.

350 1217 428 1254 Sed
457 1217 804 1254 ecclesiasticorum
834 1218 1030 1254 bonorum
1060 1225 1148 1254 sunt
1176 1218 1371 1266 dispensa—

106 1311 107 1314 ,
294 1278 398 1311 tores
413 1271 498 1316 vel
513 1279 813 1319 procuratores:
855 1269 944 1308 dicit
979 1270 1082 1307 enim
1111 1271 1370 1318 Augustinus,

52 1358 90 1384 a
114 1328 268 1388 -fflV
294 1319 354 1363 ad
355 1315 619 1372 Bonifacium
637 1323 678 1361 *ε
709 1325 752 1362 Si
760 1324 958 1373 privatum
971 1324 1211 1372 possidemus
1229 1322 1243 1346 δ
1272 1326 1375 1373 quod

153 1384 171 1413 t
295 1378 403 1416 nobis
429 1377 608 1426 sufficiat,
638 1390 714 1415 non
744 1378 809 1415 illa
838 1383 968 1415 nostra
994 1382 1096 1423 sunt,
1125 1377 1193 1414 sed
1218 1377 1371 1416 illorum

295 1443 459 1480 quorum
482 1431 797 1484 procurationem
824 1431 1017 1480 gerimus.-
1055 1443 1130 1468 non
1161 1432 1373 1479 proprieta-

295 1491 369 1522 tem
399 1486 506 1522 nobis
535 1485 780 1532 usurpatione
803 1483 1015 1521 damnabili
1035 1484 1280 1522 vindicemus.
1310 1485 1373 1522 Ad

297 1537 603 1587 dispensatorem
633 1546 764 1575 autern
793 1538 997 1587 requiritur
1025 1538 1130 1574 bona
1158 1537 1277 1574 fides:
1317 1551 1373 1575 se-

297 1592 467 1631 cundum
496 1592 588 1629 illud
619 1591 706 1629 Iad
727 1591 814 1629 Cor.
837 1603 874 1628 1v
891 1590 932 1628 *z
960 1591 1041 1628 Hic
1069 1591 1147 1628 iam
1176 1593 1374 1640 quaeritur

295 1646 394 1684 inter
411 1646 688 1695 dispensatores
712 1650 752 1681 ut
767 1644 898 1693 fidelis
917 1644 1000 1693 quis
1019 1645 1245 1682 inveniatur.

296 1714 305 1727 π
350 1700 449 1736 Sunt
477 1707 607 1736 autem
646 1700 750 1736 bona
780 1698 1035 1736 ecclesiastica
1071 1711 1150 1736 non
1179 1699 1304 1735 solum
1334 1699 1373 1735 in

296 1764 389 1790 usus
416 1765 651 1814 pauperum,
669 1752 737 1790 sed
762 1753 876 1789 etiam
906 1752 955 1789 ad
977 1752 1120 1788 cultum
1142 1751 1315 1789 divinum
1338 1760 1373 1789 et

295 1806 541 1847 necessitates
561 1806 822 1843 ministrorum
847 1805 1111 1855 expendenda.
1141 1805 1253 1843 Unde
1284 1805 1373 1842 dici-

19 1873 22 1876 ’
53 1866 272 1891 ·moaena
296 1867 357 1899 tur
377 1860 460 1907 XII,
491 1872 554 1909 qu.
577 1872 599 1897 11
619 1859 660 1896 *x
690 1861 751 1897 De
778 1859 958 1896 reditibus
985 1858 1164 1896 ecclesiae
1181 1859 1242 1896 vel
1270 1859 1373 1896 obla-

14 1934 15 1938 *
55 1927 246 1976 ..exuatur

53 1972 67 1978 .
95 1955 151 1976 naq
183 1960 240 1975 ui·

296 1914 397 1952 tione
405 1889 592 1961 fidelium,
606 1913 690 1950 sola
709 1913 884 1961 episcopo
899 1925 950 1949 ex
962 1913 1020 1949 his
1041 1924 1116 1949 una
1126 1913 1255 1960 portio
1271 1913 1373 1949 emit-

297 1973 399 2005 tatur
423 1971 459 2012 ‘;
486 1968 586 2004 duae
618 1966 875 2004 ecclesiasticis
901 1966 1068 2015 fabricis
1097 1971 1132 2002 et
1159 1966 1376 2016 erogationi

291 2031 510 2070 pauperum
533 2021 764 2069 profuturae
791 2031 815 2057 a
837 2021 1076 2069 presbytero,
1104 2020 1174 2056 sub
1201 2019 1373 2068 periculo

296 2074 358 2112 sui
385 2074 541 2121 ordinis,
562 2074 844 2118 ministrentur;
873 2073 1004 2110 ultima
1024 2072 1181 2119 clericis,
1204 2085 1280 2122 pro
1299 2073 1373 2110 sin-

295 2127 480 2178 gulorum
508 2127 662 2173 meritis,
692 2127 895 2164 dividatur.

352 2181 394 2218 Si
431 2193 523 2229 ergo
562 2180 736 2218 distincta
773 2180 847 2217 sint
882 2181 985 2217 bona
1021 2192 1120 2228 quae
1158 2179 1299 2218 debent
1335 2180 1371 2217 in

297 2246 413 2272 usum
442 2234 615 2294 episcopi
644 2235 794 2280 cedere,
824 2234 873 2271 ab
901 2233 960 2270 his
989 2245 1090 2282 quae
1114 2241 1202 2270 sunt
1229 2245 1375 2282 paupe-

297 2288 403 2326 ribus
439 2295 476 2325 et
510 2287 691 2325 ministris
727 2295 764 2325 et
791 2287 907 2324 cultui
937 2286 1120 2324 ecclesiae
1159 2287 1374 2335 eroganda;

298 2346 335 2380 et
363 2341 507 2391 aliquid
535 2341 606 2379 sibi
636 2341 832 2379 retinuerit
861 2341 1066 2401 episcopus
1105 2340 1152 2378 de
1181 2341 1240 2378 his
1275 2352 1374 2389 quae

298 2403 386 2434 sunt
405 2395 641 2455 pauperibus
665 2395 871 2443 eroganda,
891 2394 983 2432 vel
975 2407 1013 2432 in
1038 2406 1153 2431 usum
1183 2394 1375 2431 ministro-

298 2461 386 2487 rum
421 2456 488 2486 aut
521 2449 560 2486 in
593 2449 739 2486 cultum
773 2448 950 2486 divinum
981 2448 1256 2497 expendenda:
1295 2460 1376 2485 non

298 2510 356 2540 est
375 2502 538 2540 dubium
558 2503 665 2552 quod
685 2510 818 2540 contra
837 2503 957 2540 fidem
980 2501 1274 2550 dispensationis
1288 2501 1375 2550 agit,

299 2564 337 2594 et
355 2556 566 2594 mortaliter
585 2564 730 2605 peccat,
748 2563 785 2593 et
805 2555 854 2593 ad
870 2555 1147 2592 restitutionem
1168 2562 1330 2592 tenetur.
1351 2576 1375 2582 -

299 2610 359 2648 De
386 2609 446 2647 his
475 2616 604 2647 autem
633 2622 732 2659 quae
757 2617 846 2647 sunt
874 2608 1087 2658 specialiter
1106 2621 1177 2645 suo
1197 2608 1283 2646 usui
1312 2608 1376 2645 de-

298 2670 450 2712 putata,
485 2663 638 2700 videtur
672 2675 756 2700 esse
795 2662 932 2700 eadem
967 2661 1062 2698 ratio
1100 2674 1200 2710 quae
1234 2669 1292 2698 est
1328 2662 1376 2698 de

299 2716 463 2766 propriis
492 2716 624 2754 bonis:
655 2724 696 2753 ut
724 2715 867 2753 scilicet
894 2722 1052 2765 propter
1073 2715 1376 2752 immoderatum

299 2770 483 2807 affectum
514 2778 551 2807 et
570 2782 684 2807 usum
712 2777 847 2819 peccet
875 2769 1046 2817 quidem,
1069 2768 1099 2805 si
1118 2768 1378 2806 immoderata

300 2823 372 2861 sibi
403 2824 574 2871 retineat,
597 2832 633 2860 et
653 2823 733 2860 aliis
759 2836 837 2860 non
864 2822 1069 2860 subveniat
1097 2821 1194 2858 sicut
1223 2821 1379 2871 requirit

302 2877 477 2915 debitum
507 2877 684 2915 caritatis.

356 2931 397 2968 Si
424 2943 519 2968 vero
549 2944 629 2968 non
658 2930 732 2967 sint
758 2929 954 2979 praedicta
983 2929 1086 2966 bona
1107 2928 1294 2974 distincta,
1317 2941 1378 2965 eo-

301 2996 387 3022 rum
417 2984 630 3022 distributio
659 2983 751 3021 fidei
772 2983 852 3020 eius
873 2982 1134 3020 committitur.
1165 2982 1213 3018 Et
1242 2981 1272 3018 si
1292 2985 1374 3030 qui·

303 3038 392 3076 dem
422 3038 462 3075 in
489 3038 645 3075 modico
667 3037 820 3075 deficiat
838 3037 900 3073 vel
921 3034 1220 3084 superabundet,
1250 3042 1378 3083 potest

303 3092 378 3128 hoc
413 3091 498 3129 fieri
534 3092 680 3140 absque
713 3091 840 3128 bonae
873 3090 963 3127 fidei
997 3088 1247 3126 detrimento:
1287 3088 1378 3136 quia

162 3146 178 3176 ἶ
305 3157 383 3182 non
403 3152 528 3194 potest
554 3146 675 3183 homo
696 3145 734 3182 in
754 3144 891 3182 talibus
918 3141 1144 3192 punctaliter
1163 3140 1175 3166 t
1203 3141 1376 3190 accipere

303 3197 396 3234 illud
429 3198 535 3245 quod
562 3199 646 3236 fieri
674 3205 837 3247 oportet.
877 3196 917 3234 Si
945 3208 1039 3234 vero
1069 3195 1115 3232 sit
1143 3195 1285 3231 multus
1314 3207 1376 3231 ex-

142 1963 194 2003 τιῦῗ
221 1990 247 2009 ι

360 3325 387 3359 β)
406 3332 539 3351 verum·
556 3326 618 3352 Om.
637 3327 666 3352 P.

359 3362 519 3422 fintenetur.
530 3375 549 3380 -
568 3365 694 3387 tenentur
718 3363 823 3388 PDuCK
842 3368 868 3388 et
885 3370 918 3392 a;
936 3370 984 3395 pro
1003 3362 1068 3391 eius,
1086 3369 1178 3386 eorum
1205 3361 1287 3385 PCsK
1307 3366 1333 3385 et
1349 3368 1375 3389 a,

306 3405 360 3423 om.
405 3416 411 3422 .

360 3431 385 3464 δ)
400 3432 610 3465 possidemus.—
627 3433 724 3458 bonum
743 3433 814 3458 addit
830 3441 848 3459 a
853 3442 863 3464 ‚·
881 3441 929 3466 pro
949 3437 1051 3463 nostra,
1071 3433 1141 3458 bona
1160 3435 1254 3458 nostra
1272 3426 1317 3457 Pa.

361 3469 383 3500 ε)
402 3468 582 3493 animatur.-
598 3468 760 3494 exhibeatur
783 3468 815 3500 D,
833 3469 966 3495 emittitur
991 3470 1032 3495 ed.
1055 3476 1082 3498 a,
1107 3468 1226 3493 mittitur
1249 3467 1308 3499 PG;
1327 3474 1375 3499 pro

452 3673 562 3698 Smnun
581 3672 682 3697 Timor..
701 3672 733 3697 D.
747 3671 862 3696 Tuom
881 3671 913 3698 T.
928 3672 981 3697 VII.

1392 475 1394 509 ἶ
1421 473 1591 510 mortali:

1393 546 1394 557 ι
1419 527 1521 562 xerit
1554 526 1677 563 malus
1708 538 1839 563 servus
1868 527 1905 563 in
1935 529 2048 564 corde
2074 540 2143 565 suo
2153 557 2164 574 ‚

293 576 341 612 de
369 574 534 623 propriis
563 574 693 622 bonis,
724 587 823 623 quae
853 576 1025 625 episcopi
1053 577 1251 626 possidere
1279 590 1367 626 pos·
1392 571 1394 600 ἶ

475 788 542 826 sed
577 797 739 837 possunt
773 790 836 827 vel
871 790 940 827 sibi
975 790 1157 838 retinere,
1187 792 1250 828 vel
1288 791 1396 828 aliisi

292 854 364 890 pro
393 841 500 878 libitu
529 841 690 889 elargiri.
721 844 889 880 Possunt
915 851 1046 881 tamen
1076 844 1115 881 in
1135 856 1268 881 earum
1299 844 1370 881 dis·
1394 845 1396 855 '

1420 419 1511 456 fidei
1541 432 1763 468 repugnare.
1794 421 1843 457 Et
1870 420 1957 457 ideo
1984 433 2062 458 non
2084 430 2138 458 est
2166 423 2310 471 absque
2331 434 2487 473 peccato

1623 473 1757 510 dicitur
1785 473 1887 510 enim
1917 475 2051 511 Matth.
2073 487 2158 512 xxw
2175 475 2208 523 ³¹²,
2239 478 2355 525 quod,
2384 479 2418 515 si
2434 480 2489 515 di·
2518 485 2528 494 ⁸

2202 530 2362 567 Moram
2388 533 2492 580 facit

1420 580 1608 616 Dominus
1645 592 1750 616 meus
1784 581 1924 626 venire,
1955 581 2061 629 quod
2098 582 2262 631 pertinet
2293 585 2342 621 ad
2372 585 2489 622 divini

2542 484 2607 506 Vers.
2626 485 2656 511 48
2678 491 2728 514 sqq.

1394 679 1395 682 Ἰ
1421 632 1547 669 iudicii
1568 641 1851 682 contemptum;
1881 639 1916 670 et
1944 635 2107 683 coeperit
2126 643 2327 683 percutere
2344 649 2490 675 conser-

151 687 167 731 β
294 682 488 718 bonorum
502 679 667 718 verum!3
683 681 899 720 dominium
920 684 1075 721 habent.
1097 684 1209 722 Unde
1226 697 1271 720 ex
1286 684 1368 733 ipsa
1421 697 1488 722 vos
1514 698 1614 732 suos,
1645 686 1751 735 quod
1769 686 1932 735 pertinet
1952 688 1999 724 ad
2020 688 2261 737 superbiam;
2292 692 2494 728 manducet

1422 745 1547 776 autem
1585 746 1620 776 et
1654 740 1757 776 bibat
1782 751 1868 776 cum
1897 741 2072 787 ebriosis,
2109 743 2213 790 quod
2250 746 2413 792 pertinet
2441 746 2490 782 ad

1422 793 1630 830 luxuriam:
1660 793 1783 830 veniet
1810 794 1996 830 Dominus
2019 796 2120 831 servi
2137 795 2235 832 illius
2263 798 2300 834 in
2329 798 2388 835 die
2416 810 2490 846 qua

1423 858 1497 883 non
1530 852 1675 894 sperat,
1708 852 1745 882 et
1777 846 1915 884 dividet
1940 859 2047 894 eum,
2078 848 2218 885 scilicet
2254 863 2276 887 a
2310 851 2490 888 societate

1423 899 1638 946 bonorum,
1669 905 1705 935 et
1725 905 1875 947 partem
1904 901 1983 937 eius
2014 908 2132 949 ponet
2158 915 2243 939 cum
2271 905 2490 952 hypocritis,

1423 953 1565 989 seilicet
1593 953 1631 989 in
1660 953 1822 989 inferno.

1476 1007 1536 1043 Ar>
1565 1017 1704 1043 PRIMUM
1727 1017 1826 1042 ERGO
1855 1018 2041 1044 chENDUM
2070 1008 2175 1056 quod
2203 1011 2367 1047 verbum
2400 1011 2491 1048 illud

1423 1059 1619 1096 Ambrosii
1648 1071 1727 1095 non
1756 1059 1882 1095 solum
1913 1067 1967 1096 est
1995 1061 2236 1099 referendum
2266 1064 2314 1100 ad
2344 1064 2491 1113 dispen-

1424 1112 1613 1149 sationem
1647 1112 1986 1149 ecclesiasticarum
2022 1126 2170 1162 rerum,
2206 1117 2273 1152 sed
2307 1129 2493 1166 quorum-

1425 1178 1592 1214 cumque
1637 1167 1831 1202 bonorum
1878 1177 1922 1202 ex
1967 1167 2105 1214 quibus
2150 1175 2298 1206 tenetur
2334 1171 2490 1218 aliquis,

1425 1219 1554 1256 debito
1585 1218 1763 1265 caritatis,
1793 1219 1999 1267 providere
2028 1222 2292 1259 necessitatem
2320 1224 2492 1271 patienti-

1424 1273 1508 1309 bus.
1548 1272 1640 1308 Non
1670 1279 1797 1308 tamen
1831 1279 1955 1320 potest
1984 1273 2226 1312 determinari
2265 1277 2419 1324 quando
2450 1278 2494 1314 sit

1424 1325 1494 1362 ista
1514 1325 1718 1362 necessitas
1745 1337 1842 1373 quae
1863 1326 1911 1362 ad
1932 1335 2130 1374 peccatum
2151 1331 2310 1366 mortale
2331 1330 2492 1378 obliget:

1424 1379 1521 1415 sicut
1555 1390 1627 1414 nec
1666 1385 1791 1414 cetera
1828 1378 2068 1426 particularia
2106 1394 2203 1429 quae
2240 1382 2279 1419 in
2317 1383 2494 1420 humanis

1424 1431 1570 1468 actibus
1600 1431 1898 1468 considerantur.
1930 1433 2081 1469 Horum
2103 1434 2205 1472 enim
2231 1435 2493 1474 determinatio

1426 1484 1650 1534 relinquitur
1678 1485 1872 1521 humanae
1901 1486 2139 1533 prudentiae.

1478 1541 1538 1575 AD
1566 1549 1758 1575 SECUNDUM
1778 1550 1963 1575 DICENDUM
1993 1540 2099 1586 quod
2128 1541 2230 1577 bona
2251 1541 2494 1579 ecclesiarum

1425 1604 1505 1630 non
1534 1599 1622 1628 sunt
1651 1592 1776 1628 solum
1808 1593 2060 1641 expendenda
2088 1593 2126 1630 in
2147 1606 2238 1630 usus
2265 1607 2494 1643 pauperum,

1426 1646 1495 1683 sed
1523 1645 1636 1682 etiam
1666 1645 1704 1682 in
1724 1644 1818 1682 alios
1838 1658 1941 1693 usus,
1972 1654 2012 1682 ut
2031 1646 2174 1684 dictum
2197 1654 2251 1683 est
2269 1647 2300 1684 ⁴⁴².
2331 1648 2380 1684 Et
2407 1649 2495 1686 ideo

1425 1699 1456 1736 si
1485 1699 1533 1736 de
1563 1711 1610 1735 eo
1644 1698 1751 1748 quod
1780 1700 1866 1735 usui
1896 1699 2067 1748 episcopi
2097 1701 2158 1737 vel
2187 1701 2344 1737 alicuius
2374 1703 2496 1739 clerici

1427 1760 1482 1790 est
1516 1752 1763 1801 deputatum,
1794 1752 1885 1789 velit
1921 1752 2055 1802 aliquis
2075 1753 2164 1805 ⁸sibi
2200 1755 2422 1791 subtrahere
2460 1764 2497 1792 et

1427 1805 1718 1854 consanguineis
1746 1806 1807 1843 vel
1838 1805 1918 1842 aliis
1949 1807 2058 1853 dare,
2088 1819 2166 1844 non
2193 1816 2346 1856 peccat:
2387 1809 2497 1846 dum-

1426 1859 1547 1897 modo
1576 1859 1615 1896 id
1640 1858 1751 1896 faciat
1773 1859 1983 1907 moderate,
2005 1859 2111 1906 idest,
2133 1868 2173 1898 ut
2192 1874 2271 1898 non
2290 1861 2493 1909 indigeant,

1426 1926 1505 1950 non
1535 1920 1664 1949 autem
1694 1920 1734 1949 ut
1765 1912 1917 1949 ditiores
1946 1913 2034 1950 inde
2064 1914 2167 1951 fiant.
2198 1915 2309 1951 Unde
2330 1917 2495 1952 Ambro-

1426 1967 1503 2003 sius
1533 1966 1640 2013 dicit,
1677 1965 1715 2002 in
1743 1965 1840 2002 libro
1870 1967 1916 2003 de
1948 1967 2056 2015 Offic.
2077 1967 2116 2004 *ε
2154 1969 2223 2004 Est
2249 1970 2495 2016 approbanda

1426 2020 1632 2057 liberalitas
1652 2025 1682 2066 η,
1715 2025 1755 2055 ut
1773 2020 1976 2067 proximos
1994 2020 2146 2057 seminis
2165 2021 2219 2057 tui
2237 2033 2284 2058 ne
2302 2022 2494 2070 despicias,
2520 2032 2655 2073 {xxxw

1425 2074 1460 2111 si
1490 2085 1604 2124 egere
1641 2084 1872 2123 cognoscas:
1909 2086 1982 2110 non
2022 2079 2145 2111 tamen
2183 2081 2223 2111 ut
2257 2075 2312 2111 illi
2346 2076 2496 2114 ditiores
2621 2088 2636 2112 η

1415 2128 1512 2176 fieri
1537 2127 1652 2164 velint
1679 2138 1729 2163 ex
1747 2139 1791 2163 eo
1820 2127 1922 2175 quod
1940 2133 1977 2163 tu
1990 2129 2293 2176 potesconferre
2312 2127 2494 2178 inopibus.

1480 2184 1539 2217 AD
1572 2192 1735 2217 TERTlUM
1764 2192 1949 2217 DiCENDuM
1986 2181 2091 2229 quod
2126 2193 2204 2218 non
2233 2182 2364 2219 omnia
2394 2184 2495 2220 bona

2526 1656 2535 1665 ⁵
2548 1655 2572 1676 ln
2588 1661 2692 1682 corpore.

2525 1972 2592 1993 Lib.
2599 1972 2617 1999 1,
2626 1978 2675 1999 cap.
2682 1978 2735 1993 xxx.

2525 1988 2664 2051 νὲξαηῖαῃ
2682 1998 2736 2046 diEstt

1428 2234 1675 2271 ecclesiarum
1696 2241 1783 2270 sunt
1812 2234 2044 2282 pauperibus
2063 2234 2272 2282 largienda:
2302 2236 2372 2272 nisi
2401 2237 2497 2273 forte

1427 2287 1466 2324 in
1495 2288 1654 2324 articulo
1683 2287 1927 2335 necessitatis,
1958 2287 1996 2324 in
2017 2300 2094 2336 quo
2115 2288 2241 2335 etiam,
2262 2301 2332 2337 pro
2353 2290 2499 2326 redem-

1427 2341 1558 2390 ptione
1589 2340 1831 2389 captivorum
1866 2348 1903 2377 et
1931 2340 2010 2377 aliis
2038 2341 2326 2378 necessitatibus
2358 2355 2499 2391 paupe-

1429 2406 1534 2441 rum,
1564 2406 1659 2431 vasa
1694 2393 1808 2430 cultui
1844 2393 1976 2431 divino
2006 2394 2129 2431 dicata
2158 2395 2429 2444 distrahuntur,
2459 2404 2500 2433 ut

1428 2447 1659 2486 Ambrosius
1689 2447 1778 2484 dicit
1798 2448 1829 2484 ’ἦ
1860 2448 1908 2484 Et
1936 2448 1973 2484 in
1993 2447 2056 2484 tali
2076 2448 2297 2485 necessitate
2325 2458 2500 2497 peccaret
2527 2452 2682 2501 {Riiffn'ci
2687 2459 2738 2501 {gg-

1430 2501 1585 2538 clericus
1614 2501 1644 2538 si
1664 2501 1778 2538 vellet
1807 2477 1854 2538 de
1875 2502 1988 2538 rebus
2019 2501 2200 2538 ecclesiae
2219 2502 2362 2548 vivere,
2394 2504 2500 2540 dum·
2526 2507 2630 2560 gfff&
2645 2512 2735 2554 „cffi-

1429 2555 1549 2592 modo
1578 2554 1738 2591 haberet
1765 2554 2046 2603 patrimonialia
2074 2555 2188 2602 bona,
2216 2555 2262 2591 de
2287 2532 2424 2604 quibus
2443 2557 2497 2592 vi-

1428 2621 1523 2646 vere
1551 2607 1683 2657 possit.

1482 2665 1542 2699 An
1567 2660 1984 2704 QUARrum*D1cENDUM
2004 2660 2111 2708 quod
2131 2661 2233 2698 bona
2253 2661 2495 2698 ecclesiarum
2524 2698 2564 2716 tm
2525 2670 2604 2696 Are
2620 2668 2669 2690 Sed
2681 2675 2736 2690 con-

1427 2715 1560 2752 usibus
1593 2726 1810 2763 pauperum
1849 2713 2043 2751 deservire
2081 2713 2257 2751 debent.
2274 2715 2321 2750 Et
2349 2714 2435 2752 ideo
2466 2715 2495 2752 si

1429 2769 1526 2817 quis,
1556 2767 1780 2805 necessitate
1799 2779 1877 2803 non
1898 2767 2121 2804 imminente
2150 2767 2378 2816 providendi
2406 2781 2497 2816 pau-

1429 2822 1597 2871 peribus,
1630 2821 1676 2858 de
1701 2821 1758 2857 his
1788 2833 1887 2869 quae
1908 2820 2146 2869 superfluunt
2175 2833 2218 2857 ex
2248 2822 2496 2870 proventibus

1430 2875 1611 2912 ecclesiae
1639 2874 1901 2923 possessiones
1931 2881 2043 2920 emat,
2072 2874 2134 2911 vel
2163 2873 2202 2910 in
2230 2875 2408 2911 thesauro
2439 2887 2496 2911 re-

1429 2936 1548 2978 ponat
1582 2927 1621 2964 in
1649 2928 1817 2964 futurum
1846 2927 1992 2964 utilitati
2022 2928 2201 2963 ecclesiae
2232 2935 2267 2963 et
2295 2928 2495 2964 necessita—

1428 2982 1529 3019 tibus
1562 2993 1799 3030 pauperum,
1833 2980 2071 3017 laudabiliter
2099 2980 2196 3016 facit.
2237 2980 2277 3016 Si
2306 2993 2400 3017 vero
2430 2993 2497 3017 ne-

1431 3035 1584 3072 cessitas
1604 3034 1804 3071 immineat
1821 3034 2055 3083 pauperibus
2076 3033 2271 3081 erogandi,
2302 3033 2495 3082 superflua

1431 3101 1522 3125 cura
1550 3095 1606 3124 est
1635 3095 1671 3124 et
1698 3087 1912 3125 inordinata
1940 3094 1981 3123 ut
2010 3086 2142 3135 aliquis
2162 3087 2200 3123 in
2219 3087 2386 3124 futurum
2409 3099 2495 3123 con-

1431 3149 1573 3179 servet:
1604 3141 1710 3189 quod
1739 3140 1930 3178 Dominus
1959 3140 2147 3189 prohibet,
2169 3140 2302 3176 Matth.
2323 3139 2409 3187 V1*,
2441 3140 2495 3177 di-

1431 3207 1541 3232 cens:
1570 3194 1700 3231 Nolite
1725 3193 1873 3230 solliciti
1898 3205 1976 3230 esse
2004 3194 2041 3230 in
2071 3193 2288 3230 crastinum.

2523 3141 2532 3150 ·
2548 3139 2613 3162 νει-ε.
2628 3146 2663 3169 34.

1428 3329 1455 3350 ετ
1473 3325 1633 3358 erogationi,
1659 3324 1843 3357 erogationem
1867 3323 2004 3356 BEKpCF,
2023 3323 2175 3356 erogationi
2200 3323 2276 3354 1LsF,
2296 3323 2497 3356 erogationibus

1430 3361 1460 3390 D,
1480 3360 1679 3393 irrogationum
1698 3361 1730 3390 A,
1749 3362 1776 3384 et
1794 3360 1951 3392 erogatione
1969 3359 2010 3384 ed.
2029 3366 2054 3384 a.

1482 3395 1507 3428 ζ)
1524 3395 1699 3427 punctaliter.
1710 3409 1730 3414 -
1742 3394 1928 3427 punctualiter
1945 3394 1991 3423 Pa,
2011 3401 2064 3419 om.
2084 3394 2115 3419 D.

1483 3431 1509 3462 η)
1529 3430 1685 3455 liberalitas.
1702 3444 1722 3450 -
1739 3430 1848 3455 libertas
1873 3429 2122 3455 PABCEFHIKLa:
2140 3437 2187 3462 pro
2213 3429 2278 3455 illi...
2301 3430 2393 3460 velint,
2419 3429 2496 3454 illos..

1430 3467 1493 3491 velit
1511 3467 1540 3491 P.

2315 3667 2344 3692 61
