2768 4198
22 374 31 381 ⁸
51 372 120 393 Num.
141 378 156 395 ι,
179 371 231 392 Duo

22 401 105 420 lamen.

24 506 31 512 ⁸
55 504 108 524 Luc.
134 509 183 530 cap.
205 509 232 529 x,

22 536 78 551 vers.
95 529 125 551 16.

24 559 31 566 ⁸
46 556 111 578 Vers⁴
129 562 142 576 ι,

23 814 31 822 ·
55 812 110 833 Gen.
135 818 183 838 cap.
210 817 231 837 ι,

21 845 78 860 vers.
95 844 128 866 ²9-

22 867 31 875 ·
50 865 106 886 Ibid.
130 870 178 892 cap⁴
200 870 231 890 ix,

21 898 79 913 vers.
94 898 113 920 3.

21 2541 127 2589 ‚itiaiffiin'
144 2540 196 2562 xlll
209 2540 232 2562 in

119 2647 134 2663 α

23 2676 29 2682 ·
45 2673 110 2694 δ’ἐκΔ
127 2680 164 2700 49.

118 2749 132 2782 β

21 2916 29 2925 ⁸
39 2916 74 2936 Ps.
84 2921 165 2939 cxxxv,
173 2921 230 2936 vers.

20 2948 104 2990 ¹’O'Ord
125 2968 229 2989 Cassiod,

20 2999 41 3016 et
56 2995 137 3016 Lomb,

22 3235 30 3243 ⁸
38 3234 84 3260 Qu.
93 3238 153 3258 xxvi,
163 3236 231 3258 art.4.

24 3336 32 3345 ·
47 3334 111 3356 Vers.

269 299 340 335 170

259 411 332 447 Dei,
349 417 418 446 etc„
437 410 552 440 dicitur
574 410 663 450 quod
680 416 847 449 praecepta
863 407 921 437 Dei
945 406 977 436 in
998 406 1166 445 proposito
1184 414 1329 444 compre—

258 455 404 485 hendunt
425 454 534 484 omnia
557 454 640 484 iusta
663 460 846 492 praecepta:
871 460 953 491 quae
973 460 991 479 a
1005 450 1075 480 Deo
1092 449 1227 479 mediate
1244 455 1328 484 sunt,

259 498 346 529 iuxta
375 499 455 529 illud
473 499 507 528 *:
541 498 605 535 Qui
634 507 689 528 vos
718 497 858 536 spernit,
891 504 941 524 me
970 495 1113 534 spernit;
1144 501 1175 523 et
1205 501 1327 523 rursus:

264 542 376 573 Omnis
393 548 538 582 potestas
560 552 580 572 a
603 542 674 571 Deo
698 546 754 577 est,
779 540 822 570 ad
845 539 938 569 Rom.
955 538 1053 568 x111*.

315 587 365 617 Ad
382 587 558 617 secundum
574 595 649 615 vero
666 584 779 614 dicitur
802 583 891 623 quod
915 581 1085 612 bestialitas
1109 591 1173 622 qua
1197 581 1329 622 quidam

258 637 428 661 vescuntur
451 630 596 660 carnibus
620 628 778 663 humanis,
799 634 845 657 est
869 633 979 657 contra
998 632 1164 666 praecepta
1181 625 1258 655 iuris
1275 635 1328 655 na-

259 675 376 705 turalis.
401 675 488 705 Sicut
512 673 597 703 enim
621 672 803 702 naturaliter
826 671 895 701 sola
914 670 1031 701 femina
1051 670 1193 700 humana
1212 677 1259 700 est
1274 670 1328 700 ha-

260 719 329 749 bilis
353 719 392 748 ad
417 718 538 748 coitum
562 716 712 752 hominis,
736 716 779 746 ita
802 715 985 746 naturaliter
1008 715 1077 745 sola
1092 714 1278 754 vegetabilia
1298 721 1329 745 et

259 763 406 793 animalia
433 761 622 791 irrationalia
653 768 727 791 sunt
757 760 887 790 materia
915 759 1028 790 habilis
1052 759 1092 789 ad
1121 758 1328 789 nutriendum
1354 770 1356 774 ·

259 807 439 837 hominem:
466 805 550 835 unde
573 805 660 835 Deus
685 804 790 844 primo
815 804 902 834 dedit
917 804 1005 834 Adae
1026 803 1211 843 vegetabilia
1226 802 1254 839 *,
1279 803 1330 833 de·
1354 825 1356 846 ζ

1354 858 1355 865 ¹
1381 846 1454 887 quis
1477 856 1496 876 a
1518 845 1582 877 fine
1607 846 1736 878 ultimo.

258 851 330 881 inde
354 851 424 880 Noe
447 849 534 879 dedit
556 849 704 879 animalia
718 849 745 880 *.
777 848 897 879 Contra
920 854 1050 878 naturae
1082 857 1156 888 ergo
1180 847 1327 878 ordinem

259 901 305 925 est
316 894 405 934 quod
418 901 562 924 vescatur
578 893 650 934 quis
665 893 813 923 humanis
836 892 991 923 carnibus.
1005 910 1026 915 —
1039 892 1101 923 Sed
1121 891 1196 932 quia
1212 902 1250 922 ex
1266 891 1328 922 hoc
1354 924 1355 932 ἵ

259 949 323 969 non
348 938 480 968 habetur
510 938 597 978 quod
622 937 662 968 sit
685 945 853 978 peccatum
877 937 1028 967 mortale:
1052 954 1074 959 -
1098 936 1254 977 quoniam
1282 936 1328 966 di·
1353 937 1355 956 *¹

258 992 326 1013 cere
349 982 552 1013 mendacium
576 988 622 1012 est
644 982 818 1012 contraius
835 981 986 1017 naturale,
1012 987 1043 1012 et
1065 991 1130 1011 non
1154 987 1262 1011 tamen
1282 988 1329 1011 est

258 1028 296 1057 de
319 1036 432 1066 genere
455 1036 515 1057 suo
539 1026 690 1063 mortale;
715 1033 745 1057 et
769 1027 935 1057 comedere
955 1026 1107 1056 carbones
1131 1032 1185 1055 aut
1209 1025 1328 1056 calcem

258 1071 339 1113 (sine
362 1069 516 1113 laesione)
534 1081 571 1101 ex
586 1071 671 1101 mala
695 1071 916 1111 complexione
941 1080 1007 1101 non
1023 1077 1069 1100 est
1083 1069 1226 1100 mortalis
1242 1069 1327 1109 gula,

257 1115 404 1156 quamvis
427 1115 580 1151 bestialis;
614 1115 695 1146 sicut
718 1116 880 1146 ambulare
904 1114 1052 1145 manibus
1076 1121 1107 1145 et
1130 1114 1264 1154 pedibus
1288 1114 1328 1145 ad

258 1159 451 1191 bestialitatis
475 1159 588 1191 vitium
617 1167 754 1200 spectat,
780 1167 810 1190 et
837 1167 943 1191 tamen
970 1169 1036 1189 non
1061 1165 1107 1189 est
1130 1159 1280 1190 mortale:
1306 1175 1328 1181 -

257 1204 329 1234 ideo
354 1211 465 1235 cautus
489 1211 567 1240 esto,
585 1210 615 1235 et
631 1214 697 1234 non
714 1205 861 1235 admittas
878 1203 1154 1244 consequentiam:
1179 1203 1236 1234 Est
1258 1213 1328 1242 pec—

258 1256 364 1279 catum
389 1248 598 1284 bestialitatis,
624 1249 709 1289 Ergo
733 1249 877 1280 mortale.
901 1249 952 1279 Ad
976 1248 1038 1279 hoc
1061 1248 1147 1278 enim
1176 1248 1265 1288 quod
1289 1248 1329 1278 sit
1354 1253 1356 1291 f

258 1293 402 1329 mortale,
428 1293 560 1333 exigitur
584 1293 672 1334 quod
697 1293 736 1324 sit
759 1300 869 1324 contra
892 1293 1052 1323 caritatem
1070 1292 1139 1329 Dei,
1164 1292 1328 1332 suiipsius

258 1344 313 1368 aut
336 1337 489 1378 proximi:
514 1344 644 1378 propter
669 1337 729 1368 hoc
745 1338 831 1368 enim
847 1337 1051 1368 mendacium
1069 1347 1135 1368 non
1153 1343 1199 1368 est
1215 1347 1251 1367 ex
1268 1347 1328 1368 suo

258 1391 370 1422 genere
395 1382 544 1416 mortale,
569 1389 599 1413 et
623 1381 767 1413 similiter
789 1382 951 1413 ambulare
975 1381 1136 1418 manibus,
1162 1388 1193 1412 et
1216 1381 1327 1412 huius-

259 1426 357 1457 modi.

314 1471 365 1501 Ad
385 1477 609 1511 argumentum
625 1480 700 1510 ergo
721 1471 835 1501 dicitur
854 1471 953 1511 quod,
970 1470 1046 1511 quia
1066 1477 1232 1510 praecepta
1251 1470 1328 1501 iuris

258 1515 408 1546 naturalis
432 1523 506 1546 sunt
530 1522 696 1555 praecepta
719 1515 789 1551 Dei,
814 1515 887 1546 ideo
912 1525 1046 1555 peccans
1068 1515 1102 1545 in
1121 1515 1195 1555 gula
1220 1522 1329 1545 contra

258 1566 414 1595 naturam,
438 1567 548 1600 peccat
567 1566 676 1590 contra
693 1567 899 1600 praeceptum
915 1559 991 1590 iuris
1008 1559 1158 1590 naturalis
1173 1565 1204 1590 et
1221 1559 1328 1590 divini.

259 1603 433 1634 Mortaliter
456 1611 563 1635 autem
587 1610 663 1634 tunc
687 1604 803 1640 solum,
825 1613 881 1644 per
903 1614 935 1634 se
959 1604 1134 1644 loquendo,
1159 1603 1191 1633 in
1215 1604 1329 1634 bestia·

257 1647 351 1678 litatis
375 1649 450 1688 gula
473 1654 590 1688 peccat,
615 1649 746 1689 quando
767 1648 855 1679 cibus
876 1655 923 1679 est
946 1655 1055 1679 contra
1071 1649 1194 1678 bonum
1210 1648 1259 1678 sui
1275 1656 1330 1679 aut
1356 1649 1358 1676 ἰ

259 1692 404 1732 proximi.
440 1693 480 1723 Et
509 1703 546 1723 ex
574 1693 633 1723 hac
663 1701 750 1733 parte
782 1699 937 1732 repugnat
965 1692 1050 1723 carni
1074 1692 1233 1723 humanae
1263 1702 1331 1723 esse

259 1736 367 1767 cibum
390 1736 539 1768 hominis.
566 1737 730 1774 Quoniam
754 1737 843 1767 cibus
862 1737 1024 1767 humanus
1048 1743 1154 1777 potest
1176 1736 1244 1767 iure
1268 1736 1330 1776 pri-

259 1780 323 1810 vari
346 1781 409 1811 vita
433 1791 490 1811 sua
514 1787 549 1812 ut
565 1788 710 1811 sumatur
732 1781 764 1811 in
789 1781 916 1811 cibum:
940 1780 1024 1811 licite
1048 1780 1135 1811 enim
1158 1780 1329 1812 mortifica-

259 1835 331 1855 mus
355 1825 538 1865 vegetabilia
563 1832 592 1855 et
613 1825 790 1855 occidimus
806 1825 955 1855 animalia
970 1824 1003 1855 in
1020 1834 1117 1855 usum
1141 1824 1241 1855 nostri
1258 1825 1329 1856 cibi.

259 1869 368 1899 Homo
397 1876 504 1900 autern
529 1879 594 1899 non
620 1876 725 1908 potest
753 1869 856 1899 occidi
885 1876 921 1900 ut
950 1869 989 1899 sit
1014 1868 1247 1900 nutrimentum
1271 1879 1329 1900 no-

258 1920 369 1944 strum.
400 1913 440 1943 Et
471 1920 637 1953 propterea
661 1913 731 1944 talis
756 1913 926 1945 bestialitas
950 1920 996 1944 est
1020 1920 1187 1953 peccatum
1210 1920 1328 1944 morta-

257 1957 425 1993 lissimum,
442 1967 498 1998 per
515 1967 546 1987 se
562 1958 736 1998 loquend0.
757 1975 777 1980 -
799 1961 848 1988 An
865 1965 970 1988 autem
993 1967 1049 1997 per
1064 1957 1210 1988 accidens
1225 1968 1328 1998 quan-

900 283 1168 330 QUAESTIO
1199 283 1408 330 CXLV111,
1437 285 1735 323 ARTICULUS
1765 286 1814 333 lll

316 366 367 396 VI.
387 366 436 396 Ad
453 365 595 406 primum
610 365 762 396 Martini*
782 371 891 394 contra
911 363 1001 398 illud,
1019 361 1145 397 scilicet,
1153 365 1329 401 praecepta
1355 360 1357 370 '

1384 361 1492 402 doque
1510 363 1611 399 liceat,
1629 371 1706 403 puta
1723 364 1798 404 quia
1815 363 1960 394 homines
1977 371 2052 394 sunt
2066 363 2130 393 iarn
2150 363 2245 394 occisi
2261 363 2293 392 in
2314 361 2408 397 bello,
2426 369 2456 392 et

1384 415 1450 435 non
1474 407 1582 437 subest
1605 407 1693 438 cibus
1717 408 1812 444 alius,
1833 408 1960 438 alterius
1983 408 2115 438 rationis
2139 414 2195 438 est.
2226 407 2267 437 Et
2290 406 2456 437 necessitas

1384 458 1530 479 excusare
1546 451 1688 481 videtur:
1714 461 1752 482 ex
1767 462 1833 492 quo
1850 459 2085 483 nocumentum
2109 451 2246 492 proximi
2270 460 2336 481 non
2353 457 2409 486 est,
2427 457 2457 480 et

1382 492 1650 525 inhumanitatem
1674 505 1789 535 urgens
1813 497 1980 527 necessitas
2010 497 2097 536 apud
2121 506 2154 526 se
2185 503 2215 526 et
2238 495 2318 526 alios
2342 494 2455 535 operit.

1442 537 1507 567 VII.
1533 537 1568 566 ln
1585 539 1792 578 responsione
1814 540 1855 570 ad
1870 540 2012 579 primum
2027 540 2171 571 eiusdem
2187 539 2309 571 articuli
2325 538 2456 570 secundi

1383 580 1520 611 dubium
1539 582 1676 612 occurrit
1695 592 1733 613 ex
1748 584 1897 619 Martino,
1913 584 2033 615 ibidem
2048 584 2074 621 *,
2096 585 2234 616 dicente:
2259 585 2333 614 Non
2354 583 2457 623 placet

1383 625 1462 654 mihi
1493 625 1582 665 quod
1606 625 1683 656 dicit
1705 636 1728 657 s.
1747 627 1911 663 Thomas,
1937 628 2229 668 concupiscentiam
2252 629 2345 668 gulae
2369 637 2455 658 mor-

1354 679 1356 703 ;
1382 669 1479 699 talem
1504 679 1571 699 esse
1595 677 1705 700 contra
1729 678 1935 711 praeceptum
1957 672 2215 704 sanctificationis
2238 671 2374 708 sabbati,
2392 681 2456 712 qua

1382 713 1573 753 praecipitur
1592 713 1682 754 quies
1697 714 1730 744 in
1746 714 1810 745 fine
1826 714 1952 746 ultimo.
1977 717 2144 754 Quoniam
2167 724 2243 748 tunc
2267 726 2365 747 omne
2384 726 2455 756 pec-

1382 764 1490 788 catum
1513 758 1647 788 mortale
1671 765 1752 789 esset
1780 766 1890 789 contra
1913 760 2195 792 sanctificationem
2217 761 2355 792 sabbati:
2381 760 2457 801 quia

1382 802 1526 842 quolibet
1549 809 1680 842 peccato
1705 803 1832 834 mortali
1860 803 2025 840 avertitur,
2048 805 2226 836 secundum
2249 805 2423 841 Thomam,
2439 805 2457 824 *

1437 891 1489 921 Ad
1511 890 1574 921 hoc
1598 891 1713 922 dicitur
1736 891 1827 931 quod
1851 893 1973 922 Auctor
1992 902 2059 922 non
2076 891 2151 924 dicit
2174 899 2340 932 peccatum
2364 893 2457 934 gulae

1382 945 1449 965 esse
1474 942 1586 966 contra
1609 942 1815 976 praeceptum
1840 936 1962 966 sabbati
1985 936 2141 972 absolute,
2157 937 2213 967 sed
2237 946 2311 968 cum
2333 938 2457 968 duabus

1382 978 1685 1011 modificationibus.
1710 980 1818 1010 Altera
1837 987 1899 1012 est:
1926 987 2036 1011 contra
2051 980 2132 1011 illud
2150 990 2214 1020 per
2229 982 2391 1021 quandam
2407 991 2457 1013 re-

1380 1024 1571 1055 ductionem.
1596 1025 1722 1055 Altera:
1748 1031 1858 1055 contra
1874 1024 1954 1055 illud
1974 1024 2177 1064 spiritualiter
2190 1025 2402 1062 intellectum
2427 1033 2458 1057 et

1381 1069 1444 1099 hoc
1468 1068 1631 1100 denotavit
1653 1069 1686 1099 in
1710 1069 1766 1099 illo
1790 1069 1907 1104 verbo,
1932 1070 1965 1099 in
1994 1079 2057 1110 quo
2079 1070 2284 1109 praecipitur
2310 1071 2401 1110 quies
2424 1071 2456 1100 in

1371 1113 1447 1154 fine
1477 1113 1599 1144 ultimo.
1631 1113 1673 1144 Et
1700 1113 1743 1145 sic
1775 1121 1942 1153 peccatum
1970 1113 2063 1154 gulae
2092 1123 2150 1144 nec
2180 1113 2313 1150 directe,
2338 1123 2395 1145 nec
2418 1114 2457 1144 ad

1380 1158 1528 1194 litteram,
1546 1157 1730 1188 contrariari
1746 1157 1861 1188 dicitur
1876 1164 2047 1198 praecepto
2064 1158 2103 1188 de
2119 1157 2368 1188 sanctificatione
2382 1158 2458 1189 Sab-

1381 1202 1465 1233 bati:
1497 1202 1553 1233 sed
1581 1202 1742 1233 reductive
1772 1208 1803 1233 et
1829 1202 1972 1244 mystice.
2005 1202 2103 1240 Quod
2134 1209 2221 1242 patet
2243 1212 2356 1233 verum
2379 1211 2457 1233 esse.

1438 1247 1479 1277 Et
1502 1257 1577 1278 cum
1602 1246 1732 1278 dicitur:
1759 1246 1843 1284 Quia
1861 1247 1905 1278 sic
1921 1257 2018 1278 omne
2038 1253 2207 1287 peccatum
2230 1247 2364 1278 mortale
2378 1253 2460 1277 esset

1383 1298 1493 1322 contra
1518 1291 1579 1322 hoc
1603 1298 1827 1331 praeceptum:
1851 1309 1873 1314 -
1897 1292 2109 1331 respondetur
2138 1291 2230 1332 quod
2259 1301 2357 1322 omne
2387 1300 2459 1331 pec-

1382 1342 1489 1366 catum
1509 1336 1643 1366 mortale
1667 1345 1734 1366 esse
1757 1335 1801 1366 sic
1825 1343 1934 1367 contra
1958 1335 2020 1366 hoc
2043 1342 2248 1376 praeceptum
2266 1345 2332 1366 nou
2348 1335 2459 1366 incon-

1355 1388 1357 1395 ’
1382 1380 1479 1411 venit.
1513 1380 1679 1417 Quoniam
1709 1379 1754 1410 sic
1784 1387 1952 1421 acceptum
1983 1387 2030 1411 est
2060 1387 2268 1420 praeceptum
2296 1379 2458 1420 generale,

1355 1434 1357 1470 ξ
1382 1424 1553 1465 imponens
1575 1424 1784 1455 cessationem
1802 1425 1841 1455 ab
1857 1425 1947 1455 omni
1964 1431 2106 1465 peccato,
2131 1431 2162 1455 et
2185 1424 2328 1465 quietem
2343 1423 2460 1455 mentis

1383 1469 1416 1499 in
1433 1470 1502 1500 Deo
1518 1469 1634 1500 ultimo
1651 1469 1800 1500 omniurn
1816 1468 1895 1500 fine:
1918 1476 1953 1500 ut
1968 1469 2115 1509 superius
2130 1469 2163 1500 in
2178 1479 2234 1510 qu.
2251 1478 2343 1505 cxxn,
2360 1475 2459 1508 art.4‚

1383 1514 1423 1544 ad
1449 1525 1481 1550 ι,
1507 1521 1602 1554 patet.
1636 1513 1820 1554 Specialiter
1843 1521 1950 1544 tamen
1980 1513 2207 1554 appropriatur
2237 1513 2300 1544 hoc
2328 1520 2460 1553 peccato

1384 1559 1477 1599 gulae
1497 1565 1627 1599 propter
1642 1559 1722 1589 duas
1740 1559 1834 1599 gulae
1850 1558 2067 1589 conditiones:
2093 1557 2212 1589 scilicet
2226 1557 2302 1599 quia
2318 1563 2366 1588 est
2388 1565 2461 1598 pec·

1384 1610 1491 1634 catum
1522 1609 1663 1634 mentem
1697 1602 1879 1643 deprimens
1912 1609 1943 1633 et
1974 1602 2165 1633 submittens
2196 1601 2460 1634 delectationibus

1385 1647 1613 1678 communibus
1637 1647 1730 1678 nobis
1754 1654 1784 1678 et
1807 1647 1923 1683 brutis;
1948 1653 2069 1678 etcum
2085 1647 2157 1683 hoc,
2177 1646 2269 1677 nullo
2289 1652 2459 1686 praecepto

1384 1692 1526 1732 decalogi
1551 1691 1668 1722 directe
1690 1691 1894 1732 prohibetur;
1925 1700 2009 1732 quae
2033 1691 2115 1722 duae
2138 1690 2339 1722 conditiones
2362 1690 2460 1722 simul

1384 1737 1416 1766 in
1440 1736 1531 1767 nullo
1555 1736 1619 1766 alio
1643 1735 1720 1767 vitio
1749 1742 1914 1776 apparent.
1947 1736 2031 1766 Nam
2059 1735 2203 1772 luxuria,
2228 1734 2286 1766 etsi
2315 1734 2460 1766 similiter

1356 1812 1357 1815 Ἴ
1384 1780 1541 1820 deprimat
1564 1787 1596 1811 et
1619 1780 1794 1816 submittat,
1819 1787 1926 1811 tamen
1949 1780 2044 1810 habet
2067 1780 2134 1810 duo
2151 1785 2319 1820 praecepta
2341 1778 2459 1820 quibus

1384 1824 1604 1860 contrariatur,
1622 1824 1751 1860 scilicet,
1771 1824 1845 1855 Non
1862 1824 2089 1862 moechaberis,
2107 1830 2147 1860 et,
2164 1824 2238 1855 Non
2256 1823 2460 1864 concupisces

1384 1878 1519 1899 uxorem
1539 1869 1686 1908 proximi
1707 1869 1765 1899 tui.
1793 1867 1948 1908 Superbia
1967 1874 2051 1899 caret
2072 1867 2175 1908 prima
2190 1867 2385 1903 conditione,
2398 1873 2457 1899 etc.

1383 1913 1498 1944 Merito
1522 1922 1598 1952 ergo
1623 1912 1809 1943 huiusmodi
1833 1918 1962 1952 peccata
1989 1912 2186 1943 reducuntur
2207 1913 2247 1943 ad
2271 1911 2458 1943 huiusmodi

1384 1964 1591 1998 praeceptum
1615 1955 1748 1997 mystice
1771 1957 1810 1988 ab
1835 1958 1986 1987 Auctore.

1066 2093 1387 2136 ARTICULUS
1424 2091 1657 2135 TERTIUS

881 2177 1036 2208 UTRUM
1061 2177 1180 2208 GULA
1205 2177 1272 2208 SIT
1296 2177 1507 2208 MAXIMUM
1535 2175 1837 2208 PECCATORUM

294 2311 299 2317 A
320 2283 348 2322 ,ς
376 2286 444 2327 κς(
471 2277 493 2302 D
512 2277 673 2302 TERTlUM
696 2277 750 2302 sm
773 2276 1014 2302 Paocamrua.
1039 2265 1202 2303 Videtur
1223 2265 1329 2315 quod

298 2315 338 2349 ’ἃ
386 2307 433 2346 V„
471 2319 558 2366 gula
586 2318 632 2355 sit
651 2318 864 2355 maximum
890 2326 1152 2367 peccatorum.
1183 2318 1330 2367 Magni-

276 2347 564 2418 ,fsvysstudo
586 2371 687 2408 enim
715 2371 862 2420 peccati
891 2383 935 2408 ex
957 2372 1218 2420 magnitudine
1237 2384 1330 2422 poe·

278 2418 289 2428 f*
315 2399 543 2461 &fflknae
573 2424 845 2462 consideratur.
883 2425 959 2462 Sed
987 2433 1190 2474 peecatum
1219 2426 1330 2474 gulae

261 2485 316 2514 est
343 2476 565 2525 gravissime
601 2478 796 2527 punitum:
835 2477 924 2516 dicit
962 2478 1063 2516 enim
1103 2479 1330 2528 Chrysosto-

260 2543 347 2568 mus
366 2530 405 2566 *t
435 2532 560 2568 Adam
589 2532 854 2569 incontinentia
882 2532 1022 2569 ventris
1045 2533 1190 2581 expulit
1215 2544 1240 2569 a
1259 2533 1330 2569 Pa-

260 2584 407 2626 radiso‚·
434 2584 617 2621 diluvium
636 2585 739 2633 quod
753 2585 836 2633 fuit
863 2591 1031 2634 tempore
1057 2586 1157 2631 Noe,
1178 2586 1258 2634 ipsa
1266 2586 1331 2634 fe-

259 2638 309 2674 cit
327 2642 364 2682 ας
392 2638 605 2674 secundum
626 2637 716 2675 illud
736 2638 877 2675 Ezech.
898 2650 957 2675 xv¹
977 2638 1018 2675 *z
1043 2639 1158 2678 Haec
1171 2639 1248 2684 fuit
1264 2639 1332 2676 ini-

259 2691 380 2739 quitas
407 2691 606 2736 Sodomae,
625 2691 768 2728 sororis
788 2697 885 2738 tuae,
909 2692 1088 2729 saturitas
1111 2693 1236 2741 panis,
1258 2700 1327 2729 etc.

260 2744 361 2792 Ergo
390 2752 592 2792 peccatum
621 2745 731 2792 gulae
762 2753 817 2782 est
843 2744 1056 2782 maximum
1077 2743 1104 2781 β.

314 2808 348 2834 2.
371 2797 605 2844 Ptolemaei,
627 2809 741 2835 causa
760 2798 798 2835 in
828 2798 1000 2846 quolibet
1019 2810 1158 2846 genere
1187 2805 1244 2836 est
1262 2810 1331 2847 po-

258 2849 339 2886 tior.
372 2850 447 2887 Sed
467 2852 554 2898 gula
573 2851 725 2888 videtur
753 2863 836 2888 esse
865 2863 980 2889 causa
1005 2851 1167 2888 aliorum
1196 2863 1329 2900 pecca-

259 2911 405 2940 torum:
436 2903 525 2952 quia
553 2916 668 2953 super
705 2905 796 2942 illud
824 2905 967 2942 Psalmi
985 2904 1017 2952 ²¹²,
1042 2905 1118 2947 Qui
1146 2905 1333 2954 percussit

258 2957 477 3006 Aegyptum
497 2968 583 2994 cum
594 2957 859 3007 primogenitis
873 2969 1019 3003 eorum,
1037 2957 1125 2995 dicit
1140 2958 1277 2996 Glossa
1291 2957 1330 2995 *ε

260 3010 456 3055 Luxuria,
486 3011 806 3059 concupiscentia,
835 3011 1011 3059 superbia
1046 3017 1135 3048 sunt
1160 3023 1205 3048 ea
1233 3023 1332 3060 quae

258 3068 387 3100 venter
413 3070 582 3112 generat.
614 3065 716 3111 Ergo
745 3065 831 3112 gula
861 3073 916 3101 est
945 3064 1212 3112 gravissimum
1242 3076 1329 3113 pec-

260 3123 444 3153 catorum.

315 3170 349 3206 3.
371 3170 606 3217 Pale-mam,
622 3177 709 3219 post
728 3171 870 3218 Deum,
887 3171 1007 3207 homo
1028 3170 1142 3207 debet
1161 3170 1328 3219 seipsum

260 3222 426 3260 maxime
448 3222 612 3271 diligere,
634 3231 674 3260 ut
693 3235 806 3272 supra
825 3223 845 3245 '¹‘
873 3223 1045 3261 habitum
1067 3231 1134 3261 est.
1165 3223 1243 3261 Sed
1262 3236 1332 3273 per

260 3274 392 3312 vitium
422 3276 530 3323 gulae
558 3276 679 3313 homo
700 3276 811 3314 infert
839 3276 908 3314 sibi
933 3276 1003 3326 ipsi
1032 3284 1328 3314 nocumentum:

262 3326 395 3364 dicitur
432 3328 532 3365 enim
569 3329 684 3366 Eccli.
714 3329 899 3367 xxxv¹1²¹²t
938 3331 1098 3379 Propter
1133 3330 1330 3379 crapulam

261 3380 369 3416 multi
395 3381 576 3419 obierunt.
607 3383 710 3430 Ergo
730 3383 816 3430 gula
846 3390 901 3420 est
919 3383 1130 3421 maximum
1154 3391 1330 3432 peccato-

263 3444 380 3522 rumD
396 3433 445 3470 ad
474 3434 599 3471 minus
628 3443 777 3484 praeter
804 3443 960 3485 peccata
998 3448 1097 3485 quae
1125 3443 1213 3474 sunt
1241 3448 1330 3474 con-

262 3492 318 3522 tra
385 3497 487 3523 eum.

295 2297 317 2311 m

290 2312 312 2337 lb

316 3600 344 3632 α)
356 3599 434 3633 fecit.
448 3613 468 3619 ·-
485 3603 511 3625 et
525 3606 642 3632 poenam
662 3600 840 3626 Sodomorum
861 3602 930 3627 addit
949 3602 977 3627 P.

317 3634 343 3667 β)
363 3635 522 3660 maximum.
534 3649 553 3654 -
566 3639 739 3668 peccatorum
759 3636 857 3661 addunt
877 3637 947 3661 PGa.

1438 2264 1514 2301 SED
1534 2275 1682 2301 CONTRA
1701 2275 1768 2301 as’r
1792 2264 1899 2312 quod
1918 2264 2009 2302 vitia
2038 2265 2214 2313 carnalia,
2234 2265 2332 2304 inter
2360 2277 2458 2315 quae

1384 2325 1630 2366 computatur
1666 2317 1775 2365 gula,
1805 2317 2020 2355 secundum
2057 2318 2286 2366 Gregorium
2315 2319 2346 2367 ⁸²,
2373 2326 2461 2357 sunt

1383 2369 1542 2408 minoris
1571 2371 1718 2419 culpae.

1439 2425 1666 2465 Respouneo
1682 2434 1866 2461 montinum
1887 2424 1993 2473 quod
2012 2423 2178 2472 gravitas
2193 2423 2351 2462 alicuius
2370 2437 2459 2474 pec-

1385 2477 1456 2515 cati
1485 2485 1611 2526 potest
1639 2476 1872 2514 considerari
1899 2476 2101 2527 tripliciter.
2137 2477 2267 2515 Primo
2287 2477 2458 2527 quidem,

1386 2538 1423 2567 et
1449 2529 1716 2579 principaliter,
1738 2530 1951 2568 secundum
1970 2530 2171 2569 materiam
2199 2531 2238 2568 in
2266 2543 2343 2580 qua
2371 2542 2460 2580 pec-

1386 2591 1502 2620 catur.
1534 2584 1582 2620 Et
1601 2583 1815 2621 secundum
1835 2584 1922 2631 hoc,
1942 2591 2099 2633 peccata
2118 2596 2218 2633 quae
2246 2593 2334 2622 sunt
2362 2584 2460 2622 circa

1387 2648 1446 2674 res
1476 2636 1624 2674 divinas
1653 2643 1740 2674 sunt
1768 2636 1946 2674 maxima.
1986 2637 2099 2674 Unde
2127 2637 2342 2676 secundum
2370 2637 2458 2687 hoc,

1386 2689 1521 2727 vitium
1549 2690 1659 2738 gulae
1686 2701 1764 2727 non
1794 2689 1863 2727 erit
1881 2689 2113 2728 maximum:
2144 2698 2200 2729 est
2227 2690 2332 2728 enim
2361 2690 2459 2729 circa

1388 2755 1432 2780 ea
1460 2755 1560 2793 quae
1589 2744 1638 2781 ad
1667 2743 1982 2781 sustentationem
2022 2743 2193 2793 corporis
2221 2751 2404 2794 spectant.
2434 2765 2458 2774 ·-

1387 2796 1567 2834 Secundo
1603 2804 1746 2844 autem,
1781 2808 1825 2833 ex
1860 2804 1966 2846 parte
2000 2797 2202 2846 peccantis.
2243 2798 2292 2835 Et
2324 2809 2458 2835 secun-

1388 2850 1480 2887 dum
1500 2850 1587 2897 hoc,
1607 2858 1809 2900 peccatum
1838 2851 1948 2898 gulae
1977 2850 2098 2899 magis
2122 2850 2320 2888 alleviatur
2338 2862 2456 2900 quam

1386 2910 1622 2952 aggravatur.
1653 2903 1758 2940 Tum
1786 2911 1944 2953 propter
1976 2903 2240 2942 necessitatem
2274 2903 2458 2956 sumptio-

1385 2956 1443 2994 nis
1481 2956 1668 2994 ciborum.
1712 2957 1817 2994 Turn
1854 2957 1969 2995 etiam
2007 2964 2164 3006 propter
2196 2956 2456 2995 difficultatem

1387 3009 1625 3048 discernendi
1645 3017 1681 3047 et
1709 3010 1938 3048 moderandi
1955 3010 1995 3048 id
2023 3010 2130 3059 quod
2149 3008 2188 3048 in
2211 3009 2347 3048 talibus
2367 3022 2457 3048 con-

1385 3063 1501 3100 venit.
1523 3084 1546 3092 -
1567 3063 1700 3101 Tertio
1721 3074 1814 3100 vero
1835 3063 1967 3111 modo,
1989 3075 2036 3102 ex
2052 3069 2160 3112 parte
2188 3063 2347 3100 effectus
2366 3075 2457 3101 con-

1386 3117 1591 3165 sequentis.
1622 3117 1671 3154 Et
1689 3116 1902 3154 secundum
1931 3117 2018 3164 hoc,
2038 3116 2171 3153 vitium
2200 3117 2310 3164 gulae
2339 3117 2456 3154 habet

1385 3170 1582 3218 quandam
1611 3169 1924 3218 magnitudinem,
1945 3169 2171 3220 inquantum
2202 3181 2247 3206 ex
2273 3182 2318 3207 ea
2346 3181 2457 3207 occa-

1386 3222 1582 3260 sionantur
1610 3222 1762 3260 diversa
1789 3229 1956 3272 peccata.

1438 3278 1498 3313 An
1526 3287 1666 3314 PRIMUM
1693 3287 1793 3314 ERGO
1825 3286 2011 3314 mesanum
2047 3274 2153 3325 quod
2186 3275 2270 3313 illae
2306 3287 2456 3325 poenae

1387 3330 1507 3378 magis
1545 3329 1757 3366 referuntur
1791 3329 1840 3366 ad
1867 3327 1958 3366 vitia
1992 3340 2091 3376 quae
2129 3336 2217 3366 sunt
2252 3336 2455 3367 consecuta

1386 3393 1431 3419 ex
1459 3383 1559 3430 gula,
1578 3382 1642 3419 vel
1670 3381 1719 3419 ad
1747 3381 1856 3430 gulae
1886 3380 2075 3428 radicem,
2104 3393 2221 3430 quarn
2256 3382 2305 3420 ad
2333 3381 2455 3432 ipsam

1385 3436 1525 3483 gulam.
1556 3434 1660 3472 Nam
1680 3434 1826 3483 primus
1854 3434 1974 3471 homo
1996 3435 2172 3484 expulsus
2201 3442 2258 3472 est
2277 3435 2325 3473 de
2344 3439 2360 3463 Υ
2387 3445 2454 3485 pa-

1386 3487 1511 3525 radiso
1545 3494 1700 3536 propter
1737 3487 1977 3536 superbiam,
2007 3499 2051 3525 ex
2081 3499 2157 3537 qua
2195 3486 2378 3538 processit
2405 3487 2454 3533 ad

1437 3601 1463 3634 γ)
1484 3601 1526 3627 de.
1541 3615 1555 3620 -
1574 3609 1593 3626 a
1611 3601 1713 3639 BFHK,

2484 587 2493 595 ⁴
2513 585 2550 606 Ad
2581 585 2665 606 obiect.
2688 591 2696 606 ι

2484 615 2546 633 cont.
2557 612 2660 633 conclus.
2675 617 2695 638 ι,

2481 644 2502 667 3.
2517 645 2539 665 4.

2484 810 2494 819 ⁴
2502 809 2695 836 Qu.xx1v,art.12.

2486 2328 2497 2339 ⁴
2519 2327 2609 2350 uoral.
2633 2327 2673 2350 ub.

2486 2353 2672 2404 &3¹45ss

2487 2397 2531 2430 Ύὲἰ.
2547 2397 2585 2429 ΧΥ..
2625 2397 2632 2409 ’
