2768 4198
0 1546 3 1560 l

0 1565 4 1581 i

0 1591 3 1600 ι

0 1608 9 1674 Ξ

0 1677 11 1726 ξ

0 1766 5 1799 l

0 1816 6 1851 Ξ

0 1858 3 1887 ἑ

0 1893 7 1962 Ξ

28 1022 109 1046 huod

45 2091 51 2098 ,
102 2062 109 2070 ·
133 2065 140 2076 =
172 2064 177 2070 ·
266 2051 376 2084 tura.-
413 2053 455 2083 ut
482 2051 585 2096 patet
621 2055 690 2092 per
722 2042 1021 2096 Philosophum,
1051 2041 1089 2077 in
1119 2042 1151 2077 ΙΙ
1175 2041 1296 2077 Ethic.
1315 2039 1336 2061 ²¹²

0 1732 5 1753 '-
26 1731 240 1761 ·1⁵=.nn,m.
267 1738 369 1764 rem:
400 1726 613 1762 secundum
634 1724 724 1761 illud
745 1722 886 1759 Psalmi
906 1722 937 1767 ³¹²,
963 1722 1093 1759 Omnis
1111 1721 1237 1770 gloria
1256 1721 1335 1756 eius

0 1803 3 1813 .
23 1764 239 1814 Μιμε-
257 1780 368 1828 filiae
394 1780 496 1829 regis
524 1780 573 1816 ab
592 1779 711 1814 intus:
741 1777 877 1813 Glossa
897 1775 936 1812 *z
967 1776 1068 1820 idest,
1089 1775 1125 1810 in
1147 1774 1335 1810 conscien-
1360 1773 1362 1788 ἱ

135 2780 142 2787 ,
181 2762 188 2774 ·
235 2763 240 2768 -
268 2739 375 2777 dium
405 2737 686 2782 adhibendum,
716 2744 758 2772 ut
795 2747 908 2783 supra
930 2734 951 2756 *
980 2734 1122 2771 dictum
1153 2741 1220 2770 est.
1261 2734 1338 2770 Sed

199 2787 206 2795 ⁸
234 2789 241 2801 '
269 2793 450 2830 adhibere
481 2791 648 2828 studium
678 2790 715 2826 in
737 2788 984 2836 dispositione
1005 2786 1233 2824 exteriorum
1255 2799 1338 2823 mo-

34 3386 177 3414 'Ceam

4 3457 7 3460 “
28 3454 53 3476 ,Η
106 3466 107 3470 =

929 274 1196 320 QUAESTIO
1227 276 1435 322 CLXVIII,
1465 276 1761 313 ARTICULUS
1791 277 1804 312 l

459 490 873 569 QUAESTIO
918 490 2275 548 CENTESIMASEXAGESIMAOCTAVA

666 611 750 650 DE
790 610 1107 665 MODESTIA
1149 611 1487 652 SECUNDUM
1529 611 1702 663 QUOD
1745 612 2062 653 CONSISTIT

772 673 831 712 IN
867 673 1316 714 EXTERIORIBUS
1349 673 1619 714 MOTIBUS
1655 674 1955 716 CORPORIS

1054 788 1088 812 IN
1119 787 1292 818 QUATUOR
1319 788 1522 814 ARTICULOS
1552 789 1670 814 DIVISA

352 895 460 920 EINDE
503 882 822 920 considerandum
867 890 921 919 est
965 882 1012 918 de
1054 882 1241 918 modestia
1279 894 1336 918 se-

270 894 522 977 Dcundum
557 936 662 986 quod
700 936 867 972 consistit
896 936 933 972 in
973 935 1335 972 exterioribus-mo—

59 996 95 1020 (Χ.
111 1002 159 1045 ,αι
180 1002 242 1024 eun,
268 991 368 1027 tibus
397 990 569 1039 corporis
587 989 618 1026 *.

269 1045 318 1080 Et
346 1044 444 1080 circa
471 1044 547 1080 hoc
575 1050 808 1091 quaeruntur
836 1049 1009 1089 quatuor.
1361 1033 1364 1111 1

322 1097 474 1133 Primo:
504 1104 630 1132 utrum
651 1096 688 1132 in
710 1094 957 1132 exterioribus
977 1094 1145 1130 motibus
1165 1093 1336 1141 corporis
1361 1113 1364 1150 ἡ

375 1150 440 1198 qui
455 1150 554 1186 serio
570 1157 743 1197 aguntur,
760 1148 878 1197 possit
898 1159 982 1184 esse
996 1147 1116 1183 virtus
1133 1154 1169 1182 et
1187 1146 1332 1182 vitium.
1361 1160 1364 1184 ι

1444 883 1639 919 Secundo:
1669 891 1796 919 utrum
1826 884 1944 931 possit
1974 897 2056 921 esse
2076 885 2200 933 aliqua
2219 885 2338 921 virtus
2358 885 2459 922 circa

1497 947 1665 984 actiones
1694 948 1783 984 ludi.
2452 932 2456 949 ί

1444 1014 1596 1050 Tertio:
1643 1016 1689 1051 de
1726 1022 1883 1062 peccato
1928 1015 2032 1062 quod
2075 1016 2116 1052 fit
2160 1029 2202 1052 ex
2240 1021 2256 1037 α
2299 1029 2455 1054 excessu
2581 1026 2599 1043 α

1498 1081 1588 1116 ludi.

1444 1146 1610 1192 Quarto:
1641 1146 1687 1182 de
1717 1155 1875 1194 peccato
1905 1159 1949 1184 ex
1980 1148 2128 1184 defectu
2156 1148 2245 1185 ludi.

1086 1254 1404 1296 ARTICULUS
1437 1255 1642 1304 PRIMUS

625 1352 780 1383 UTRUM
806 1351 847 1381 1N
871 1348 1190 1380 Exrssaiomssus
1214 1347 1407 1378 Morlssus
1431 1347 1645 1379 coapoms
1670 1348 1736 1379 Sir
1762 1349 1924 1386 ALlQUA
1946 1351 2103 1382 VIRTUS

800 1430 892 1462 Supra,
911 1436 956 1461 qu.
975 1435 1032 1457 cu,
1052 1432 1098 1452 art.
1120 1433 1149 1456 2;
1169 1426 1200 1450 111
1220 1426 1303 1454 Sent„
1327 1426 1386 1451 dist.
1405 1433 1491 1455 xxxm,
1510 1434 1553 1458 qu.
1573 1433 1610 1456 m.
1630 1432 1675 1452 art.
1698 1434 1720 1457 2,
1740 1428 1790 1459 qu²³²

406 1567 457 1616 μὴ
480 1567 518 1603 in
557 1564 804 1602 exterioribus
842 1563 1009 1599 motibus
1048 1560 1218 1609 corporis
1257 1572 1333 1596 non

286 1650 307 1666 ,ὲ
330 1606 526 1665 ,xq'sff'sit
563 1619 688 1666 aliqua
721 1617 852 1653 virtus.
893 1615 1032 1652 Omnis
1075 1615 1176 1650 enim
1214 1613 1334 1649 virtus

288 1665 299 1676 ”
323 1649 413 1699 ἐῶ
436 1666 641 1721 Χρετῐίηετ
677 1671 725 1707 ad
763 1669 995 1718 spiritualem
1033 1668 1183 1704 animae
1223 1667 1331 1703 deco·
1360 1691 1362 1712 ς

308 1538 327 1565 4
355 1535 359 1545 ι
388 1539 455 1597 ἐς(
481 1526 503 1550 o
533 1524 669 1550 PRIMUM
693 1523 747 1548 Sic
770 1520 1011 1546 PRocEmTUR.
1040 1507 1202 1544 Videtur
1229 1506 1333 1554 quod

319 1610 325 1623 «

266 1834 332 1871 tia.
362 1833 440 1870 Sed
470 1840 596 1870 motus
617 1830 835 1880 corporales
858 1841 934 1865 non
956 1836 1042 1865 sunt
1065 1829 1113 1864 ab
1133 1828 1245 1872 intus,
1267 1827 1334 1863 sed

267 1886 442 1931 exterius.
472 1886 574 1933 Ergo
603 1885 701 1921 circa
725 1882 945 1920 huiusmodi
965 1890 1092 1919 motus
1112 1893 1191 1917 non
1211 1888 1336 1929 potest

264 1951 351 1977 ,esse
378 1940 511 1976 virtus.

322 2004 358 2031 2.
388 1994 629 2036 Paternum,
658 1991 812 2027 virtutes
839 2001 914 2025 non
939 1993 1026 2024 sunt
1043 1985 1059 2016 β
1086 1987 1192 2024 nobis
1221 1998 1244 2024 a
1269 1998 1335 2023 na—

267 2099 346 2138 Sed
374 2107 502 2137 motus
531 2097 750 2146 corporales
770 2095 972 2133 exteriores
1001 2101 1088 2130 sunt
1114 2093 1336 2131 hominibus

263 2166 290 2192 a
316 2160 472 2190 natura:
501 2151 715 2189 secundum
745 2161 862 2198 quam
891 2148 1048 2196 quidam
1078 2155 1165 2183 sunt
1193 2146 1336 2183 velocis

265 2214 396 2244 motus
432 2213 468 2242 et
502 2205 662 2254 quidam
695 2203 791 2240 tardi
827 2210 976 2247 motus,
1007 2208 1043 2238 et
1072 2201 1174 2237 idem
1204 2208 1259 2237 est
1288 2200 1335 2237 de

264 2259 347 2297 aliis
376 2258 597 2297 differentiis
627 2257 854 2294 exteriorum
883 2262 1075 2291 motuum.
1107 2254 1208 2301 Ergo
1237 2254 1336 2290 circa

266 2314 359 2350 tales
386 2319 514 2349 motus
543 2323 620 2348 non
649 2309 854 2347 attenditur
882 2308 1007 2357 aliqua
1034 2307 1165 2343 virtus.

321 2367 356 2404 3.
385 2366 628 2410 PRAETEREA,
658 2363 784 2400 omnis
812 2362 932 2398 virtus
966 2361 1120 2398 moralis
1149 2367 1205 2396 est
1238 2360 1336 2397 circa

262 2420 436 2461 actiones
464 2431 564 2468 quae
584 2426 671 2454 sunt
699 2417 748 2454 ad
777 2417 950 2460 alterum,
971 2415 1067 2452 sicut
1086 2413 1244 2450 iustitia:
1275 2414 1335 2450 vel

267 2472 367 2510 circa
403 2472 623 2521 passiones,
663 2471 758 2507 sicut
791 2469 1044 2517 temperantia
1073 2476 1109 2504 et
1141 2467 1334 2504 fortitudo.

268 2526 345 2563 Sed
374 2525 577 2562 exteriores
607 2532 735 2561 motus
755 2523 973 2571 corporales
1002 2534 1080 2558 non
1101 2528 1188 2557 sunt
1216 2521 1264 2557 ad
1285 2521 1336 2557 al·
1361 2562 1365 2578 ‚

267 2588 390 2616 terum
410 2591 524 2615 usum
544 2583 580 2614 Y:
607 2589 732 2626 neque
753 2576 866 2613 etiam
888 2584 975 2612 sunt
993 2575 1202 2624 passiones.
1233 2575 1336 2622 Ergo
1362 2582 1364 2614 ῑ

268 2633 367 2670 circa
396 2645 464 2669 eos
492 2644 571 2668 non
600 2639 656 2667 est
685 2630 811 2678 aliqua
838 2629 970 2666 virtus.
1362 2619 1364 2630 ¹

320 2698 358 2733 4.
387 2687 631 2728 PRAETEREA,
661 2683 698 2720 in
728 2682 834 2719 omni
863 2694 980 2730 opere
1007 2680 1157 2716 virtutis
1186 2688 1243 2716 est
1262 2688 1336 2716 stu-

268 2854 378 2884 tuum
407 2853 463 2882 est
491 2843 762 2893 vituperabile:
793 2842 882 2878 dicit
911 2841 1013 2877 enirn
1038 2839 1279 2886 Ambrosius,
1301 2840 1338 2876 in

270 2898 285 2936 1
310 2899 357 2936 de
384 2899 492 2947 Offic.
513 2897 554 2934 *ε
592 2898 661 2934 Est
695 2907 848 2946 gressus
879 2894 1087 2943 probabilis
1126 2894 1162 2929 in
1193 2904 1266 2940 quo
1294 2894 1341 2929 sit
1364 2890 1366 2894 '

268 2953 408 3001 species
427 2951 671 2996 auctoritatis,
691 2948 964 2999 gravitatisque
978 2947 1138 2995 pondus,
1159 2947 1340 2994 tranquil·
1364 2988 1367 2999 ι

270 3005 382 3042 litata&
408 3005 628 3055 vestigium:
655 3004 706 3039 ita
735 3009 859 3039 tamen
887 3002 921 3038 si
937 3000 1100 3037 studium
1119 2999 1212 3035 desit
1228 3005 1340 3047 atque

271 3057 472 3107 affectatio,
500 3058 567 3095 sed
592 3062 716 3094 motus
742 3057 790 3092 sit
809 3066 932 3104 purus
960 3065 1006 3090 ac
1032 3052 1204 3100 simplex.
1235 3053 1337 3100 Ergo

270 3110 422 3148 videtur
439 3111 543 3160 quod
559 3111 656 3148 circa
672 3109 992 3158 compositionem
1011 3105 1239 3142 exteriorum
1256 3118 1339 3143 mo—

272 3171 382 3199 tuum
411 3176 490 3200 non
518 3164 699 3200 consistat
725 3163 856 3199 virtus.

328 3215 402 3252 SED
430 3226 577 3254 coum
603 3228 672 3254 iss'r
713 3215 818 3265 quod
847 3214 964 3252 decor
992 3212 1200 3249 honestatis
1228 3212 1339 3260 perti-

273 3275 338 3305 net
364 3268 414 3305 ad
439 3268 631 3307 virtutem.
663 3270 738 3307 Sed
760 3266 987 3317 compositio
1008 3266 1236 3302 exteriorum
1258 3276 1340 3301 mo-

273 3328 382 3357 tuum
409 3321 572 3370 pertinet
598 3322 647 3359 ad
672 3323 852 3359 decorem
872 3320 1099 3358 honestatis:
1129 3318 1218 3356 dicit
1237 3318 1338 3355 enim

275 3373 520 3421 Ambrosius,
549 3374 588 3411 in
617 3375 698 3412 lde
720 3375 828 3423 Offic.
848 3374 889 3410 *τ
919 3374 1023 3410 Sicut
1047 3372 1278 3409 molliculum
1308 3377 1344 3408 et

275 3427 480 3476 infractum
513 3431 581 3463 aut
605 3428 707 3464 vocis
734 3439 868 3464 sonum
905 3432 973 3464 aut
996 3432 1143 3476 gestum
1172 3425 1342 3474 corporis

286 3588 289 3590 ,
329 3560 357 3593 α)
376 3567 453 3587 ex.·-
471 3559 498 3585 in
516 3558 589 3588 PHa,
607 3566 661 3584 om.
678 3558 709 3584 E.
862 3588 865 3590 ¹

273 3604 276 3606 ’
316 3593 355 3628 ·β)
374 3598 444 3621 sunt.
455 3607 475 3614 -
493 3594 585 3620 insunt
602 3593 659 3619 Psc
678 3599 703 3618 et
719 3601 745 3623 a,
765 3590 792 3618 e't
806 3593 842 3618 in
859 3601 929 3620 mox.

1814 1436 1834 1457 1,
1854 1428 1886 1452 ad
1907 1427 1930 1453 3.

1389 1518 1464 1543 non
1497 1508 1643 1554 probo,
1673 1508 1723 1544 ita
1759 1520 1878 1556 neque
1913 1515 2101 1558 agrestem
2134 1516 2202 1546 aut
2231 1512 2411 1548 rusticum
2431 1510 2455 1548 δ.
2582 1509 2596 1534 ⁶

1388 1560 1582 1596 Naturam
1612 1561 1820 1598 imitemur.-
1849 1563 1995 1611 effigies
2014 1563 2092 1599 eius
2102 1564 2280 1611 formula
2300 1565 2457 1613 discipli-

1388 1625 1471 1658 nae,
1490 1615 1628 1673 sorma
1657 1616 1857 1651 honestatis
1877 1622 1939 1652 est.
1971 1618 2072 1663 Ergo
2094 1617 2191 1652 circa
2213 1618 2457 1666 compositio-

1388 1679 1477 1703 nem
1507 1675 1737 1704 exter1orum
1769 1676 1944 1705 motuum
1976 1677 2031 1705 est
2058 1669 2189 1706 virtus.

1442 1721 1670 1757 Responmzo
1698 1733 1883 1758 DlCENDUM
1907 1722 2012 1770 quod
2040 1723 2159 1759 virtus
2184 1724 2338 1760 moralis
2368 1737 2458 1761 con-

1389 1773 1482 1810 sistit
1510 1774 1546 1810 in
1575 1775 1651 1810 hoc
1679 1775 1784 1823 quod
1809 1788 1854 1811 ea
1883 1788 1981 1824 quae
2003 1783 2089 1812 sunt
2117 1777 2283 1813 hominis
2312 1789 2381 1825 per
2401 1790 2456 1814 ra-

1389 1826 1533 1863 tionem
1563 1827 1798 1864 ordinantur.
1834 1828 2079 1865 Manifestum
2110 1837 2165 1865 est
2193 1837 2322 1866 autem
2352 1832 2456 1879 quod

1391 1881 1594 1917 exteriores
1623 1889 1750 1917 motus
1778 1881 1944 1918 hominis
1972 1890 2059 1918 sunt
2087 1894 2155 1930 per
2183 1883 2370 1920 rationem
2399 1896 2458 1920 or-

1391 1933 1595 1971 dinabiles:
1633 1934 1721 1982 quia
1756 1936 1804 1971 ad
1840 1934 2043 1983 imperium
2082 1935 2237 1972 rationis
2275 1937 2457 1973 exteriora

1390 1988 1566 2023 membra
1595 1995 1811 2024 moventur.
1850 1988 1961 2025 Unde
1990 1988 2233 2025 manifestum
2264 1997 2319 2026 est
2351 1991 2454 2038 quod

1391 2041 1490 2077 circa
1526 2041 1665 2077 horum
1700 2048 1876 2078 motuum
1912 2041 2190 2078 ordinationem
2220 2042 2340 2079 virtus
2373 2056 2456 2080 mo-

1392 2095 1476 2131 ralis
1505 2094 1674 2131 consistit
1687 2093 1717 2130 ³¹³.
2485 2098 2535 2119 ’θ’

1446 2147 1645 2184 Ordinatio
1684 2154 1812 2183 autem
1854 2147 1992 2184 horum
2037 2156 2213 2184 motuum
2255 2149 2458 2187 attenditur

1391 2209 1576 2249 quantum
1607 2201 1656 2237 ad
1685 2201 1784 2237 duo:
1815 2213 1892 2236 uno
1913 2200 2070 2248 quidem
2091 2201 2222 2243 modo,
2244 2202 2456 2239 secundum

1391 2254 1698 2291 convenientiam
1728 2265 1935 2301 personae;
1972 2254 2046 2290 alio
2075 2254 2214 2301 modo,
2245 2256 2457 2292 secundum

1391 2307 1700 2344 convenientiam
1721 2306 1770 2343 ad
1788 2307 1990 2343 exteriores
2009 2319 2204 2355 personas,
2222 2309 2372 2356 negotia
2391 2321 2458 2345 seu

1390 2361 1485 2398 loca.
1515 2360 1628 2398 Unde
1659 2359 1747 2396 dicit
1774 2359 2014 2407 Ambrosius,
2036 2360 2073 2397 in
2094 2361 2169 2397 Ide
2188 2361 2296 2409 Offic.
2313 2361 2349 2398 *ε
2369 2362 2459 2399 Hoc
2487 2363 2496 2373 ⁸
2511 2362 2567 2390 ‘³⁸¹³-
2582 2368 2627 2384 ¹¹¹·

1391 2420 1444 2451 est
1478 2412 1796 2462 pulchritudinem
1833 2413 1984 2450 vivendi
2019 2419 2163 2460 tenere,
2201 2416 2458 2452 convenientia

2551 2104 2602 2126 9⁰3·

1362 2505 1364 2514 2
1390 2469 1525 2516 cuique
1542 2467 1654 2504 sexui
1670 2473 1707 2503 et
1721 2478 1910 2514 personae
1928 2468 2103 2504 reddere:
2133 2475 2169 2504 et
2195 2468 2271 2504 hoc
2298 2469 2459 2516 pertinet

1391 2521 1440 2558 ad
1469 2521 1650 2569 primum.
1681 2520 1880 2566 Quantum
1905 2529 2032 2557 autem
2054 2520 2102 2557 ad
2123 2521 2347 2567 secundum,
2369 2523 2457 2558 sub·

1392 2575 1508 2611 ditur:
1546 2574 1626 2610 Hic
1659 2574 1752 2610 ordo
1784 2579 1977 2622 gestorum
2006 2574 2186 2621 optimus,
2215 2575 2275 2610 hic
2302 2581 2457 2611 ornatus

1390 2629 1442 2665 ad
1468 2639 1618 2664 omnem
1645 2627 1829 2664 actionem
1858 2627 2135 2663 accommodus,

1445 2682 1493 2717 Et
1513 2681 1599 2716 ideo
1620 2680 1716 2716 circa
1737 2679 1958 2716 huiusmodi
1979 2679 2182 2715 exteriores
2202 2687 2329 2715 motus
2349 2680 2456 2728 ponit

1390 2733 1635 2770 Andronicus
1653 2732 1674 2754 ’¹‘
1698 2733 1787 2769 duo.
1820 2732 1969 2768 Scilicet
1998 2738 2187 2777 ornatum,
2218 2733 2280 2780 qui
2304 2733 2455 2781 respicit
2484 2737 2543 2758 'De
2562 2737 2696 2766 Affecti&-

1391 2786 1699 2824 convenientiam
1739 2797 1947 2834 personae:
1992 2785 2094 2822 unde
2133 2785 2220 2822 dicit
2257 2786 2362 2833 quod
2401 2794 2456 2822 est

1391 2841 1545 2877 scientia
1582 2840 1684 2876 circa
1717 2839 1850 2875 decens
1878 2838 1914 2874 in
1949 2844 2051 2875 motu
2087 2844 2124 2875 et
2148 2838 2374 2875 habitudine.
2408 2840 2457 2875 Et

1392 2895 1531 2930 bonam
1553 2892 1840 2937 ordinationem,
1861 2903 1958 2939 quae
1980 2891 2130 2940 respicit
2149 2891 2455 2928 convenientiam

1393 2947 1443 2984 ad
1472 2947 1623 2983 diversa
1644 2945 1794 2992 negotia
1814 2952 1851 2981 et
1876 2957 1920 2980 ea
1940 2957 2037 2993 quae
2059 2945 2324 2982 circumstant:
2353 2945 2456 2981 unde

1392 3000 1482 3037 dicit
1509 3000 1614 3047 quod
1635 3006 1691 3034 est
1722 2998 1953 3045 experientia
1980 2998 2239 3046 separationis,
2259 2997 2357 3035 idest
2383 2997 2458 3034 dis-

1391 3053 1596 3098 tinctionis,
1626 3052 1829 3088 actionum.

1445 3108 1504 3142 An
1525 3117 1662 3142 ΡκιΜυΜ
1682 3115 1780 3141 ERGO
1801 3115 1986 3141 DlCENDUM
2011 3103 2115 3152 quod
2144 3111 2270 3140 motus
2301 3103 2457 3140 exterio-

1392 3171 1451 3195 res
1480 3166 1567 3195 sunt
1604 3158 1797 3206 quaedam
1826 3157 1932 3205 signa
1964 3156 2150 3193 interioris
2180 3156 2457 3205 dispositionis:

1393 3212 1603 3248 secundum
1635 3211 1732 3248 illud>
1751 3211 1867 3247 Eccli.
1888 3222 1949 3246 xix
1967 3209 2006 3246 *z
2036 3210 2205 3246 Amictus
2223 3210 2403 3257 corporis,
2424 3216 2459 3246 et
2484 3215 2495 3226 ·
2508 3214 2576 3236 Vm·
2591 3220 2625 3242 27-

1393 3265 1490 3301 risus
1518 3264 1696 3309 dentium,
1726 3268 1762 3300 et
1788 3264 1979 3312 ingressus
1997 3263 2170 3307 hominis,
2193 3263 2388 3299 enuntiant
2413 3262 2458 3299 de

1393 3317 1467 3354 illo.
1508 3318 1557 3354 Et
1585 3316 1811 3353 Ambrosius
1841 3316 1948 3361 dicit,
1979 3316 2015 3351 in
2047 3317 2059 3351 I
2085 3317 2130 3352 de
2154 3315 2261 3363 Offic.
2285 3315 2322 3362 ²⁸,
2353 3316 2458 3364 quod
2486 3323 2643 3351 ’Cup-mu-

1393 3371 1541 3407 habitus
1564 3370 1697 3406 mentis
1720 3370 1756 3406 in
1777 3369 1947 3417 corporis
1965 3374 2062 3405 statu
2081 3369 2269 3405 cernitur:
2298 3376 2335 3405 et
2353 3369 2458 3418 quod

1393 3435 1473 3461 vox
1500 3423 1686 3472 quaedam
1715 3422 1836 3459 animi
1861 3427 1915 3459 est
1939 3422 2109 3470 corporis
2136 3427 2269 3459 motus.

1449 3557 1476 3589 γ)
1497 3564 1613 3581 usum.—
1631 3556 1692 3581 Om.
1712 3555 1740 3581 P.

1448 3591 1473 3625 δ)
1493 3592 1630 3617 rusticum.
1642 3604 1660 3610 -
1678 3590 1805 3616 rus-ticam
1826 3589 1915 3615 PBsG.
