2768 4198
40 885 158 934 ffnffidqw·
173 890 253 912 ων
366 881 670 929 magnanimitati
683 881 715 918 ²⁸.
746 882 795 919 Et
821 882 960 931 primo,
981 882 1029 920 de
1062 882 1132 919 illis
1160 895 1260 932 quae
1290 895 1357 932 op·
1385 884 1387 890 ‘

281 942 478 984 ponuntur
506 934 578 972 sibi
596 947 666 984 per
693 947 913 973 excessum:
945 948 1043 985 quae
1072 944 1159 973 sunt
1184 936 1266 983 tria,
1287 936 1358 973 sci-
1384 931 1386 939 ⁴

41 995 51 1005 ·
89 1000 113 1016 u.
128 999 205 1016 mxi.

40 1021 62 1032 ’⁸
101 1026 225 1044 mcum.

39 1099 51 1111 ⁸
64 1099 112 1127 Qu.
127 1104 225 1122 exunt.

973 268 1242 315 QUAEsrlo
1273 269 1432 317 cxxx,
1463 269 1762 307 ART1cuLth
1793 270 1806 306 1
2440 280 2484 317 71

689 494 1103 571 QUAESTIO
1152 496 2094 554 CENTESIMATRIGESIMA

1067 617 1151 658 DE
1184 617 1703 659 PRAESUMPTIONE

1118 734 1152 759 IN
1182 734 1278 760 DUOS
1305 735 1510 760 ARTICULOS
1538 735 1655 761 DIVISA

366 839 476 864 EiNDE
510 827 835 866 considerandum
873 836 929 866 est
967 829 1015 866 de
1042 829 1143 866 vitiis
1173 829 1358 879 oppositis
1385 829 1388 875 ξ
1416 830 1527 868 Circa
1555 830 1723 879 primum
1753 838 1990 879 quaeruntur
2018 831 2108 867 duo.

281 987 366 1025 licet
394 988 669 1038 praesumptio,
691 989 846 1026 ambitio
861 989 893 1037 *,
921 989 1044 1027 inanis
1072 989 1192 1038 gloria
1205 989 1256 1026 *ἦ
1289 990 1355 1026 Se-

282 1041 422 1088 cundo,
454 1042 501 1080 de
530 1042 854 1092 pusillanimitate,
874 1055 976 1092 quae
996 1043 1205 1092 opponitur
1234 1043 1266 1079 ei
1286 1055 1355 1092 per

281 1095 444 1133 modum
475 1096 644 1133 defectus
659 1095 690 1134 ³⁸.

1469 919 1618 956 Primo:
1649 927 1778 956 utrum
1807 919 2069 968 praesumptio
2099 919 2144 956 sit
2171 927 2385 968 peccatum.

1469 1007 1670 1044 Secundo:
1700 1014 1829 1044 utrum
1857 1015 2077 1056 opponatur
2096 1009 2398 1057 magnanimitati
2416 1021 2486 1058 per

1520 1107 1733 1131 excessum.

1107 1203 1432 1247 ARTICULUS
1467 1204 1673 1246 PRIMUS

963 1299 1121 1330 UTRUM
1145 1297 1452 1329 PRAESUMPTIO
1477 1298 1544 1329 SIT
1568 1297 1808 1329 PECCATUM

1040 1377 1115 1407 Infra,
1135 1385 1180 1410 qu.
1199 1385 1302 1407 cxxxm,
1323 1382 1371 1403 art.
1395 1384 1422 1407 1;
1442 1377 1475 1402 IV
1496 1377 1593 1406 Etr-ic„
1614 1378 1672 1402 lect.
1690 1385 1724 1402 xl.

293 1579 424 1663 ’1εᾷ
440 1574 597 1613 (enim
626 1575 849 1625 Apostolus,
874 1576 927 1613 ad
942 1574 1101 1624 Philipp.
1123 1587 1159 1612 111
1174 1574 1212 1612 *ε
1247 1575 1353 1618 Quae

469 1635 594 1667 retro
623 1635 712 1667 sunt
737 1629 970 1676 obliviscens,
999 1629 1052 1666 ad
1076 1629 1271 1666 anteriora
1292 1641 1353 1666 me
1379 1665 1380 1676 2

276 1683 449 1722 extendo.
494 1683 573 1720 Sed
610 1683 686 1720 hoc
717 1683 871 1720 videtur
908 1683 957 1720 ad
995 1682 1351 1732 praesumptionem
1379 1698 1380 1736 j

275 1736 466 1787 pertinere
503 1737 611 1785 quod
639 1736 774 1786 aliquis
811 1737 942 1774 tendat
975 1737 1013 1774 in
1043 1749 1088 1773 ea
1126 1749 1226 1786 quae
1265 1744 1353 1773 sunt
1379 1757 1380 1760 =

275 1803 391 1841 supra
420 1790 602 1840 seipsum.
642 1791 745 1839 Ergo
774 1790 1036 1839 praesumptio
1071 1802 1150 1827 non
1181 1798 1236 1827 est
1263 1802 1351 1839 pec-

276 1851 416 1883 catum.

228 1940 234 1946 ,
331 1910 367 1936 2.
397 1899 635 1945 PRAETEREA,
665 1897 926 1946 Philosophus
946 1896 1046 1944 dicit,
1067 1896 1105 1933 in
1126 1897 1160 1933 X
1178 1897 1299 1934 Ethic.
1318 1897 1350 1943 *‚
1378 1915 1380 1919 >

276 1951 384 2001 quod
421 1957 568 2001 oportet
603 1963 678 1988 non
707 1951 913 1988 secundum
950 1951 1149 1987 suadentes
1181 1951 1351 1987 humana
1378 1989 1379 2003 3

275 2016 411 2055 sapere
428 2005 620 2042 hominem
640 2009 774 2050 entem,
797 2015 917 2053 neque
935 2004 1113 2041 mortalia
1132 2003 1352 2041 mortalem:
1378 2042 1379 2047 ,

275 2058 343 2096 sed
359 2058 583 2107 inquantum
603 2057 789 2108 contingit
805 2058 1020 2095 immortale
1035 2062 1052 2078 ²
1063 2058 1214 2106 facere.
1244 2057 1294 2094 Et
1312 2057 1351 2094 in
1378 2069 1379 2074 ¹

278 2111 568 2161 lMetaphys.*
596 2111 686 2149 dicit
705 2111 811 2160 quod
839 2112 960 2149 homo
991 2111 1105 2148 debet
1133 2123 1173 2148 se
1203 2111 1351 2148 trahere

277 2165 326 2204 ad
355 2165 486 2204 divina
513 2165 741 2214 inquantum
777 2173 914 2214 potest.
954 2164 1033 2202 Sed
1062 2164 1190 2202 divina
1219 2172 1256 2201 et
1280 2164 1350 2201 im·

278 2219 454 2257 mortalia
483 2219 651 2256 maxime
678 2218 860 2256 videntur
888 2230 971 2255 esse
1001 2230 1116 2266 supra
1135 2218 1349 2255 hominem.

277 2273 379 2310 Cum
401 2285 491 2321 ergo
511 2274 560 2310 de
580 2272 728 2309 ratione
747 2271 1071 2321 praesumptionis
1094 2271 1140 2308 sit
1160 2272 1265 2320 quod
1286 2271 1350 2309 ali-

276 2325 362 2376 quis
394 2325 525 2364 tendat
553 2326 590 2362 in
620 2338 665 2364 ea
693 2337 793 2375 quae
823 2333 910 2363 sunt
938 2338 1054 2375 supra
1083 2325 1264 2375 seipsum,
1293 2325 1350 2363 vi·
1377 2346 1379 2373 ς

276 2379 387 2417 detur
414 2379 521 2428 quod
549 2379 814 2428 praesumptio
844 2392 923 2417 non
952 2379 998 2416 sit
1026 2387 1246 2428 peccatum,
1281 2379 1349 2417 sed

232 2488 240 2494 -
275 2432 398 2482 magis
427 2433 472 2470 sit
501 2432 643 2481 aliquid
672 2432 875 2471 laudabile.

37 2487 165 2516 ‘Verus-

33 2861 44 2872 ‘
53 2849 126 2884 Ver..
140 2868 161 2891 3.

33 2973 44 2984 ·
57 2972 159 2995 lntefliu.

331 2488 366 2524 3.
387 2487 624 2534 PRAETEREA,
653 2487 864 2536 Apostolus
895 2486 993 2534 dicit,
1025 2488 1055 2524 ll
1077 2487 1129 2524 ad
1151 2487 1239 2524 Cor.
1261 2498 1296 2524 111
1312 2486 1348 2523 *ε

273 2540 366 2579 Νοη
393 2553 525 2578 sumus
551 2541 779 2589 sufficientes
807 2540 979 2591 cogitare
1005 2540 1151 2590 aliquid
1176 2553 1200 2577 a
1229 2541 1348 2587 nobis,

274 2594 386 2643 quasi
410 2606 461 2631 ex
489 2595 606 2632 nohis.
638 2594 678 2632 Si
708 2607 798 2643 ergo
827 2594 1103 2644 praesumptio,
1133 2595 1348 2631 secundum

316 1484 379 1524 ‘52:5³‘
397 1489 465 1528 »τη
493 1481 516 1507 1>
545 1481 683 1506 patmum
708 1480 763 1506 stc
784 1479 1028 1505 Pnocem‘rua.
1057 1467 1218 1504 Videtur
1247 1469 1353 1516 quod
1379 1472 1382 1523 Ι
1408 1474 1503 1513 tum,
1533 1474 1590 1504 est
1609 1466 1792 1503 vitiosum
1813 1474 1850 1503 et
1867 1474 2083 1516 peccatum.
2115 1468 2201 1505 Hoc
2225 1476 2355 1506 autem
2377 1482 2482 1508 com·

312 1520 395 1571 54⁸³).
414 1523 466 1583 5520
491 1521 758 1572 praesumptio
797 1534 876 1559 non
914 1521 959 1559 sit
997 1529 1211 1571 peccatum.
1252 1521 1381 1571 Dicitv

1409 1520 1575 1557 munitet
1603 1519 1641 1557 in
1671 1520 1852 1557 omnibus
1879 1521 1993 1558 rebus
2023 1521 2257 1559 naturalibus
2276 1522 2480 1571 invenitur,

1408 1573 1514 1623 quod
1535 1573 1728 1623 quaelibet
1747 1573 1847 1611 actio
1865 1583 2199 1612 commensuratur
2217 1575 2347 1613 virtuti
2369 1589 2481 1625 agen-

1408 1627 1472 1676 tis,
1502 1639 1573 1665 nec
1588 1625 1604 1657 β
1632 1628 1788 1676 aliquod
1819 1640 1935 1676 agens
1956 1629 2127 1666 naturale
2148 1629 2275 1666 nititur
2298 1630 2347 1667 ad
2368 1643 2480 1679 agen-

1408 1682 1502 1719 dum
1530 1681 1566 1719 id
1596 1682 1703 1731 quod
1733 1681 1880 1719 excedit
1909 1693 2019 1719 suam
2049 1683 2279 1720 facultatem.
2315 1684 2364 1721 Et
2391 1684 2479 1722 ideo

1407 1735 1589 1772 vitiosum
1620 1743 1676 1772 est
1705 1742 1741 1772 et
1768 1742 1982 1785 peccatum,
2014 1736 2122 1784 quasi
2152 1744 2283 1774 contra
2303 1737 2479 1776 ordinem

1408 1789 1620 1826 naturalem
1636 1788 1812 1836 existens,
1833 1789 1937 1838 quod
1957 1789 2092 1838 aliquis
2112 1799 2282 1828 assumat
2296 1790 2346 1828 ad
2367 1803 2480 1840 agen-

1408 1843 1502 1880 dum
1519 1854 1565 1879 ea
1584 1854 1682 1891 quae
1698 1843 1964 1892 praeferuntur
1983 1856 2074 1880 suae
2094 1843 2234 1881 virtuti.
2257 1844 2374 1892 Quod
2394 1858 2479 1894 per-

1407 1896 1499 1933 tinet
1518 1895 1567 1933 ad
1588 1896 1778 1933 rationem
1797 1896 2143 1946 praesumptionis:
2172 1898 2268 1935 sicut
2287 1905 2323 1935 et
2350 1897 2479 1948 ipsum

1408 1961 1551 1987 nomen
1590 1949 1817 1987 manifestat.
1855 1950 1968 1988 Unde
1998 1950 2244 1988 manifestum
2279 1959 2335 1988 est
2373 1953 2478 2002 quod

1407 2003 1669 2052 praesumptio
1699 2010 1756 2040 est
1782 2011 1996 2052 peccatum.

1459 2059 1520 2094 AD
1549 2068 1686 2094 PRIMUM
1716 2069 1816 2094 ERGO
1845 2069 2031 2095 DtCENDUM
2054 2057 2159 2107 quod
2179 2057 2271 2095 nihil
2300 2059 2479 2107 prohibet

1407 2110 1550 2158 aliquid
1581 2123 1663 2147 esse
1693 2123 1809 2159 supra
1828 2111 2041 2159 potentiam
2061 2110 2227 2148 activam
2248 2111 2405 2150 alicuius
2426 2113 2478 2150 rei

1408 2163 1587 2201 naturalis
1615 2163 1722 2212 quod
1742 2176 1821 2200 non
1842 2172 1898 2201 est
1917 2177 2032 2214 supra
2051 2165 2262 2213 potentiam
2282 2166 2477 2214 passivam

1407 2217 1600 2255 eiusdem:
1639 2217 1736 2254 inest
1765 2217 1868 2254 enim
1898 2218 1975 2255 aeri
2013 2218 2183 2267 potentia
2219 2219 2374 2267 passiva
2410 2231 2479 2268 per

1406 2283 1524 2320 quarn
1539 2278 1664 2320 potest
1679 2272 1921 2308 transmutari
1940 2272 1979 2309 in
1994 2272 2069 2309 hoc
2085 2272 2189 2321 quod
2204 2273 2345 2310 habeat
2364 2273 2479 2310 actio-

1407 2337 1495 2362 nem
1526 2332 1562 2361 et
1590 2332 1742 2362 motum
1771 2324 1888 2373 ignis,
1921 2338 2020 2374 quae
2051 2325 2239 2363 excedunt
2266 2327 2478 2375 potentiam

1405 2378 1571 2416 activam
1601 2378 1709 2415 aeris.
1741 2378 1803 2415 Sic
1830 2378 1945 2417 etiam
1965 2379 2148 2417 vitiosum
2179 2387 2277 2416 esset
2306 2387 2342 2417 et
2369 2393 2479 2430 prae-

1376 2435 1377 2438 ’
1406 2439 1677 2481 sumptuosum
1711 2432 1818 2480 quod
1847 2432 1982 2482 aliquis
2010 2433 2047 2470 in
2077 2438 2205 2471 statuY
2233 2433 2477 2483 imperfectae

1376 2495 1377 2498 ’
1404 2485 1551 2524 virtutis
1580 2485 1743 2523 existens
1764 2493 1963 2524 attentaret
1982 2486 2108 2524 statim
2132 2487 2284 2536 assequi
2305 2500 2350 2525 ea
2378 2500 2477 2536 quae

275 2659 392 2697 quam
422 2648 555 2696 aliquis
583 2646 712 2686 nititur
739 2648 779 2686 in
808 2660 854 2685 ea
882 2648 931 2686 ad
960 2660 1059 2696 quae
1089 2660 1168 2685 non
1197 2647 1348 2695 sufficit,
1375 2657 1377 2671 ³

275 2702 322 2738 sit
349 2709 571 2751 peccatum,
609 2701 762 2739 videtur
797 2701 903 2751 quod
931 2702 1053 2739 homo
1083 2714 1153 2739 nec
1183 2702 1348 2750 cogitare

275 2754 430 2804 aliquod
460 2756 610 2792 bonum
639 2755 738 2793 licite
767 2755 899 2804 possit.
934 2756 1053 2802 Quod
1083 2763 1138 2792 est
1166 2757 1348 2793 inconve-

275 2809 396 2847 niens.
427 2809 520 2846 Non
550 2821 639 2858 ergo
668 2808 932 2859 praesumptio
963 2817 1019 2846 est
1047 2816 1260 2858 peccatum.

329 2863 405 2900 SED
435 2874 583 2900 CONTRA
611 2874 678 2900 EST
713 2863 819 2913 quod
856 2862 991 2900 dicitur
1025 2862 1142 2900 Eccli.
1172 2861 1346 2899 xxxv11*:

280 2915 312 2954 Ο
332 2917 595 2966 praesumptio
625 2917 865 2965 nequissima,
897 2917 994 2953 unde
1022 2922 1150 2953 creata
1179 2915 1246 2953 es?
1274 2915 1349 2953 Ubi
1375 2929 1376 2933 ¹

276 2970 484 3019 respondet
522 2971 661 3008 Glossa
685 2971 724 3007 *ε
762 2971 822 3007 De
849 2970 953 3007 mala
986 2969 1126 3006 scilicet
1158 2969 1350 3006 voluntate
1375 2986 1376 3020 3

274 3029 485 3062 creaturae.
526 3024 604 3062 Sed
634 3036 751 3062 omne
789 3024 894 3074 quod
932 3023 1106 3073 procedit
1140 3035 1185 3060 ex
1221 3022 1348 3060 radice
1375 3034 1376 3051 ³

275 3078 399 3115 malae
418 3078 625 3116 voluntatis
645 3086 701 3116 est
720 3086 935 3128 peccatum.
961 3078 1064 3126 Ergo
1084 3076 1348 3126 praesumptio

1374 3128 1376 3147 ³
1403 3127 1581 3168 trahere⁶
1610 3130 1659 3167 ad
1686 3129 1918 3167 immortalia
1953 3138 1989 3167 et
2018 3130 2166 3167 divina:
2202 3141 2281 3166 non
2317 3129 2473 3178 quidem

276 3138 331 3168 est
357 3139 573 3180 peccatum.

329 3185 556 3223 Rasponnzo
584 3197 771 3224 DICENDUM
800 3185 917 3234 quod,
939 3196 1028 3221 cum
1059 3196 1104 3220 ea
1133 3194 1233 3233 quae
1262 3191 1350 3221 sunt

1406 2547 1493 2577 sunt
1512 2539 1702 2589 perfectae
1730 2539 1900 2577 virtutis:
1931 2540 1999 2578 sed
2029 2540 2058 2577 si
2080 2541 2164 2590 quis
2183 2541 2233 2578 ad
2252 2541 2327 2578 hoc
2347 2541 2478 2579 tendat

1406 2601 1445 2631 ut
1473 2593 1649 2643 proficiat
1675 2593 1715 2630 in
1743 2593 1924 2631 virtutem
1953 2594 2180 2643 perfectam,
2209 2595 2285 2631 hoc
2313 2607 2392 2632 non
2422 2602 2478 2632 est

1406 2655 1774 2696 praesumptuosum
1811 2659 1882 2684 nec
1920 2647 2116 2685 vitiosum.
2155 2648 2205 2684 Et
2242 2648 2318 2684 hoc
2355 2648 2475 2686 modo

1404 2701 1614 2750 Apostolus
1642 2700 1681 2737 in
1707 2700 1898 2738 anteriora
1917 2713 1957 2738 se
1978 2701 2217 2748 extendebat,
2248 2701 2388 2738 scilicet
2406 2714 2477 2750 per

1406 2757 1630 2792 continuum
1660 2755 1886 2803 profectum,

1458 2811 1516 2846 AD
1541 2819 1734 2846 SECUNDUM
1754 2819 1940 2845 mei-:noum
1969 2808 2075 2856 quod
2101 2807 2231 2845 divina
2251 2816 2288 2844 et
2316 2807 2474 2846 immor-

1404 2862 1490 2899 talia
1520 2863 1733 2899 secundum
1764 2861 1939 2898 ordinem
1969 2869 2127 2899 naturae
2156 2869 2244 2898 sunt
2263 2874 2378 2911 supra
2406 2863 2475 2899 ho-

1405 2915 1571 2953 minem:
1611 2915 1756 2952 homini
1788 2923 1918 2952 tamen
1946 2915 2045 2952 inest
2073 2916 2264 2964 quaedam
2295 2916 2475 2953 naturalis

1404 2968 1584 3018 potentia,
1606 2969 1748 3006 scilicet
1765 2968 1988 3016 intellectus,
2008 2981 2078 3018 per
2098 2981 2215 3018 quam
2234 2977 2361 3018 potest
2386 2982 2476 3006 con-

1404 3022 1508 3071 iungi
1537 3021 1815 3060 immortalibus
1845 3030 1881 3060 et
1909 3022 2060 3060 divinis.
2091 3024 2140 3060 Et
2168 3023 2381 3061 secundum
2400 3024 2475 3060 hoc

1405 3076 1660 3125 Philosophus
1696 3075 1785 3113 dicit
1813 3076 1918 3125 quod
1948 3083 2099 3126 oportet
2126 3075 2323 3113 hominem
2352 3089 2393 3113 se
2422 3084 2476 3113 at-

1403 3191 1444 3220 ut
1473 3195 1518 3220 ea
1546 3191 1726 3232 operetur
1754 3196 1853 3232 quae
1883 3183 1993 3220 decet
2014 3185 2142 3220 Deum
2172 3183 2315 3230 facere,
2347 3184 2414 3221 sed
2435 3191 2475 3221 ut

275 3238 490 3277 secundum
518 3247 695 3277 naturam
725 3239 798 3276 sint
827 3238 1001 3276 ordinata
1030 3237 1174 3275 ratione
1206 3235 1347 3284 divina,
1404 3237 1465 3274 ei*
1494 3237 1645 3274 uniatur
1672 3249 1742 3286 per
1770 3237 2002 3274 intellectum
2033 3245 2070 3274 et
2095 3237 2346 3274 voluntatem.

275 3303 394 3340 quarn
422 3292 593 3331 humana
622 3293 717 3331 ratio
747 3292 862 3330 debet
889 3291 1046 3338 imitari,
1076 3290 1263 3340 quidquid
1292 3303 1349 3328 se·

276 3345 446 3383 cundum
475 3346 663 3384 rationem
693 3347 906 3384 humanam
934 3346 978 3383 fit
1005 3346 1111 3395 quod
1133 3352 1188 3382 est
1217 3352 1348 3382 contra
1374 3343 1376 3374 ἕ
1405 3343 1511 3391 dicit,
1541 3342 1579 3381 in
1609 3344 1658 3380 111
1687 3343 1856 3390 Ethic.*‚
1896 3355 1994 3393 quae
2023 3356 2097 3393 per
2123 3344 2218 3381 alios
2250 3355 2473 3394 possumus,
2504 3353 2650 3402 ‘thffiuun

277 3398 454 3436 ordinem
484 3400 742 3438 communiter
760 3400 800 3437 in
818 3399 1052 3437 naturalibus
1073 3399 1186 3436 rebus
1215 3398 1348 3436 inven-
1374 3408 1375 3412 ¹

329 3544 357 3576 α)
377 3543 537 3569 immortale.
549 3557 568 3563 -
587 3543 766 3569 immortalem
786 3544 861 3574 PCG,
880 3545 1046 3570 immortalia
1066 3544 1111 3569 sK.

330 3578 355 3612 β)
375 3586 430 3604 nec.
443 3593 462 3599 -
475 3583 505 3604 ut
520 3579 729 3611 BDEFLpACK,
740 3583 770 3605 ut
780 3587 827 3605 nec
836 3581 871 3606 u.
879 3594 899 3600 -
911 3581 962 3606 Pro
972 3580 1077 3610 nititur,
1089 3580 1176 3605 utitur
1185 3579 1350 3612 ssFprAc.
1374 3562 1378 3572 ²

328 3615 355 3648 γ)
375 3618 459 3641 statu.
471 3629 490 3635 -
507 3618 570 3640 actu
591 3615 637 3639 Pa.

1456 3291 1516 3327 An
1536 3301 1697 3328 Telmun
1717 3302 1902 3327 DlCENDuM
1932 3290 2055 3340 quod,
2092 3290 2188 3327 sicut
2215 3289 2475 3340 Philosophus

1404 3396 1618 3446 aliqualiter
1639 3408 1714 3445 per
1741 3409 1809 3434 nos
1830 3409 2046 3445 possumus.
2085 3398 2134 3435 Et
2162 3397 2262 3446 ideo,
2293 3398 2383 3446 quia
2412 3411 2475 3435 co-

1457 3542 1482 3576 δ)
1501 3543 1652 3568 attrahere.
1662 3556 1683 3562 -
1700 3542 1808 3567 trahere
1828 3542 1879 3567 PE.

1456 3579 1478 3611 ε)
1498 3579 1530 3604 ei.
1543 3593 1561 3598 —
1579 3578 1618 3604 eis
1636 3578 1705 3611 Ppc.

2582 3394 2588 3400 .
2604 3367 2659 3400 lect.⁶
2666 3358 2717 3400 siin.
