2768 4198
0 2437 5 2451 t

0 2451 6 2503 ξ’

0 2507 3 2521 Ι

93 427 101 436 ·
130 426 164 447 De
196 425 305 453 Virginit.

93 458 131 479 qu.
147 457 173 474 n.

87 1137 99 1148 ·
110 1136 211 1159 mant.
220 1137 300 1165 ropac.

68 1163 105 1186 'li
123 1163 300 1192 .m.eap.n,

83 2646 96 2657 ⁸
109 2645 181 2668 Num.
196 2652 218 2668 v.

86 2958 96 2967 ⁴
110 2958 167 2985 Arg.
182 2963 197 2979 ι.

88 3004 99 3014 ·
111 3001 182 3023 Num.
198 3007 223 3024 n.

1049 253 1318 300 QUAESTIO
1349 252 1470 298 CLII,
1499 252 1798 290 ARTICULUS
1830 253 1841 289 1

1437 332 1439 340 ’
1467 341 1533 362 non
1550 332 1684 362 habetur
1699 332 1788 372 quod
1808 332 1848 363 sit
1863 332 1902 363 de
1916 332 2037 362 ratione
2056 332 2257 371 virginitatis:
2278 333 2332 362 sed
2350 334 2438 373 quod
2453 334 2538 363 radix

336 330 421 361 tinus
451 330 652 361 introducere
687 331 814 366 nititur,
840 331 878 361 de
906 331 1092 371 virginitatis
1123 331 1270 367 materia,
1295 331 1413 362 scilicet

336 375 426 415 quod
449 382 496 406 est
519 376 692 416 integritas
715 376 858 415 opposita
889 377 1088 416 corruptioni
1115 386 1178 416 per
1208 376 1410 407 libidinosum
1437 375 1438 397 ἶ

334 424 442 450 actum
457 419 485 455 *‚
509 419 731 450 irrationabilis
756 427 811 456 est,
833 426 864 450 et
887 420 1000 460 procul
1024 430 1042 450 a
1065 420 1125 460 piis
1150 427 1180 451 et
1204 421 1328 461 pudicis
1354 431 1411 451 au-

334 462 421 494 ribus
437 463 623 494 abiicienda.
648 464 746 501 Quod
764 471 960 495 monstratur
975 471 1006 495 et
1029 465 1197 500 ostensive,
1215 472 1246 495 et
1261 466 1410 495 ducendo

333 508 374 538 ad
396 508 638 539 inconveniens.
669 508 839 539 Ostensive
867 509 1016 549 quidem,
1039 509 1116 550 quia
1145 509 1335 540 libidinosus
1358 509 1411 540 ille

332 559 421 583 actus
446 551 558 595 (quem
583 553 678 584 etiam
702 559 794 593 turpe
819 560 866 584 est
889 553 1005 595 dicere)
1031 564 1087 594 per
1115 564 1148 584 se
1181 555 1347 585 ordinatur
1370 554 1409 584 ad
1435 563 1437 571 ²

331 597 461 627 seminis
485 597 739 628 delectationem.
765 598 863 635 Quod
888 598 1054 629 manifeste
1079 606 1164 639 patet
1181 608 1217 629 ex
1241 600 1303 629 hoc
1319 599 1409 639 quod
1434 585 1437 637 Ῐ

331 647 465 682 uterque
489 651 581 672 sexus
605 642 644 672 ab
668 641 855 673 huiusmodi
887 642 1009 673 actibus
1038 651 1137 674 cessat
1161 653 1236 673 cum
1260 644 1300 673 ad
1324 653 1408 673 reso·
1434 641 1436 685 Ι

329 685 488 716 lutionem
521 686 651 716 seminis
684 694 873 726 perventum
904 694 966 718 est:
1000 694 1030 718 et
1061 698 1242 728 nunquam,
1274 687 1408 718 naturali
1434 688 1436 714 ζ

330 730 452 766 ordine,
477 738 587 766 cessat,
605 740 778 771 quousque
802 732 841 761 ad
866 732 927 762 hoc
950 732 1124 772 perveniat.
1153 733 1238 769 Quia
1262 742 1338 772 ergo
1361 731 1408 761 in·
1434 727 1435 771 Ῑ

329 775 538 814 temperantia
550 782 597 805 est
609 775 690 806 circa
703 775 886 806 delectabile
903 777 1080 807 secundum
1097 784 1233 813 tactum;
1247 783 1278 806 et
1294 785 1408 806 omnes
1433 773 1435 805 i

329 818 398 850 eius
423 819 543 860 species
567 827 643 850 sunt
666 820 746 850 circa
766 820 899 861 aliquod
923 821 1107 852 delectabile
1126 821 1337 862 praecipuum
1361 830 1408 850 se·
1433 856 1435 859 Υ

330 863 473 894 cundum
490 871 628 900 tactum;
653 874 854 905 consequens
870 872 917 896 est
932 873 967 896 ut
990 866 1152 905 virginitas
1169 866 1209 896 sit
1224 865 1305 896 circa
1322 874 1409 905 prae·

329 907 463 948 cipuum
480 909 663 940 delectabile
680 910 858 940 secundum
875 917 996 940 tactum
1008 910 1090 940 inter
1105 919 1141 940 ea
1153 920 1236 951 quae
1248 910 1288 939 ad
1304 909 1408 949 ipsam
1433 926 1434 948 1

328 959 482 992 spectant.
516 953 577 984 Sed
601 953 772 994 praeprua
795 954 964 985 delectatio
988 964 1053 984 non
1078 961 1125 985 est
1147 954 1180 984 in
1204 954 1272 984 istis
1303 953 1407 983 libidi-
1433 956 1435 975 ’ν

329 997 416 1027 nosis
440 998 581 1035 actibus,
609 999 663 1028 sed
688 998 719 1028 in
744 998 812 1038 ipsa
836 998 966 1029 seminis
989 999 1196 1029 resolutione.
1227 998 1313 1037 Ergo
1338 996 1407 1027 talis

329 1041 497 1073 delectatio
517 1049 563 1073 est
586 1042 716 1082 propria
740 1043 872 1073 materia
895 1042 1093 1082 virginitatis.

386 1086 427 1117 Et
450 1086 668 1118 confirmatur.
699 1087 784 1124 Quia
813 1088 867 1118 ubi
895 1097 996 1118 unum
1015 1092 1154 1127 propter
1176 1087 1339 1122 alterum,
1365 1085 1408 1115 ihi
1432 1111 1433 1114 ,

329 1140 429 1161 unum
454 1136 580 1162 tantum
596 1131 623 1162 *.
649 1132 711 1162 Sed
735 1138 824 1162 actus
846 1131 1038 1162 libidinosus
1063 1138 1110 1161 est
1133 1140 1189 1171 per
1212 1140 1245 1160 se
1262 1137 1293 1160 et
1316 1136 1407 1159 natu·
1431 1154 1434 1171 J

328 1174 433 1205 raliter
455 1183 587 1216 propter
602 1175 732 1206 seminis
747 1175 994 1206 resolutionem:
1020 1183 1051 1206 et
1065 1175 1118 1205 illa
1142 1173 1309 1205 delectatio
1333 1183 1408 1213 pro-

328 1225 398 1259 pter
419 1220 513 1250 istam
537 1220 792 1251 delectationem.
820 1220 906 1260 Ergo
931 1220 999 1250 sola
1023 1219 1191 1250 delectatio
1220 1218 1252 1248 in
1276 1217 1407 1248 seminis

327 1263 524 1295 resolutione
548 1271 595 1295 est
617 1264 748 1295 materia
771 1263 969 1304 virginitatis.

322 1328 331 1329 e
383 1308 656 1339 Ethonfirmatur
683 1318 792 1339 rursus
822 1309 862 1339 ab
892 1308 1062 1349 oppositis.
1092 1307 1178 1344 Quia
1201 1314 1303 1337 cetera
1330 1305 1406 1336 vitia
1430 1327 1432 1353 ξ

326 1353 480 1389 luxuriae,
505 1354 683 1384 secundum
706 1352 879 1393 perfectam
902 1363 978 1384 suae
1003 1351 1119 1392 speciei
1142 1351 1310 1387 rationem,
1328 1359 1406 1380 con·
1430 1355 1432 1391 ξ

327 1396 503 1428 stituuntur
527 1407 564 1428 ex
583 1397 690 1438 aliqua
714 1396 910 1427 resolutione
934 1397 1081 1428 seminis:
1108 1402 1145 1427 ut
1167 1402 1255 1436 patet
1277 1395 1316 1425 de
1340 1394 1404 1424 for-

326 1440 496 1478 nicatione,
521 1442 689 1478 adulterio,
714 1441 847 1478 incestu,
873 1441 1018 1476 mollitie,
1043 1440 1203 1476 sodomia,
1228 1446 1287 1470 etc.
1319 1439 1405 1478 Ergo

326 1491 475 1526 stuprum
498 1485 642 1517 consistit
665 1487 759 1517 etiarn
784 1486 817 1516 in
836 1486 943 1527 aliqua
961 1485 1142 1516 inordinata
1156 1484 1288 1515 seminis
1312 1483 1406 1514 emis-

326 1529 428 1561 sione.
457 1533 503 1562 Ac
533 1540 590 1571 per
612 1530 690 1567 hoc,
715 1530 877 1570 virginitas
901 1531 1052 1571 opposita
1085 1529 1230 1561 consistit
1253 1529 1286 1559 in
1309 1528 1405 1558 absti-

326 1574 434 1606 nentia
458 1576 497 1606 ab
520 1575 708 1606 huiusmodi
731 1575 954 1607 delectatione.

381 1619 479 1651 Ducit
501 1626 610 1651 autem
639 1619 678 1650 ad
702 1620 931 1650 inconveniens
962 1619 1141 1650 maximum
1165 1619 1242 1649 haec
1270 1617 1405 1648 novitas.
1430 1640 1432 1655 ,

326 1663 492 1702 Quoniam
515 1664 694 1695 secundum
718 1664 791 1700 hoc,
815 1671 883 1695 tam
906 1664 1022 1696 mulier
1037 1674 1135 1706 quam
1156 1663 1204 1694 vir
1226 1661 1406 1693 voluntarie

325 1708 359 1739 in
383 1709 522 1740 morosis
549 1708 814 1740 delectationibus
844 1709 1055 1740 inhonestatis
1084 1715 1266 1744 manentes,
1291 1714 1323 1737 et
1351 1706 1405 1736 ad—

325 1760 482 1784 vertenter
503 1753 649 1784 volentes
667 1753 742 1784 inde
766 1753 857 1794 sequi
880 1754 1098 1794 ponutiones,
1123 1763 1206 1794 quae
1230 1751 1274 1782 sic
1298 1751 1406 1791 dispo-

325 1798 394 1829 sitis
417 1798 633 1830 communiter
655 1798 848 1829 adveniunt:
877 1806 965 1834 tunc,
991 1805 1067 1838 post
1089 1797 1177 1828 mille
1207 1796 1406 1837 pollutiones

325 1843 532 1879 voluntarias,
557 1843 624 1874 sine
651 1842 797 1873 exteriori
821 1850 928 1874 tamen
952 1842 1187 1883 procuratione,
1212 1847 1316 1871 essent
1342 1840 1406 1870 vir-

325 1886 415 1928 gines
445 1887 621 1924 moraliter;
653 1887 728 1927 quia
757 1887 970 1927 integritatem
1001 1886 1186 1927 oppositam
1215 1885 1406 1915 libidinosae

325 1931 526 1972 corruptioni
549 1931 685 1962 omnino
705 1941 827 1961 servare
842 1931 968 1962 volunt.
993 1932 1067 1962 Hoc
1086 1938 1195 1961 autem
1214 1940 1280 1960 non
1298 1929 1406 1959 solum

325 1975 384 2006 viri
408 1976 510 2013 docti,
534 1976 590 2006 sed
613 1976 700 2017 ipsae
724 1975 874 2006 mulieres
897 1976 1034 2016 virgines
1058 1985 1125 2006 non
1149 1974 1332 2005 admittunt.
1366 1973 1407 2004 Et

326 2021 498 2062 quomodo
521 2027 627 2060 potest
649 2020 797 2051 sustineri
821 2027 857 2051 ut
880 2021 1041 2051 illustrior
1057 2021 1164 2061 portio
1179 2020 1295 2061 gregis
1314 2018 1406 2049 Chri-

325 2066 368 2097 sti
382 2065 410 2102 *,
434 2065 607 2105 virginium,
624 2065 838 2105 compatiatur
856 2075 966 2096 secum
983 2075 1067 2106 quae
1083 2064 1267 2096 communis
1282 2062 1407 2094 castitas

327 2120 394 2141 non
429 2107 646 2150 compatitur?
682 2108 877 2140 Communis
909 2109 1068 2150 siquidem
1102 2109 1201 2140 animi
1235 2107 1406 2148 conceptio

327 2154 477 2186 omniurn
500 2153 759 2185 Christianorum
784 2164 851 2185 esse
874 2153 1000 2185 videtur
1028 2154 1118 2195 quod
1141 2152 1304 2193 virginitas
1335 2162 1407 2182 san-

327 2199 407 2230 ctior
437 2205 484 2230 est
513 2198 664 2230 castitate.
698 2198 774 2236 Quo
803 2205 911 2229 autem
939 2204 1034 2239 pacto
1063 2198 1220 2234 sanctior,
1246 2196 1271 2227 si
1295 2206 1405 2227 secum

327 2243 521 2284 compatitur
543 2250 592 2274 tot
614 2249 743 2283 peccata
766 2242 924 2279 mortalia,
949 2242 1094 2279 carnalia,
1110 2241 1311 2276 innaturalia,
1330 2251 1405 2271 con-

327 2294 504 2324 summata,
527 2297 611 2328 quae
634 2287 758 2318 castitas
782 2294 906 2318 constat
929 2287 1019 2327 quod
1043 2297 1109 2318 non
1140 2285 1336 2326 compatitur
1359 2295 1406 2315 se-

326 2330 421 2364 cum?
449 2332 491 2363 Et
513 2333 593 2362 bene
617 2338 694 2362 nota
716 2332 806 2372 quod
839 2331 902 2362 hoc
923 2331 1152 2362 inconveniens
1183 2341 1250 2362 non
1281 2337 1327 2361 est
1355 2330 1405 2360 in·

326 2377 519 2409 conveniens
543 2386 580 2407 ex
611 2375 721 2417 aliquo
754 2386 829 2406 casu
858 2386 916 2416 per
943 2376 1107 2412 accidens,
1136 2386 1173 2406 ex
1201 2374 1404 2406 infirmitate:

325 2421 391 2458 sed,
415 2421 530 2452 stando
550 2420 631 2451 infra
650 2420 828 2451 naturalem
845 2431 1121 2462 communemque
1138 2430 1269 2451 cursum
1286 2429 1404 2456 rerum,

325 2466 507 2508 frequenter
527 2465 614 2496 istud
637 2465 864 2496 inconveniens
888 2465 1052 2496 accideret.

381 2510 554 2551 Sequendo
578 2519 654 2549 ergo
674 2510 806 2540 Parrum
831 2509 976 2550 vestigia,
1002 2510 1040 2540 ad
1065 2509 1190 2540 obiecta
1209 2509 1405 2549 responden-

326 2556 406 2586 dum
429 2561 487 2585 est.

382 2599 451 2629 VII.
475 2598 527 2629 Ad
556 2599 636 2629 duas
659 2598 856 2629 obiectiones
885 2599 918 2629 in
942 2599 1049 2639 primo
1074 2598 1174 2629 dubio
1188 2598 1206 2617 *
1228 2597 1294 2628 iam
1317 2604 1404 2638 patet

327 2643 494 2684 responsio
520 2652 557 2673 ex
580 2642 672 2673 dictis
686 2643 719 2673 *:
751 2642 869 2674 scilicet
896 2644 987 2684 quod
1011 2643 1050 2673 de
1073 2642 1195 2673 ratione
1218 2642 1404 2682 virginitatis

327 2696 363 2720 ut
387 2695 434 2718 est
457 2694 556 2718 status
581 2687 748 2724 castitatis,
773 2697 839 2718 non
864 2694 911 2718 est
939 2687 1158 2728 perpetuitatis
1186 2687 1401 2728 propositum.

326 2732 367 2764 Et
390 2732 568 2763 secundum
592 2731 688 2762 talem
713 2731 862 2762 castitatis
886 2738 1015 2768 statum,
1039 2732 1129 2771 virgo
1144 2731 1324 2762 voluntarie
1344 2741 1403 2762 nu-

325 2777 389 2813 bit;
413 2785 444 2808 et
468 2776 673 2816 distinguitur
695 2783 795 2807 status
818 2775 979 2816 virginalis
1003 2787 1021 2806 a
1037 2776 1209 2815 coniugato
1227 2782 1258 2806 et
1271 2775 1401 2806 viduali.

325 2821 387 2853 Sed
411 2824 534 2852 Auctor
556 2821 700 2861 loquitur
723 2827 760 2851 ut
783 2827 830 2851 est
853 2821 997 2860 specialis
1020 2820 1120 2851 virtus
1143 2820 1213 2860 ipsa
1228 2820 1401 2860 virginitas,

325 2877 344 2898 a
366 2866 507 2897 castitate
531 2865 677 2896 distincta
697 2865 876 2896 secundum
891 2865 1040 2906 speciem.
1063 2865 1130 2895 Nec
1147 2864 1319 2895 somniavit
1334 2867 1402 2895 Au·

325 2917 403 2947 ctor,
427 2917 484 2941 aut
507 2920 544 2940 ex
558 2920 592 2940 se
615 2910 725 2950 posuit
743 2910 988 2950 perpetuitatem
1004 2910 1044 2940 de
1058 2909 1181 2940 ratione
1196 2909 1400 2948 virginitatis:

325 2956 390 2992 sed,
415 2962 451 2986 ut
474 2955 507 2985 in
530 2954 633 2985 littera
647 2954 665 2973 ’¹‘
689 2961 785 2995 patet,
810 2964 847 2985 ex
870 2954 1054 2994 Augustino
1079 2954 1141 2984 hoc
1163 2953 1296 2994 accepit.

381 2999 464 3030 VIII.
487 2999 539 3029 Ad
563 2999 687 3030 obiecta
715 2999 748 3029 in
773 2999 915 3030 secundo
940 2998 1039 3029 dubio
1059 2998 1076 3017 *
1106 2998 1221 3028 dicitur
1245 2998 1399 3029 ordinate.

324 3044 365 3075 Et
387 3044 427 3075 ad
444 3044 602 3084 primum,
627 3044 717 3085 quod
740 3043 843 3074 maior
866 3050 913 3074 est
932 3043 1020 3073 falsa:
1047 3042 1203 3083 quoniam
1220 3042 1400 3073 subiectum

325 3098 392 3119 non
409 3095 456 3119 est
478 3087 546 3118 sine
569 3088 699 3128 propria
720 3088 879 3128 passione,
897 3095 928 3119 et
942 3094 1050 3118 tamen
1066 3087 1194 3128 propria
1210 3087 1317 3127 passio
1333 3096 1400 3117 non

325 3139 373 3163 est
394 3133 434 3163 de
456 3132 578 3164 ratione
601 3133 745 3164 subiecti.
776 3133 818 3164 Et
840 3132 987 3172 probatio
1012 3132 1081 3162 eius
1109 3132 1244 3162 assumit
1266 3131 1383 3163 falsum

325 3176 453 3213 scilicet,
479 3177 574 3215 Quod
596 3183 644 3209 est
664 3180 735 3208 sine
758 3187 795 3208 eo
818 3178 904 3218 quod
919 3187 984 3218 per
998 3177 1147 3207 accidens
1169 3185 1204 3207 se
1226 3176 1334 3214 habet,
1352 3177 1399 3206 ηἰ-

324 3221 498 3252 hilominus
521 3227 668 3253 remanet
689 3230 762 3253 res:
785 3229 821 3253 ut
844 3229 929 3262 patet
951 3221 984 3251 in
1008 3221 1156 3252 instantia
1181 3221 1262 3251 data.
1291 3220 1400 3251 Passio

326 3264 413 3295 enim
436 3275 492 3305 per
514 3265 669 3302 accidens,
693 3266 756 3298 hoc
780 3273 826 3298 est
849 3273 934 3297 extra
949 3265 1119 3296 essentiam
1135 3271 1182 3295 est
1197 3265 1345 3295 subiecti:
1371 3270 1402 3295 et

325 3315 432 3340 tamen
455 3309 523 3340 sine
545 3309 599 3340 illa
623 3321 690 3341 non
706 3318 761 3347 est,
782 3311 895 3342 saltem
911 3310 1103 3346 naturaliter,
1121 3309 1309 3340 subiectum.
1334 3311 1400 3349 Ap—
1425 3291 1428 3342 i

326 3361 414 3393 paret
438 3360 546 3384 autem
569 3354 735 3386 manifeste
759 3365 846 3386 error
869 3356 902 3386 in
921 3356 980 3386 ista
995 3355 1115 3385 maiore
1139 3361 1170 3385 et
1194 3353 1399 3394 probatione:

326 3398 402 3439 quia
426 3398 500 3438 plus
523 3398 658 3438 exigitur
679 3400 721 3430 ad
742 3410 811 3431 esse
834 3401 873 3430 de
895 3400 1018 3432 ratione
1042 3399 1177 3430 alicuius
1201 3408 1300 3440 quam
1315 3398 1399 3428 inse-

327 3442 507 3482 parabiliter
529 3442 589 3473 sibi
612 3452 793 3474 connexum
813 3454 890 3476 esse.
914 3445 988 3475 Non
1006 3443 1174 3474 adulterari
1191 3453 1331 3483 namque
1349 3453 1401 3473 ne-

327 3486 461 3517 cessario
495 3496 656 3517 annexum
684 3494 732 3518 est
757 3488 944 3528 virginitati,
967 3489 1011 3519 ita
1039 3489 1128 3529 quod
1152 3488 1219 3518 sine
1244 3488 1305 3518 hoc
1334 3497 1400 3517 non
1426 3499 1428 3518 5

326 3531 471 3562 consistit
493 3531 672 3571 virginitas:
708 3538 739 3562 et
766 3539 873 3563 tamen
901 3542 967 3563 non
996 3532 1165 3564 adulterari
1195 3542 1262 3563 non
1286 3538 1334 3563 est
1362 3532 1400 3562 de

326 3576 448 3606 ratione
471 3575 667 3615 virginitatis.
691 3593 713 3598 -
736 3576 830 3607 Unde
846 3577 886 3606 ad
902 3577 1062 3607 minorem
1079 3577 1193 3608 dicitur
1207 3577 1307 3617 quod,
1325 3577 1400 3607 dato

326 3620 416 3660 quod
440 3619 506 3650 sine
530 3620 584 3650 tali
607 3619 784 3660 integritate
808 3630 875 3650 non
898 3621 1070 3651 salvaretur
1089 3621 1261 3661 virginitas,
1279 3631 1316 3652 ex
1339 3621 1401 3651 hoc

2468 265 2537 301 199

1466 376 1652 406 huiusmodi
1676 376 1860 416 integritatis
1880 376 1919 407 sit
1942 377 1981 407 de
2005 377 2126 407 ratione
2151 377 2234 412 eius;
2266 377 2347 407 sicut
2367 377 2454 407 radix
2472 378 2537 408 eius

1466 421 1554 461 quod
1579 429 1626 451 est
1650 431 1715 451 non
1744 421 1927 458 adulterari,
1952 428 1983 452 et
2006 421 2150 451 similiter
2172 421 2259 451 radix
2285 421 2352 451 eius
2381 422 2469 461 quod
2494 429 2539 452 est

1466 475 1530 494 non
1554 465 1722 496 libidinose
1746 466 1918 506 corrumpi,
1936 465 2052 496 scilicet
2077 475 2142 495 non
2173 466 2327 496 seminare
2349 466 2537 501 voluntarie,

1465 516 1511 539 est
1531 510 1569 540 de
1586 510 1708 540 ratione
1732 510 1934 550 virginitatis;
1960 518 1990 541 et
2013 520 2079 540 non
2102 510 2171 550 ipsa
2194 510 2355 550 integritas
2378 511 2537 550 opposita,

1435 551 1437 561 ⁴
1465 553 1523 583 nisi
1548 561 1584 584 ut
1606 554 1655 584 via
1679 556 1718 584 ad
1741 555 1980 586 immunitatem
2004 555 2190 586 seminariae
2213 554 2443 585 delectationis.

1519 599 1569 629 Ad
1590 599 1768 630 secundum
1786 599 1901 630 dicitur
1916 600 2006 640 quod
2022 599 2210 630 huiusmodi
2227 599 2398 639 integritas,
2417 599 2537 629 seclusa

1463 642 1660 682 pollutione,
1686 654 1752 674 non
1777 651 1823 674 est
1853 654 1909 684 per
1932 654 1964 674 se
1988 644 2151 675 obiectum
2178 643 2335 685 propositi
2358 643 2536 683 virginalis:

1462 687 1516 717 sed
1541 687 1623 718 cadit
1647 689 1706 718 sub
1730 689 1898 728 proposito
1922 689 2065 728 virginali
2096 696 2132 719 ut
2156 689 2205 719 via
2234 689 2273 719 ad
2301 688 2536 718 immunitatem

1463 741 1480 760 a
1504 732 1685 771 pollutione
1709 733 1849 763 seminis.

1518 776 1558 806 Et
1581 786 1638 816 per
1660 777 1723 807 hoc
1746 784 1832 817 patet
1855 778 2022 816 responsio
2047 778 2085 807 ad
2110 778 2250 808 tertium.
2275 776 2440 814 Quoniam
2458 776 2538 806 inte—

1461 819 1556 859 gritas
1579 821 1767 851 huiusmodi
1788 831 1853 852 non
1871 821 1931 851 nisi
1947 822 2069 853 ratione
2084 822 2296 854 immunitatis
2311 832 2329 851 a
2345 821 2536 861 pollutione,

1461 873 1516 894 seu
1546 865 1666 895 ordinis
1693 866 1732 895 ad
1756 866 1862 902 illam,
1886 866 1919 896 in
1947 866 2069 896 ratione
2093 866 2279 907 virginitatis
2304 865 2480 897 clauditur:
2511 865 2537 895 si

1461 908 1569 948 aliqua
1592 909 1663 940 talis
1687 909 1830 940 definitio
1853 910 2057 941 inveniretur.

1516 954 1567 983 Ad
1590 959 1756 994 quartum,
1781 954 1845 984 iam
1869 962 1956 993 patet
1970 954 1987 974 *
2011 955 2100 995 quod
2131 955 2321 995 aequivocat
2343 955 2383 984 de
2406 954 2535 994 virgini-

1461 1004 1534 1028 tate.
1569 997 1734 1034 Quoniam
1758 998 1848 1037 signa
1880 1006 2035 1038 apparent
2064 999 2250 1039 virginitatis
2275 999 2444 1034 naturalis,
2470 1008 2535 1029 non

1461 1041 1602 1078 moralis,
1627 1048 1663 1072 ut
1687 1042 1808 1072 clarum
1834 1049 1891 1072 est.

1516 1085 1568 1116 IX.
1593 1086 1644 1116 Ad
1668 1086 1792 1116 obiecta
1816 1086 1849 1116 in
1873 1087 1967 1117 tertio
1992 1087 2092 1117 dubio
2107 1087 2124 1106 *
2151 1088 2372 1127 respondetur.
2408 1088 2448 1117 Et
2465 1088 2536 1127 pri-

1459 1139 1522 1166 mo,
1548 1137 1682 1169 negatur
1704 1131 1905 1161 antecedens.
1934 1131 2110 1167 Quoniam,
2134 1131 2239 1171 posita
2263 1132 2318 1162 tali
2342 1131 2535 1171 integritate,

1459 1179 1490 1203 et
1512 1173 1598 1204 illius
1622 1174 1803 1214 proposito,
1828 1185 1894 1205 non
1920 1175 2052 1215 ponitur
2074 1175 2245 1215 virginitas,
2270 1182 2306 1206 ut
2330 1183 2426 1216 patet.
2453 1176 2537 1213 Quia

1431 1216 1432 1222 ¹
1458 1224 1518 1248 stat
1542 1228 1617 1248 cum
1642 1218 1704 1249 hoc
1732 1219 1823 1259 quod
1848 1220 1956 1250 nullus
1980 1220 2091 1259 perdat
2115 1220 2289 1250 castitatem
2314 1227 2537 1250 consummate

1458 1262 1638 1292 voluntaria
1662 1263 1842 1302 pollutione
1866 1270 2034 1304 procurata
2058 1274 2114 1304 per
2137 1264 2222 1294 solas
2242 1274 2386 1295 morosas
2403 1264 2537 1295 delecta-

1458 1306 1590 1337 ctiones.
1615 1324 1636 1330 -
1661 1307 1754 1338 Unde
1777 1314 1864 1347 patet
1889 1309 1979 1348 quod
2003 1308 2150 1348 probatio
2174 1308 2253 1348 petit
2276 1308 2479 1348 principium.

1514 1351 1565 1381 Ad
1581 1352 1758 1382 secundum
1776 1362 1851 1382 vero
1873 1353 1988 1383 dicitur
2004 1353 2093 1393 quod
2118 1352 2149 1382 in
2167 1363 2240 1382 casu
2264 1353 2321 1382 illo
2342 1353 2444 1393 prima
2464 1353 2536 1383 ideo

1430 1398 1432 1404 ’
1459 1395 1615 1426 diceretur
1638 1396 1727 1436 virgo
1758 1397 1834 1437 quia
1858 1407 2026 1438 nunquam
2058 1397 2170 1427 habuit
2192 1397 2406 1427 voluntariam
2431 1397 2537 1437 pollu-

1458 1439 1591 1470 tionem.
1616 1441 1819 1480 Approbatio
1844 1442 1929 1472 enim
1955 1449 2029 1482 post
2052 1441 2173 1472 factum
2190 1451 2255 1471 non
2273 1441 2375 1472 reddit
2398 1449 2536 1482 praeter-

1457 1484 1535 1515 itam
1551 1485 1784 1516 voluntariam:
1810 1487 1865 1516 sed
1880 1486 2006 1516 videtur
2021 1485 2219 1526 aequivalere
2236 1486 2392 1516 desiderio
2409 1496 2463 1516 seu
2481 1496 2537 1516 vo-

1456 1529 1570 1560 luntati
1595 1530 1796 1570 pollutionis,
1821 1541 1903 1571 quae
1927 1530 2140 1570 virginitatem
2158 1531 2331 1560 mentalem
2351 1530 2452 1560 solam
2476 1530 2537 1561 tol-

1457 1573 1503 1605 lit.
1526 1592 1548 1597 -
1572 1574 1719 1605 Secunda
1742 1582 1851 1606 autern
1880 1583 1926 1606 est
1954 1585 2010 1616 per
2033 1574 2196 1611 accidens,
2221 1585 2258 1605 ex
2282 1582 2369 1615 parte
2394 1574 2537 1614 corporis

1457 1628 1513 1649 seu
1539 1619 1705 1656 materiae,
1729 1619 1835 1660 virgo:
1870 1620 1952 1650 sicut
1975 1629 2031 1660 per
2054 1619 2198 1650 accidens
2223 1629 2289 1649 non
2313 1619 2481 1650 seminavit
2504 1619 2535 1649 in

1457 1670 1530 1694 actu
1562 1664 1764 1695 concubitus.
1798 1665 1844 1694 Ea
1872 1671 1981 1695 autem
2011 1673 2094 1705 quae
2118 1670 2193 1694 sunt
2221 1674 2278 1704 per
2300 1664 2446 1694 accidens
2460 1672 2535 1694 ‘non

1457 1708 1574 1739 debent
1596 1708 1747 1739 inducere
1771 1716 1914 1739 mentem
1939 1709 2111 1739 doctorum
2131 1708 2170 1738 ad
2194 1709 2364 1739 mutandas
2380 1708 2535 1739 virtutum

1458 1751 1678 1789 definitiones,
1704 1763 1788 1793 quae
1817 1753 2026 1784 attenduntur
2056 1762 2154 1793 penes
2181 1753 2213 1783 id
2244 1753 2333 1793 quod
2362 1760 2409 1783 est
2438 1760 2473 1784 ut
2502 1753 2535 1783 in

1459 1797 1606 1837 pluribus
1635 1805 1667 1828 et
1696 1807 1753 1837 per
1780 1808 1824 1829 se.
1859 1798 1947 1828 Idem
1976 1804 2023 1828 est
2050 1797 2136 1828 enim
2160 1797 2316 1828 iudicium
2340 1798 2379 1828 de
2403 1797 2479 1834 ista,
2505 1805 2535 1828 et

1457 1851 1664 1882 quacumque
1681 1842 1742 1872 alia
1766 1852 1850 1884 quae
1873 1841 2015 1882 incoepit
2029 1841 2161 1881 perdere
2178 1842 2400 1882 virginitatem,
2426 1849 2456 1872 et
2480 1852 2535 1882 per

1458 1885 1604 1916 accidens
1628 1896 1695 1916 non
1719 1893 1766 1917 est
1789 1886 1911 1927 perdita
1935 1892 2168 1917 consummate.

1515 1930 1566 1960 Ad
1590 1931 1732 1968 tertium,
1758 1938 1891 1971 negatur
1914 1931 2052 1971 sequela.
2084 1930 2201 1961 Mulier
2224 1930 2310 1960 enim
2334 1930 2534 1962 consentiens

1458 1981 1571 2014 stupro
1599 1982 1630 2005 et
1660 1975 1822 2006 seminans
1850 1975 1985 2006 omnino
2014 1974 2117 2015 perdit
2140 1974 2364 2015 virginitatem.
2388 1993 2407 1997 -
2431 1975 2472 2005 Et
2494 1976 2533 2005 ad

1458 2019 1697 2059 probationem,
1722 2020 1797 2061 quia
1820 2030 1895 2060 prae
1919 2020 2031 2050 dolore
2059 2029 2125 2049 non
2155 2019 2249 2050 sentit
2273 2019 2532 2050 delectationem:

1431 2071 1433 2078 ¹
1458 2064 1670 2104 respondetur
1693 2065 1783 2105 quod
1804 2064 1991 2095 huiusmodi
2016 2074 2081 2094 non
2098 2064 2213 2094 sentire
2237 2070 2283 2094 est
2307 2074 2362 2104 per
2378 2064 2533 2095 accidens.

1457 2107 1511 2138 Sat
1535 2115 1581 2139 est
1605 2109 1691 2138 enim
1715 2109 1754 2139 ad
1777 2109 1987 2140 violationem
2002 2108 2189 2148 virginitatis
2212 2108 2302 2148 quod
2319 2108 2484 2139 delectatio
2501 2109 2533 2138 in

1458 2152 1653 2183 resolutione
1678 2153 1807 2183 seminis
1831 2153 1922 2189 adsit,
1947 2153 2020 2184 licet
2042 2162 2109 2182 non
2133 2152 2294 2183 sentiatur.
2320 2153 2406 2190 Quin
2427 2153 2533 2189 etiam,

1458 2196 1484 2226 si
1507 2197 1614 2238 aliqua
1637 2205 1718 2228 esset
1742 2197 1858 2228 mulier
1881 2207 1964 2238 quae
1987 2207 2053 2227 non
2071 2197 2199 2227 sentiret
2222 2196 2254 2226 in
2278 2196 2466 2227 huiusmodi
2486 2207 2533 2228 re—

1458 2241 1620 2271 solutione
1650 2241 1896 2272 delectationem
1923 2242 2082 2282 aliquam,
2115 2241 2160 2271 nil
2188 2241 2337 2271 obstaret.
2369 2241 2533 2278 Quoniam

1457 2292 1504 2316 sat
1528 2293 1576 2316 est
1594 2286 1684 2327 quod
1709 2286 1863 2317 resolutio
1894 2286 1934 2316 sit
1960 2285 2138 2316 secundum
2162 2295 2254 2315 suam
2280 2292 2426 2316 naturam
2451 2286 2533 2317 dele-

1458 2330 1590 2367 ctabilis,
1615 2337 1646 2360 et
1669 2330 1712 2361 ita
1735 2331 1774 2361 de
1798 2330 1882 2361 facto
1906 2337 1953 2361 est
1977 2330 2059 2361 utin
2076 2330 2231 2370 pluribus.
2256 2330 2419 2361 Naturalia
2436 2330 2535 2371 siqui-

1458 2375 1532 2405 dem
1556 2382 1587 2405 et
1610 2375 1746 2406 moralia
1770 2375 1951 2406 iudicantur
1966 2375 2146 2406 secundum
2175 2384 2210 2404 ea
2233 2375 2368 2415 quaein
2389 2375 2534 2416 pluribus

1459 2426 1532 2460 apta
1556 2426 1628 2450 nata
1653 2426 1727 2450 sunt
1751 2419 1895 2450 inveniri.

1513 2464 1552 2494 X.
1578 2464 1628 2494 Ad
1653 2464 1776 2495 obiecta
1800 2464 1832 2494 in
1857 2464 2031 2495 corollariis
2046 2463 2079 2493 *1
2106 2463 2292 2494 conceditur
2307 2465 2453 2504 primum
2479 2474 2533 2494 co-

1458 2508 1632 2539 rollarium.

1513 2553 1564 2583 Ad
1587 2553 1763 2584 secundum
1787 2563 1863 2584 vero
1887 2553 2002 2583 dicitur
2025 2553 2115 2593 quod
2135 2552 2243 2592 magni
2259 2551 2352 2582 refert
2374 2552 2455 2582 inter
2479 2553 2532 2583 ha-

1457 2598 1530 2628 bere
1560 2598 1778 2638 pollutionem
1806 2598 1840 2628 in
1868 2607 1985 2628 somno
2015 2607 2052 2628 ex
2080 2596 2265 2637 proposito:
2299 2603 2329 2627 et
2356 2596 2471 2627 habere
2496 2607 2532 2627 ex

1456 2643 1625 2682 proposito
1650 2642 1876 2682 cogitationem
1895 2651 1978 2682 quae
2001 2641 2205 2681 cognoscitur
2228 2640 2334 2671 futura
2357 2641 2390 2670 in
2414 2651 2531 2671 somno

1456 2696 1551 2716 causa
1574 2686 1776 2727 pollutionis.
1800 2687 1842 2717 Et
1864 2693 1971 2717 tamen
1992 2696 2127 2725 arguens
2150 2685 2242 2726 quasi
2259 2685 2447 2726 synonymis
2464 2685 2531 2716 istis

1456 2730 1565 2762 utitur.
1598 2731 1631 2761 ln
1657 2731 1762 2771 primo
1787 2731 1872 2761 enim
1896 2730 2053 2771 propositi
2078 2729 2240 2760 obiectum
2265 2736 2311 2759 est
2334 2729 2402 2769 ipsa
2426 2730 2529 2769 pollu-

1454 2774 1516 2805 tio:
1546 2775 1579 2805 in
1604 2776 1746 2806 secundo
1770 2782 1878 2806 autem
1898 2782 1945 2805 est
1968 2774 2129 2814 cogitatio.
2160 2773 2304 2804 Primum
2335 2783 2401 2804 non
2425 2781 2531 2813 potest

1454 2829 1522 2850 esse
1545 2819 1679 2850 licitum.
1705 2820 1890 2850 Secundum
1913 2826 2019 2860 potest
2042 2819 2140 2849 etiam
2164 2828 2239 2849 cum
2264 2818 2377 2848 merito
2402 2828 2478 2854 esse,
2505 2819 2529 2848 si

1454 2863 1572 2895 scilicet
1595 2864 1745 2904 cogitatio
1762 2871 1810 2895 est
1825 2863 2017 2895 necessaria:
2043 2873 2100 2894 nec
2116 2873 2252 2904 sequens
2276 2862 2414 2902 pollutio
2438 2873 2529 2902 prae-

1454 2909 1581 2948 cognita
1605 2916 1686 2940 esset
1709 2915 1886 2948 peccatum.
1922 2909 2063 2948 Negatur
2086 2918 2162 2948 ergo
2191 2907 2369 2938 secundum
2394 2907 2528 2938 corolla-

1454 2953 1549 2990 rium,
1574 2960 1610 2983 ut
1632 2953 1722 2984 iacet.

1510 2998 1561 3028 Ad
1586 2999 1714 3028 tertium
1739 3004 1847 3028 autem
1871 2997 1986 3028 dicitur
2008 2997 2098 3037 quod
2122 2996 2255 3026 scientes
2271 3005 2303 3025 se
2320 2995 2454 3025 omnino
2470 2995 2528 3025 im-

1453 3048 1600 3081 potentes
1617 3049 1647 3073 et
1670 3048 1831 3078 coeuntes,
1849 3051 1906 3082 per
1927 3041 2072 3072 accidens
2095 3049 2212 3076 tamen,
2233 3046 2406 3075 remanent,
2424 3046 2459 3069 ut
2483 3039 2528 3069 di-

1455 3093 1544 3117 ctum
1567 3095 1613 3118 est
1628 3087 1655 3123 *,
1673 3086 1781 3127 quoad
1806 3086 1936 3127 aliquid,
1953 3085 2104 3125 virgines:
2135 3085 2210 3125 quia
2234 3084 2351 3115 scilicet
2374 3084 2461 3114 deest
2484 3084 2528 3115 eis

1454 3131 1586 3161 materia
1609 3131 1720 3171 stupri.
1745 3131 1850 3170 Unde,
1874 3140 1931 3170 per
1954 3140 1986 3160 se
2011 3136 2042 3160 et
2070 3129 2244 3160 formaliter
2267 3128 2447 3168 loquendo,
2465 3128 2527 3165 isti,

1455 3182 1485 3205 et
1509 3175 1689 3215 supradicta
1713 3175 1828 3205 mulier
1858 3184 1940 3215 quae
1967 3174 2072 3214 posita
2095 3180 2142 3204 est
2172 3183 2238 3203 non
2262 3172 2434 3208 seminare,
2460 3183 2527 3203 non

1454 3226 1529 3249 sunt
1551 3219 1706 3259 virgines:
1737 3219 1792 3249 sed
1821 3218 2024 3251 materialiter
2051 3225 2080 3249 et
2110 3227 2167 3257 per
2189 3217 2349 3253 accidens,
2375 3227 2412 3247 ex
2439 3224 2527 3257 parte

1455 3263 1620 3300 materiae,
1645 3270 1810 3294 remanent
1831 3263 1977 3302 virgines.
2007 3262 2110 3298 Sicut,
2135 3271 2192 3302 per
2216 3262 2422 3302 oppositum,
2448 3271 2526 3302 pau-

1454 3317 1543 3347 peres
1574 3307 1737 3339 excellenti
1767 3307 1900 3348 praediti
1923 3307 2032 3337 animo
2056 3313 2131 3336 sunt
2160 3305 2334 3336 formaliter
2355 3305 2525 3346 magnifici,

1454 3359 1619 3383 remanent
1642 3359 1749 3383 tamen
1773 3351 1976 3382 materialiter
2001 3361 2066 3381 non
2087 3349 2263 3390 magnifici,
2288 3357 2418 3391 propter
2441 3350 2526 3381 defe—

1455 3403 1544 3427 ctum
1567 3397 1725 3428 materiae.

1509 3442 1560 3471 Ad
1591 3446 1741 3482 quartum
1772 3440 1886 3470 dicitur
1916 3440 2006 3481 quod
2033 3439 2092 3470 ista
2123 3446 2229 3479 potest
2253 3449 2320 3469 esse
2344 3439 2526 3470 naturaliter

1453 3495 1540 3521 vera,
1572 3486 1670 3526 Virgo
1693 3485 1862 3516 moraliter
1877 3486 1991 3525 parit:
2014 3494 2080 3514 non
2104 3490 2212 3514 autem
2235 3484 2311 3520 ista,
2343 3483 2440 3524 Virgo
2469 3494 2523 3514 na-

1454 3531 1606 3560 turaliter
1622 3531 1722 3570 parit.
1753 3529 1819 3560 Nec
1842 3529 1905 3560 hoc
1929 3536 1975 3560 est
2002 3528 2212 3561 admiratione
2240 3527 2385 3568 dignum,
2411 3528 2467 3558 nisi
2492 3528 2522 3557 in

1453 3575 1561 3605 verbo.
1587 3575 1752 3612 Quoniam
1767 3574 1856 3614 virgo
1873 3573 2035 3604 moraliter
2054 3580 2159 3614 potest
2175 3582 2242 3603 esse
2258 3572 2440 3603 naturaliter
2457 3582 2521 3602 cor-

1454 3627 1547 3660 rupta
1572 3626 1602 3650 et
1625 3619 1761 3659 gravida,
1786 3625 1898 3659 utpote
1922 3618 2076 3648 violenter
2099 3627 2260 3657 oppressa.

2565 964 2575 973 ¹·
2589 963 2659 985 Num.
2675 970 2696 984 v.

2564 1091 2574 1101 ⁸
2589 1090 2659 1112 Num.
2675 1097 2707 1112 ιιι.

2560 2470 2570 2480 ⁸
2585 2470 2655 2492 Num.
2670 2477 2700 2492 ιν,

2556 3087 2641 3109 'Num
2651 3094 2681 3114 ix,
2688 3088 2768 3110 Adse-

2555 3113 2660 3136 cundum.
