<?xml version="1.0" encoding="UTF-8"?>
<!DOCTYPE html PUBLIC "-//W3C//DTD XHTML 1.0 Transitional//EN"
    "http://www.w3.org/TR/xhtml1/DTD/xhtml1-transitional.dtd">
<html xmlns="http://www.w3.org/1999/xhtml" xml:lang="en" lang="en">
 <head>
  <title>
</title>
<meta http-equiv="Content-Type" content="text/html;charset=utf-8" />
  <meta name='ocr-system' content='tesseract 3.04.00' />
  <meta name='ocr-capabilities' content='ocr_page ocr_carea ocr_par ocr_line ocrx_word'/>
</head>
<body>
  <div class='ocr_page' id='page_1' title='image "./operaomniaiussui10thom_0576.png"; bbox 0 0 2768 4198; ppageno 0'>
   <div class='ocr_carea' id='block_1_1' title="bbox 19 2375 233 2430">
    <p class='ocr_par' dir='ltr' id='par_1_1' title="bbox 19 2375 233 2430">
     <span class='ocr_line' id='line_1_1' title="bbox 19 2375 233 2430; baseline 0 -7"><span class='ocrx_word' id='word_1_1' title='bbox 19 2375 233 2430; x_wconf 75' lang='lat' dir='ltr'><strong>f</strong></span> 
     </span>
    </p>
   </div>
   <div class='ocr_carea' id='block_1_2' title="bbox 21 2530 196 2559">
    <p class='ocr_par' dir='ltr' id='par_1_2' title="bbox 21 2530 196 2559">
     <span class='ocr_line' id='line_1_2' title="bbox 21 2530 196 2559; baseline 0.006 -8"><span class='ocrx_word' id='word_1_2' title='bbox 21 2530 31 2541; x_wconf 79' lang='lat'>⁸</span> <span class='ocrx_word' id='word_1_3' title='bbox 45 2530 114 2557; x_wconf 70' lang='lat' dir='ltr'>thid„</span> <span class='ocrx_word' id='word_1_4' title='bbox 128 2536 152 2552; x_wconf 82' lang='lat' dir='ltr'>n.</span> <span class='ocrx_word' id='word_1_5' title='bbox 167 2536 196 2559; x_wconf 79' lang='lat'>¹5.</span> 
     </span>
    </p>
   </div>
   <div class='ocr_carea' id='block_1_3' title="bbox 127 3373 238 3396">
    <p class='ocr_par' dir='ltr' id='par_1_3' title="bbox 127 3373 238 3396">
     <span class='ocr_line' id='line_1_3' title="bbox 127 3373 238 3396; baseline -0.009 -7"><span class='ocrx_word' id='word_1_6' title='bbox 127 3373 238 3396; x_wconf 73' lang='lat' dir='ltr'>n.9sqq.—</span> 
     </span>
    </p>
   </div>
   <div class='ocr_carea' id='block_1_4' title="bbox 25 3367 208 3417">
    <p class='ocr_par' dir='ltr' id='par_1_4' title="bbox 25 3367 208 3417">
     <span class='ocr_line' id='line_1_4' title="bbox 25 3367 208 3417; baseline -0.005 -1"><span class='ocrx_word' id='word_1_7' title='bbox 25 3367 177 3417; x_wconf 40' lang='lat' dir='ltr'>&amp;flium</span> <span class='ocrx_word' id='word_1_8' title='bbox 193 3400 208 3416; x_wconf 87' lang='grc' dir='ltr'>ι.</span> 
     </span>
    </p>
   </div>
   <div class='ocr_carea' id='block_1_5' title="bbox 267 257 342 303">
    <p class='ocr_par' dir='ltr' id='par_1_5' title="bbox 267 257 342 303">
     <span class='ocr_line' id='line_1_5' title="bbox 267 257 342 303; baseline 0 -10"><span class='ocrx_word' id='word_1_9' title='bbox 267 257 342 303; x_wconf 83' lang='grc'>534</span> 
     </span>
    </p>
   </div>
   <div class='ocr_carea' id='block_1_6' title="bbox 263 329 1335 465">
    <p class='ocr_par' dir='ltr' id='par_1_6' title="bbox 263 329 1335 465">
     <span class='ocr_line' id='line_1_6' title="bbox 320 329 1333 375; baseline -0.006 -10"><span class='ocrx_word' id='word_1_10' title='bbox 320 335 372 366; x_wconf 87' lang='lat' dir='ltr'>VI.</span> <span class='ocrx_word' id='word_1_11' title='bbox 398 335 433 365; x_wconf 91' lang='lat' dir='ltr'>In</span> <span class='ocrx_word' id='word_1_12' title='bbox 452 334 660 375; x_wconf 88' lang='lat' dir='ltr'>responsione</span> <span class='ocrx_word' id='word_1_13' title='bbox 684 334 722 364; x_wconf 87' lang='lat' dir='ltr'>ad</span> <span class='ocrx_word' id='word_1_14' title='bbox 746 333 898 373; x_wconf 91' lang='lat' dir='ltr'>primum,</span> <span class='ocrx_word' id='word_1_15' title='bbox 923 331 1065 372; x_wconf 84' lang='lat' dir='ltr'>perspice</span> <span class='ocrx_word' id='word_1_16' title='bbox 1088 331 1208 361; x_wconf 85' lang='lat' dir='ltr'><strong>litterae</strong></span> <span class='ocrx_word' id='word_1_17' title='bbox 1231 329 1333 369; x_wconf 90' lang='lat' dir='ltr'>perfe-</span> 
     </span>
     <span class='ocr_line' id='line_1_7' title="bbox 263 375 1334 420; baseline -0.007 -10"><span class='ocrx_word' id='word_1_18' title='bbox 263 386 347 410; x_wconf 85' lang='lat' dir='ltr'>ctam</span> <span class='ocrx_word' id='word_1_19' title='bbox 371 379 622 420; x_wconf 86' lang='lat' dir='ltr'>responsionem.</span> <span class='ocrx_word' id='word_1_20' title='bbox 659 377 766 408; x_wconf 89' lang='lat' dir='ltr'>Primo</span> <span class='ocrx_word' id='word_1_21' title='bbox 797 387 936 416; x_wconf 88' lang='lat' dir='ltr'>namque</span> <span class='ocrx_word' id='word_1_22' title='bbox 967 375 1106 406; x_wconf 89' lang='lat' dir='ltr'>ostendit</span> <span class='ocrx_word' id='word_1_23' title='bbox 1135 375 1226 415; x_wconf 91' lang='lat' dir='ltr'>quod</span> <span class='ocrx_word' id='word_1_24' title='bbox 1252 383 1334 410; x_wconf 91' lang='lat' dir='ltr'>non,</span> 
     </span>
     <span class='ocr_line' id='line_1_8' title="bbox 263 419 1335 465; baseline -0.007 -10"><span class='ocrx_word' id='word_1_25' title='bbox 263 431 384 465; x_wconf 89' lang='lat' dir='ltr'>quanto</span> <span class='ocrx_word' id='word_1_26' title='bbox 409 424 589 464; x_wconf 80' lang='lat' dir='ltr'>pauperior,</span> <span class='ocrx_word' id='word_1_27' title='bbox 613 429 702 453; x_wconf 90' lang='lat' dir='ltr'>tanto</span> <span class='ocrx_word' id='word_1_28' title='bbox 726 421 894 461; x_wconf 83' lang='lat' dir='ltr'>perfectior</span> <span class='ocrx_word' id='word_1_29' title='bbox 917 420 1041 460; x_wconf 90' lang='lat' dir='ltr'>religio:</span> <span class='ocrx_word' id='word_1_30' title='bbox 1066 419 1142 460; x_wconf 88' lang='lat' dir='ltr'>quia</span> <span class='ocrx_word' id='word_1_31' title='bbox 1166 425 1335 458; x_wconf 79' lang='lat' dir='ltr'>paupertas</span> 
     </span>
    </p>
   </div>
   <div class='ocr_carea' id='block_1_7' title="bbox 262 462 1363 598">
    <p class='ocr_par' dir='ltr' id='par_1_7' title="bbox 262 462 1363 598">
     <span class='ocr_line' id='line_1_9' title="bbox 262 462 1363 506; baseline -0.006 -7"><span class='ocrx_word' id='word_1_32' title='bbox 262 469 512 499; x_wconf 89' lang='lat' dir='ltr'>instrumentum</span> <span class='ocrx_word' id='word_1_33' title='bbox 537 474 583 498; x_wconf 91' lang='lat' dir='ltr'>est</span> <span class='ocrx_word' id='word_1_34' title='bbox 606 467 646 497; x_wconf 87' lang='lat' dir='ltr'>ad</span> <span class='ocrx_word' id='word_1_35' title='bbox 667 465 895 506; x_wconf 85' lang='lat' dir='ltr'>perfectionem</span> <span class='ocrx_word' id='word_1_36' title='bbox 911 463 1084 504; x_wconf 79' lang='lat' dir='ltr'>religioniS.</span> <span class='ocrx_word' id='word_1_37' title='bbox 1110 463 1270 499; x_wconf 91' lang='lat' dir='ltr'>Secundo,</span> <span class='ocrx_word' id='word_1_38' title='bbox 1286 462 1338 492; x_wconf 92' lang='lat' dir='ltr'>vel</span> <span class='ocrx_word' id='word_1_39' title='bbox 1361 472 1363 502; x_wconf 73' lang='lat'>3</span> 
     </span>
     <span class='ocr_line' id='line_1_10' title="bbox 262 506 1363 554; baseline -0.006 -11"><span class='ocrx_word' id='word_1_40' title='bbox 262 519 393 554; x_wconf 92' lang='lat' dir='ltr'>propter</span> <span class='ocrx_word' id='word_1_41' title='bbox 422 512 523 542; x_wconf 87' lang='lat' dir='ltr'>varias</span> <span class='ocrx_word' id='word_1_42' title='bbox 554 510 740 551; x_wconf 91' lang='lat' dir='ltr'>opiniones,</span> <span class='ocrx_word' id='word_1_43' title='bbox 776 510 826 539; x_wconf 86' lang='lat' dir='ltr'>vel</span> <span class='ocrx_word' id='word_1_44' title='bbox 864 509 940 549; x_wconf 87' lang='lat' dir='ltr'>quia</span> <span class='ocrx_word' id='word_1_45' title='bbox 976 508 1155 549; x_wconf 85' lang='lat' dir='ltr'>aliqualiter</span> <span class='ocrx_word' id='word_1_46' title='bbox 1182 506 1335 538; x_wconf 88' lang='lat' dir='ltr'>verificari</span> <span class='ocrx_word' id='word_1_47' title='bbox 1361 507 1363 530; x_wconf 78' lang='grc' dir='ltr'>ἶ</span> 
     </span>
     <span class='ocr_line' id='line_1_11' title="bbox 262 551 1363 598; baseline -0.006 -10"><span class='ocrx_word' id='word_1_48' title='bbox 262 564 369 598; x_wconf 91' lang='lat' dir='ltr'>potest</span> <span class='ocrx_word' id='word_1_49' title='bbox 387 557 476 597; x_wconf 92' lang='lat' dir='ltr'>quod</span> <span class='ocrx_word' id='word_1_50' title='bbox 496 562 664 595; x_wconf 78' lang='lat' dir='ltr'>paupertas</span> <span class='ocrx_word' id='word_1_51' title='bbox 680 554 783 584; x_wconf 88' lang='lat' dir='ltr'>maior</span> <span class='ocrx_word' id='word_1_52' title='bbox 799 561 894 593; x_wconf 89' lang='lat' dir='ltr'>auget</span> <span class='ocrx_word' id='word_1_53' title='bbox 910 553 1139 593; x_wconf 85' lang='lat' dir='ltr'>perfectionem</span> <span class='ocrx_word' id='word_1_54' title='bbox 1162 551 1334 591; x_wconf 89' lang='lat' dir='ltr'>religionis,</span> <span class='ocrx_word' id='word_1_55' title='bbox 1361 568 1363 571; x_wconf 93' lang='lat'>·</span> 
     </span>
    </p>
   </div>
   <div class='ocr_carea' id='block_1_8' title="bbox 261 596 1337 1086">
    <p class='ocr_par' dir='ltr' id='par_1_8' title="bbox 261 596 1337 1086">
     <span class='ocr_line' id='line_1_12' title="bbox 263 596 1336 641; baseline -0.006 -9"><span class='ocrx_word' id='word_1_56' title='bbox 263 601 427 641; x_wconf 87' lang='lat' dir='ltr'>subiungit</span> <span class='ocrx_word' id='word_1_57' title='bbox 458 599 683 639; x_wconf 90' lang='lat' dir='ltr'>distinguendo</span> <span class='ocrx_word' id='word_1_58' title='bbox 715 599 754 628; x_wconf 93' lang='lat' dir='ltr'>de</span> <span class='ocrx_word' id='word_1_59' title='bbox 784 598 947 637; x_wconf 88' lang='lat' dir='ltr'>religionis</span> <span class='ocrx_word' id='word_1_60' title='bbox 977 597 1187 637; x_wconf 86' lang='lat' dir='ltr'>perfectione,</span> <span class='ocrx_word' id='word_1_61' title='bbox 1219 596 1336 626; x_wconf 90' lang='lat' dir='ltr'>scilicet</span> 
     </span>
     <span class='ocr_line' id='line_1_13' title="bbox 262 639 1335 685; baseline -0.006 -9"><span class='ocrx_word' id='word_1_62' title='bbox 262 646 463 685; x_wconf 85' lang='lat' dir='ltr'>simpliciter,</span> <span class='ocrx_word' id='word_1_63' title='bbox 487 644 538 674; x_wconf 89' lang='lat' dir='ltr'>vel</span> <span class='ocrx_word' id='word_1_64' title='bbox 566 643 742 674; x_wconf 90' lang='lat' dir='ltr'>secundum</span> <span class='ocrx_word' id='word_1_65' title='bbox 772 642 864 683; x_wconf 90' lang='lat' dir='ltr'>quid:</span> <span class='ocrx_word' id='word_1_66' title='bbox 899 649 930 672; x_wconf 91' lang='lat' dir='ltr'>et</span> <span class='ocrx_word' id='word_1_67' title='bbox 958 642 1033 672; x_wconf 91' lang='lat' dir='ltr'>dicit</span> <span class='ocrx_word' id='word_1_68' title='bbox 1057 642 1164 682; x_wconf 85' lang='lat' dir='ltr'>quod,</span> <span class='ocrx_word' id='word_1_69' title='bbox 1190 640 1286 671; x_wconf 89' lang='lat' dir='ltr'>etiam</span> <span class='ocrx_word' id='word_1_70' title='bbox 1310 639 1335 670; x_wconf 91' lang='lat' dir='ltr'>si</span> 
     </span>
     <span class='ocr_line' id='line_1_14' title="bbox 263 684 1335 729; baseline -0.005 -9"><span class='ocrx_word' id='word_1_71' title='bbox 263 690 487 721; x_wconf 89' lang='lat' dir='ltr'>concederetur</span> <span class='ocrx_word' id='word_1_72' title='bbox 499 688 588 729; x_wconf 93' lang='lat' dir='ltr'>quod</span> <span class='ocrx_word' id='word_1_73' title='bbox 605 694 727 728; x_wconf 87' lang='lat' dir='ltr'>quanto</span> <span class='ocrx_word' id='word_1_74' title='bbox 741 687 913 727; x_wconf 89' lang='lat' dir='ltr'>pauperior</span> <span class='ocrx_word' id='word_1_75' title='bbox 923 686 1032 726; x_wconf 90' lang='lat' dir='ltr'>religio</span> <span class='ocrx_word' id='word_1_76' title='bbox 1050 692 1139 716; x_wconf 92' lang='lat' dir='ltr'>tanto</span> <span class='ocrx_word' id='word_1_77' title='bbox 1156 684 1335 725; x_wconf 88' lang='lat' dir='ltr'>perfectior,</span> 
     </span>
     <span class='ocr_line' id='line_1_15' title="bbox 262 730 1335 775; baseline -0.005 -11"><span class='ocrx_word' id='word_1_78' title='bbox 262 735 294 775; x_wconf 94' lang='lat' dir='ltr'>ly</span> <span class='ocrx_word' id='word_1_79' title='bbox 312 733 491 775; x_wconf 83' lang='lat' dir='ltr'>perfectior</span> <span class='ocrx_word' id='word_1_80' title='bbox 514 733 679 763; x_wconf 89' lang='lat' dir='ltr'>denotaret</span> <span class='ocrx_word' id='word_1_81' title='bbox 702 731 932 772; x_wconf 85' lang='lat' dir='ltr'>perfectionem</span> <span class='ocrx_word' id='word_1_82' title='bbox 956 731 1135 761; x_wconf 91' lang='lat' dir='ltr'>secundum</span> <span class='ocrx_word' id='word_1_83' title='bbox 1159 730 1248 771; x_wconf 91' lang='lat' dir='ltr'>quid,</span> <span class='ocrx_word' id='word_1_84' title='bbox 1273 730 1335 760; x_wconf 92' lang='lat' dir='ltr'>hoc</span> 
     </span>
     <span class='ocr_line' id='line_1_16' title="bbox 262 774 1337 817; baseline -0.005 -8"><span class='ocrx_word' id='word_1_85' title='bbox 262 786 317 814; x_wconf 85' lang='lat' dir='ltr'>est,</span> <span class='ocrx_word' id='word_1_86' title='bbox 342 786 422 808; x_wconf 92' lang='lat' dir='ltr'>esset</span> <span class='ocrx_word' id='word_1_87' title='bbox 446 777 615 817; x_wconf 88' lang='lat' dir='ltr'>perfectior</span> <span class='ocrx_word' id='word_1_88' title='bbox 637 777 670 806; x_wconf 91' lang='lat' dir='ltr'>in</span> <span class='ocrx_word' id='word_1_89' title='bbox 694 776 766 812; x_wconf 89' lang='lat' dir='ltr'>hoc,</span> <span class='ocrx_word' id='word_1_90' title='bbox 785 776 903 806; x_wconf 90' lang='lat' dir='ltr'>scilicet</span> <span class='ocrx_word' id='word_1_91' title='bbox 918 776 950 805; x_wconf 93' lang='lat' dir='ltr'>in</span> <span class='ocrx_word' id='word_1_92' title='bbox 967 775 1134 806; x_wconf 88' lang='lat' dir='ltr'>latitudine</span> <span class='ocrx_word' id='word_1_93' title='bbox 1158 774 1235 805; x_wconf 91' lang='lat' dir='ltr'>boni</span> <span class='ocrx_word' id='word_1_94' title='bbox 1259 784 1337 814; x_wconf 86' lang='lat' dir='ltr'>pau—</span> 
     </span>
     <span class='ocr_line' id='line_1_17' title="bbox 262 819 1335 863; baseline -0.004 -10"><span class='ocrx_word' id='word_1_95' title='bbox 262 823 405 863; x_wconf 89' lang='lat' dir='ltr'>pertatis;</span> <span class='ocrx_word' id='word_1_96' title='bbox 439 829 470 852; x_wconf 91' lang='lat' dir='ltr'>et</span> <span class='ocrx_word' id='word_1_97' title='bbox 498 831 564 852; x_wconf 92' lang='lat' dir='ltr'>non</span> <span class='ocrx_word' id='word_1_98' title='bbox 597 822 762 851; x_wconf 89' lang='lat' dir='ltr'>denotaret</span> <span class='ocrx_word' id='word_1_99' title='bbox 785 820 1014 860; x_wconf 88' lang='lat' dir='ltr'>perfectionem</span> <span class='ocrx_word' id='word_1_100' title='bbox 1039 819 1242 860; x_wconf 88' lang='lat' dir='ltr'>simpliciter,</span> <span class='ocrx_word' id='word_1_101' title='bbox 1272 819 1335 850; x_wconf 93' lang='lat' dir='ltr'>hoc</span> 
     </span>
     <span class='ocr_line' id='line_1_18' title="bbox 261 863 1335 906; baseline -0.004 -8"><span class='ocrx_word' id='word_1_102' title='bbox 261 874 316 903; x_wconf 90' lang='lat' dir='ltr'>est,</span> <span class='ocrx_word' id='word_1_103' title='bbox 342 877 407 897; x_wconf 88' lang='lat' dir='ltr'>non</span> <span class='ocrx_word' id='word_1_104' title='bbox 432 873 600 906; x_wconf 89' lang='lat' dir='ltr'>propterea</span> <span class='ocrx_word' id='word_1_105' title='bbox 624 873 704 896; x_wconf 89' lang='lat' dir='ltr'>esset</span> <span class='ocrx_word' id='word_1_106' title='bbox 726 865 837 905; x_wconf 90' lang='lat' dir='ltr'>religio</span> <span class='ocrx_word' id='word_1_107' title='bbox 866 865 1034 906; x_wconf 91' lang='lat' dir='ltr'>perfectior</span> <span class='ocrx_word' id='word_1_108' title='bbox 1057 865 1213 895; x_wconf 90' lang='lat' dir='ltr'>absolute.</span> <span class='ocrx_word' id='word_1_109' title='bbox 1250 863 1335 902; x_wconf 82' lang='lat' dir='ltr'>Quia</span> 
     </span>
     <span class='ocr_line' id='line_1_19' title="bbox 261 908 1335 951; baseline -0.002 -10"><span class='ocrx_word' id='word_1_110' title='bbox 261 912 320 942; x_wconf 89' lang='lat' dir='ltr'>alia</span> <span class='ocrx_word' id='word_1_111' title='bbox 344 911 455 951; x_wconf 89' lang='lat' dir='ltr'>religio</span> <span class='ocrx_word' id='word_1_112' title='bbox 479 918 588 951; x_wconf 91' lang='lat' dir='ltr'>posset</span> <span class='ocrx_word' id='word_1_113' title='bbox 610 910 835 951; x_wconf 83' lang='lat' dir='ltr'>pauperiorem</span> <span class='ocrx_word' id='word_1_114' title='bbox 854 910 1003 941; x_wconf 89' lang='lat' dir='ltr'>excedere</span> <span class='ocrx_word' id='word_1_115' title='bbox 1026 910 1206 940; x_wconf 92' lang='lat' dir='ltr'>secundum</span> <span class='ocrx_word' id='word_1_116' title='bbox 1228 908 1335 939; x_wconf 84' lang='lat' dir='ltr'>latitu-</span> 
     </span>
     <span class='ocr_line' id='line_1_20' title="bbox 261 953 1333 995; baseline -0.002 -9"><span class='ocrx_word' id='word_1_117' title='bbox 261 956 368 986; x_wconf 89' lang='lat' dir='ltr'>dinem</span> <span class='ocrx_word' id='word_1_118' title='bbox 395 956 523 986; x_wconf 88' lang='lat' dir='ltr'>alterius</span> <span class='ocrx_word' id='word_1_119' title='bbox 553 954 682 985; x_wconf 88' lang='lat' dir='ltr'>maiori&#39;s</span> <span class='ocrx_word' id='word_1_120' title='bbox 710 955 805 993; x_wconf 92' lang='lat' dir='ltr'>boni,</span> <span class='ocrx_word' id='word_1_121' title='bbox 835 962 913 995; x_wconf 88' lang='lat' dir='ltr'>puta</span> <span class='ocrx_word' id='word_1_122' title='bbox 943 954 1156 986; x_wconf 86' lang='lat' dir='ltr'>continentiae</span> <span class='ocrx_word' id='word_1_123' title='bbox 1179 953 1230 984; x_wconf 89' lang='lat' dir='ltr'>vel</span> <span class='ocrx_word' id='word_1_124' title='bbox 1258 954 1333 984; x_wconf 91' lang='lat' dir='ltr'>obe-</span> 
     </span>
     <span class='ocr_line' id='line_1_21' title="bbox 261 998 1334 1037; baseline -0.003 -6"><span class='ocrx_word' id='word_1_125' title='bbox 261 1001 396 1031; x_wconf 88' lang='lat' dir='ltr'>dientiae</span> <span class='ocrx_word' id='word_1_126' title='bbox 411 1001 461 1031; x_wconf 91' lang='lat' dir='ltr'>vel</span> <span class='ocrx_word' id='word_1_127' title='bbox 478 1000 623 1031; x_wconf 86' lang='lat' dir='ltr'>caritatis.</span> <span class='ocrx_word' id='word_1_128' title='bbox 649 1000 741 1037; x_wconf 87' lang='lat' dir='ltr'>Quae</span> <span class='ocrx_word' id='word_1_129' title='bbox 757 999 844 1030; x_wconf 90' lang='lat' dir='ltr'>enim</span> <span class='ocrx_word' id='word_1_130' title='bbox 859 1000 1037 1031; x_wconf 82' lang='lat' dir='ltr'>secundum</span> <span class='ocrx_word' id='word_1_131' title='bbox 1054 999 1187 1030; x_wconf 91' lang='lat' dir='ltr'>meliora</span> <span class='ocrx_word' id='word_1_132' title='bbox 1203 998 1334 1035; x_wconf 89' lang='lat' dir='ltr'>excedit,</span> 
     </span>
     <span class='ocr_line' id='line_1_22' title="bbox 261 1044 849 1086; baseline -0.002 -10"><span class='ocrx_word' id='word_1_133' title='bbox 261 1052 307 1076; x_wconf 90' lang='lat' dir='ltr'>est</span> <span class='ocrx_word' id='word_1_134' title='bbox 330 1045 516 1086; x_wconf 91' lang='lat' dir='ltr'>simpliciter</span> <span class='ocrx_word' id='word_1_135' title='bbox 539 1044 669 1081; x_wconf 90' lang='lat' dir='ltr'>melior,</span> <span class='ocrx_word' id='word_1_136' title='bbox 695 1051 730 1075; x_wconf 90' lang='lat' dir='ltr'>ut</span> <span class='ocrx_word' id='word_1_137' title='bbox 753 1051 849 1085; x_wconf 86' lang='lat' dir='ltr'>patet.</span> 
     </span>
    </p>
   </div>
   <div class='ocr_carea' id='block_1_9' title="bbox 1360 328 1366 1073">
    <p class='ocr_par' dir='ltr' id='par_1_9' title="bbox 1360 328 1366 1073">
     <span class='ocr_line' id='line_1_23' title="bbox 1360 328 1366 1073; baseline 0 0"><span class='ocrx_word' id='word_1_138' title='bbox 1360 328 1366 1073; x_wconf 95' lang='lat' dir='ltr'> </span> 
     </span>
    </p>
   </div>
   <div class='ocr_carea' id='block_1_10' title="bbox 852 250 1881 300">
    <p class='ocr_par' dir='ltr' id='par_1_10' title="bbox 852 250 1881 300">
     <span class='ocr_line' id='line_1_24' title="bbox 852 250 1881 300; baseline -0.005 -9"><span class='ocrx_word' id='word_1_139' title='bbox 852 253 1121 300; x_wconf 91' lang='lat' dir='ltr'>QUAESTIO</span> <span class='ocrx_word' id='word_1_140' title='bbox 1152 251 1436 298; x_wconf 89' lang='lat' dir='ltr'>CLXXXVIII,</span> <span class='ocrx_word' id='word_1_141' title='bbox 1465 251 1766 288; x_wconf 88' lang='lat' dir='ltr'>ARTICULUS</span> <span class='ocrx_word' id='word_1_142' title='bbox 1794 250 1881 287; x_wconf 93' lang='lat' dir='ltr'>VlIl</span> 
     </span>
    </p>
   </div>
   <div class='ocr_carea' id='block_1_11' title="bbox 1389 328 2467 682">
    <p class='ocr_par' dir='ltr' id='par_1_11' title="bbox 1389 328 2467 682">
     <span class='ocr_line' id='line_1_25' title="bbox 1449 328 2466 370; baseline 0 -11"><span class='ocrx_word' id='word_1_143' title='bbox 1449 329 1514 360; x_wconf 86' lang='lat' dir='ltr'>VII.</span> <span class='ocrx_word' id='word_1_144' title='bbox 1539 330 1575 359; x_wconf 94' lang='lat' dir='ltr'>In</span> <span class='ocrx_word' id='word_1_145' title='bbox 1602 329 1811 370; x_wconf 85' lang='lat' dir='ltr'>responsione</span> <span class='ocrx_word' id='word_1_146' title='bbox 1839 330 1879 359; x_wconf 90' lang='lat' dir='ltr'>ad</span> <span class='ocrx_word' id='word_1_147' title='bbox 1907 329 2052 365; x_wconf 88' lang='lat' dir='ltr'>tertium,</span> <span class='ocrx_word' id='word_1_148' title='bbox 2085 329 2193 359; x_wconf 88' lang='lat' dir='ltr'>iuncta</span> <span class='ocrx_word' id='word_1_149' title='bbox 2215 328 2314 359; x_wconf 89' lang='lat' dir='ltr'>simul</span> <span class='ocrx_word' id='word_1_150' title='bbox 2337 329 2466 370; x_wconf 84' lang='lat' dir='ltr'>corpori</span> 
     </span>
     <span class='ocr_line' id='line_1_26' title="bbox 1390 373 2465 415; baseline 0.001 -12"><span class='ocrx_word' id='word_1_151' title='bbox 1390 373 1523 410; x_wconf 87' lang='lat' dir='ltr'>articuli,</span> <span class='ocrx_word' id='word_1_152' title='bbox 1548 374 1691 414; x_wconf 89' lang='lat' dir='ltr'>perspice</span> <span class='ocrx_word' id='word_1_153' title='bbox 1715 384 1814 415; x_wconf 90' lang='lat' dir='ltr'>quam</span> <span class='ocrx_word' id='word_1_154' title='bbox 1837 373 2087 414; x_wconf 87' lang='lat' dir='ltr'>vituperabiliter</span> <span class='ocrx_word' id='word_1_155' title='bbox 2111 379 2213 404; x_wconf 89' lang='lat' dir='ltr'>tantas</span> <span class='ocrx_word' id='word_1_156' title='bbox 2228 373 2351 404; x_wconf 81' lang='lat' dir='ltr'>divitias</span> <span class='ocrx_word' id='word_1_157' title='bbox 2372 373 2465 405; x_wconf 87' lang='lat' dir='ltr'>multi</span> 
     </span>
     <span class='ocr_line' id='line_1_27' title="bbox 1390 417 2466 458; baseline 0.001 -11"><span class='ocrx_word' id='word_1_158' title='bbox 1390 417 1529 457; x_wconf 87' lang='lat' dir='ltr'>religiosi</span> <span class='ocrx_word' id='word_1_159' title='bbox 1554 417 1665 448; x_wconf 90' lang='lat' dir='ltr'>divites</span> <span class='ocrx_word' id='word_1_160' title='bbox 1689 418 1722 448; x_wconf 90' lang='lat' dir='ltr'>in</span> <span class='ocrx_word' id='word_1_161' title='bbox 1747 418 1914 449; x_wconf 88' lang='lat' dir='ltr'>communi</span> <span class='ocrx_word' id='word_1_162' title='bbox 1938 425 2130 449; x_wconf 87' lang='lat' dir='ltr'>consumant</span> <span class='ocrx_word' id='word_1_163' title='bbox 2153 418 2186 448; x_wconf 91' lang='lat' dir='ltr'>in</span> <span class='ocrx_word' id='word_1_164' title='bbox 2203 418 2402 458; x_wconf 83' lang='lat' dir='ltr'>sumptuosis</span> <span class='ocrx_word' id='word_1_165' title='bbox 2421 418 2466 448; x_wconf 85' lang='lat' dir='ltr'>fa-</span> 
     </span>
     <span class='ocr_line' id='line_1_28' title="bbox 1390 461 2466 503; baseline 0.002 -11"><span class='ocrx_word' id='word_1_166' title='bbox 1390 461 1499 498; x_wconf 87' lang='lat' dir='ltr'>bricis;</span> <span class='ocrx_word' id='word_1_167' title='bbox 1524 469 1555 492; x_wconf 92' lang='lat' dir='ltr'>et</span> <span class='ocrx_word' id='word_1_168' title='bbox 1578 462 1701 502; x_wconf 90' lang='lat' dir='ltr'>copiosi</span> <span class='ocrx_word' id='word_1_169' title='bbox 1724 463 1854 499; x_wconf 88' lang='lat' dir='ltr'>reditus,</span> <span class='ocrx_word' id='word_1_170' title='bbox 1878 463 1935 503; x_wconf 93' lang='lat' dir='ltr'>qui</span> <span class='ocrx_word' id='word_1_171' title='bbox 1959 462 2160 493; x_wconf 87' lang='lat' dir='ltr'>monasteriis</span> <span class='ocrx_word' id='word_1_172' title='bbox 2183 462 2418 493; x_wconf 86' lang='lat' dir='ltr'>monachorum</span> <span class='ocrx_word' id='word_1_173' title='bbox 2434 470 2466 494; x_wconf 89' lang='lat' dir='ltr'>et</span> 
     </span>
     <span class='ocr_line' id='line_1_29' title="bbox 1389 505 2466 548; baseline 0.002 -12"><span class='ocrx_word' id='word_1_174' title='bbox 1389 505 1578 536; x_wconf 88' lang='lat' dir='ltr'>huiusmodi</span> <span class='ocrx_word' id='word_1_175' title='bbox 1601 514 1677 537; x_wconf 88' lang='lat' dir='ltr'>sunt</span> <span class='ocrx_word' id='word_1_176' title='bbox 1693 507 1768 543; x_wconf 88' lang='lat' dir='ltr'>dati,</span> <span class='ocrx_word' id='word_1_177' title='bbox 1793 517 1859 537; x_wconf 90' lang='lat' dir='ltr'>non</span> <span class='ocrx_word' id='word_1_178' title='bbox 1883 508 1923 538; x_wconf 84' lang='lat' dir='ltr'>ad</span> <span class='ocrx_word' id='word_1_179' title='bbox 1946 507 2215 548; x_wconf 87' lang='lat' dir='ltr'>impedimentum</span> <span class='ocrx_word' id='word_1_180' title='bbox 2239 508 2466 548; x_wconf 82' lang='lat' dir='ltr'>praestandum</span> 
     </span>
     <span class='ocr_line' id='line_1_30' title="bbox 1390 550 2465 593; baseline 0.002 -13"><span class='ocrx_word' id='word_1_181' title='bbox 1390 551 1657 591; x_wconf 81' lang='lat' dir='ltr'>contemplativae</span> <span class='ocrx_word' id='word_1_182' title='bbox 1673 551 1755 582; x_wconf 88' lang='lat' dir='ltr'>vitae</span> <span class='ocrx_word' id='word_1_183' title='bbox 1780 550 1903 593; x_wconf 85' lang='lat' dir='ltr'>(quam,</span> <span class='ocrx_word' id='word_1_184' title='bbox 1921 558 1956 582; x_wconf 90' lang='lat' dir='ltr'>ut</span> <span class='ocrx_word' id='word_1_185' title='bbox 1975 555 2099 583; x_wconf 88' lang='lat' dir='ltr'>Auctor</span> <span class='ocrx_word' id='word_1_186' title='bbox 2121 552 2154 582; x_wconf 92' lang='lat' dir='ltr'>in</span> <span class='ocrx_word' id='word_1_187' title='bbox 2177 552 2279 583; x_wconf 90' lang='lat' dir='ltr'>littera</span> <span class='ocrx_word' id='word_1_188' title='bbox 2295 552 2381 588; x_wconf 91' lang='lat' dir='ltr'>dicit,</span> <span class='ocrx_word' id='word_1_189' title='bbox 2399 562 2465 582; x_wconf 83' lang='lat' dir='ltr'>ma-</span> 
     </span>
     <span class='ocr_line' id='line_1_31' title="bbox 1389 595 2467 640; baseline 0.001 -14"><span class='ocrx_word' id='word_1_190' title='bbox 1389 605 1526 635; x_wconf 88' lang='lat' dir='ltr'>gnarum</span> <span class='ocrx_word' id='word_1_191' title='bbox 1550 595 1733 626; x_wconf 89' lang='lat' dir='ltr'>divitiarum</span> <span class='ocrx_word' id='word_1_192' title='bbox 1760 596 1944 627; x_wconf 86' lang='lat' dir='ltr'>sollicitudo</span> <span class='ocrx_word' id='word_1_193' title='bbox 1968 595 2126 640; x_wconf 87' lang='lat' dir='ltr'>impedit),</span> <span class='ocrx_word' id='word_1_194' title='bbox 2145 597 2200 628; x_wconf 90' lang='lat' dir='ltr'>sed</span> <span class='ocrx_word' id='word_1_195' title='bbox 2224 604 2260 628; x_wconf 90' lang='lat' dir='ltr'>ut</span> <span class='ocrx_word' id='word_1_196' title='bbox 2281 597 2333 627; x_wconf 92' lang='lat' dir='ltr'>vel</span> <span class='ocrx_word' id='word_1_197' title='bbox 2360 596 2467 638; x_wconf 83' lang='lat' dir='ltr'>hospi-</span> 
     </span>
     <span class='ocr_line' id='line_1_32' title="bbox 1389 640 2466 682; baseline 0.002 -12"><span class='ocrx_word' id='word_1_198' title='bbox 1389 640 1501 671; x_wconf 87' lang='lat' dir='ltr'>talitati</span> <span class='ocrx_word' id='word_1_199' title='bbox 1529 646 1657 676; x_wconf 86' lang='lat' dir='ltr'>vacent,</span> <span class='ocrx_word' id='word_1_200' title='bbox 1683 648 1738 671; x_wconf 89' lang='lat' dir='ltr'>aut</span> <span class='ocrx_word' id='word_1_201' title='bbox 1762 647 1865 680; x_wconf 81' lang='lat' dir='ltr'>patres</span> <span class='ocrx_word' id='word_1_202' title='bbox 1895 651 2077 682; x_wconf 87' lang='lat' dir='ltr'>pauperum</span> <span class='ocrx_word' id='word_1_203' title='bbox 2105 641 2181 678; x_wconf 89' lang='lat' dir='ltr'>sint,</span> <span class='ocrx_word' id='word_1_204' title='bbox 2206 642 2406 672; x_wconf 79' lang='lat' dir='ltr'>divertuntur</span> <span class='ocrx_word' id='word_1_205' title='bbox 2433 642 2466 671; x_wconf 92' lang='lat' dir='ltr'>in</span> 
     </span>
    </p>
   </div>
   <div class='ocr_carea' id='block_1_12' title="bbox 1390 684 2555 728">
    <p class='ocr_par' dir='ltr' id='par_1_12' title="bbox 1390 684 2555 728">
     <span class='ocr_line' id='line_1_33' title="bbox 1390 684 2555 728; baseline 0.001 -13"><span class='ocrx_word' id='word_1_206' title='bbox 1390 684 1566 725; x_wconf 85' lang='lat' dir='ltr'>superfluas</span> <span class='ocrx_word' id='word_1_207' title='bbox 1584 693 1749 725; x_wconf 84' lang='lat' dir='ltr'>expensas;</span> <span class='ocrx_word' id='word_1_208' title='bbox 1779 685 1823 715; x_wconf 84' lang='lat' dir='ltr'>ita</span> <span class='ocrx_word' id='word_1_209' title='bbox 1839 691 1875 715; x_wconf 93' lang='lat' dir='ltr'>ut</span> <span class='ocrx_word' id='word_1_210' title='bbox 1892 685 2066 725; x_wconf 86' lang='lat' dir='ltr'>impleatur</span> <span class='ocrx_word' id='word_1_211' title='bbox 2080 688 2215 718; x_wconf 88' lang='lat' dir='ltr'>verbum</span> <span class='ocrx_word' id='word_1_212' title='bbox 2231 686 2423 728; x_wconf 86' lang='lat' dir='ltr'>Hieronymi</span> <span class='ocrx_word' id='word_1_213' title='bbox 2438 687 2465 722; x_wconf 71' lang='lat'>²⁸,</span> <span class='ocrx_word' id='word_1_214' title='bbox 2495 686 2505 697; x_wconf 72' lang='lat'>⁶</span> <span class='ocrx_word' id='word_1_215' title='bbox 2549 699 2555 707; x_wconf 91' lang='lat'><strong>·</strong></span> 
     </span>
    </p>
   </div>
   <div class='ocr_carea' id='block_1_13' title="bbox 1388 729 2467 1083">
    <p class='ocr_par' dir='ltr' id='par_1_13' title="bbox 1388 729 2467 1083">
     <span class='ocr_line' id='line_1_34' title="bbox 1390 729 2467 770; baseline 0.003 -11"><span class='ocrx_word' id='word_1_216' title='bbox 1390 729 1479 770; x_wconf 90' lang='lat' dir='ltr'>quod</span> <span class='ocrx_word' id='word_1_217' title='bbox 1507 730 1651 769; x_wconf 78' lang='lat' dir='ltr'>suspirat</span> <span class='ocrx_word' id='word_1_218' title='bbox 1674 739 1728 760; x_wconf 87' lang='lat' dir='ltr'>eos</span> <span class='ocrx_word' id='word_1_219' title='bbox 1749 729 1897 760; x_wconf 84' lang='lat' dir='ltr'>Ecclesia</span> <span class='ocrx_word' id='word_1_220' title='bbox 1927 729 2052 761; x_wconf 80' lang='lat' dir='ltr'>divites.</span> <span class='ocrx_word' id='word_1_221' title='bbox 2085 730 2141 762; x_wconf 85' lang='lat' dir='ltr'>Sat</span> <span class='ocrx_word' id='word_1_222' title='bbox 2168 731 2212 762; x_wconf 88' lang='lat' dir='ltr'>eis</span> <span class='ocrx_word' id='word_1_223' title='bbox 2240 741 2308 762; x_wconf 89' lang='lat' dir='ltr'>esse</span> <span class='ocrx_word' id='word_1_224' title='bbox 2339 731 2467 762; x_wconf 88' lang='lat' dir='ltr'>deberet</span> 
     </span>
     <span class='ocr_line' id='line_1_35' title="bbox 1389 774 2466 816; baseline 0.002 -12"><span class='ocrx_word' id='word_1_225' title='bbox 1389 774 1490 814; x_wconf 91' lang='lat' dir='ltr'>quod,</span> <span class='ocrx_word' id='word_1_226' title='bbox 1508 774 1659 804; x_wconf 90' lang='lat' dir='ltr'>habentes</span> <span class='ocrx_word' id='word_1_227' title='bbox 1676 774 1860 810; x_wconf 85' lang='lat' dir='ltr'>necessaria,</span> <span class='ocrx_word' id='word_1_228' title='bbox 1877 780 1914 804; x_wconf 92' lang='lat' dir='ltr'>ut</span> <span class='ocrx_word' id='word_1_229' title='bbox 1929 784 2086 816; x_wconf 85' lang='lat' dir='ltr'>pauperes</span> <span class='ocrx_word' id='word_1_230' title='bbox 2102 774 2220 806; x_wconf 88' lang='lat' dir='ltr'>Christi</span> <span class='ocrx_word' id='word_1_231' title='bbox 2239 783 2304 807; x_wconf 89' lang='lat' dir='ltr'>tam</span> <span class='ocrx_word' id='word_1_232' title='bbox 2323 775 2357 806; x_wconf 92' lang='lat' dir='ltr'>in</span> <span class='ocrx_word' id='word_1_233' title='bbox 2380 776 2466 807; x_wconf 84' lang='lat' dir='ltr'>victu</span> 
     </span>
     <span class='ocr_line' id='line_1_36' title="bbox 1389 818 2467 861; baseline 0.004 -13"><span class='ocrx_word' id='word_1_234' title='bbox 1389 828 1489 859; x_wconf 89' lang='lat' dir='ltr'>quam</span> <span class='ocrx_word' id='word_1_235' title='bbox 1512 819 1544 849; x_wconf 90' lang='lat' dir='ltr'>in</span> <span class='ocrx_word' id='word_1_236' title='bbox 1569 818 1828 855; x_wconf 85' lang='lat' dir='ltr'>habitationibus,</span> <span class='ocrx_word' id='word_1_237' title='bbox 1853 818 1974 859; x_wconf 88' lang='lat' dir='ltr'>reliqua</span> <span class='ocrx_word' id='word_1_238' title='bbox 1997 820 2193 860; x_wconf 88' lang='lat' dir='ltr'>pauperibus</span> <span class='ocrx_word' id='word_1_239' title='bbox 2221 828 2401 861; x_wconf 82' lang='lat' dir='ltr'>erogarent:</span> <span class='ocrx_word' id='word_1_240' title='bbox 2431 827 2467 852; x_wconf 94' lang='lat' dir='ltr'>ut</span> 
     </span>
     <span class='ocr_line' id='line_1_37' title="bbox 1388 863 2466 904; baseline 0.002 -10"><span class='ocrx_word' id='word_1_241' title='bbox 1388 864 1540 904; x_wconf 84' lang='lat' dir='ltr'>gauderet</span> <span class='ocrx_word' id='word_1_242' title='bbox 1559 863 1701 894; x_wconf 85' lang='lat' dir='ltr'>Ecclesia</span> <span class='ocrx_word' id='word_1_243' title='bbox 1725 873 1839 894; x_wconf 90' lang='lat' dir='ltr'>eorum</span> <span class='ocrx_word' id='word_1_244' title='bbox 1863 863 1990 894; x_wconf 90' lang='lat' dir='ltr'>divitiis.</span> <span class='ocrx_word' id='word_1_245' title='bbox 2015 865 2090 895; x_wconf 83' lang='lat' dir='ltr'>Non&#39;</span> <span class='ocrx_word' id='word_1_246' title='bbox 2106 871 2154 895; x_wconf 90' lang='lat' dir='ltr'>est</span> <span class='ocrx_word' id='word_1_247' title='bbox 2169 864 2255 895; x_wconf 88' lang='lat' dir='ltr'>enim</span> <span class='ocrx_word' id='word_1_248' title='bbox 2279 865 2466 896; x_wconf 85' lang='lat' dir='ltr'>rationabile</span> 
     </span>
     <span class='ocr_line' id='line_1_38' title="bbox 1390 908 2467 951; baseline 0.001 -12"><span class='ocrx_word' id='word_1_249' title='bbox 1390 916 1439 939; x_wconf 87' lang='lat' dir='ltr'>tot</span> <span class='ocrx_word' id='word_1_250' title='bbox 1462 909 1503 939; x_wconf 88' lang='lat' dir='ltr'>ad</span> <span class='ocrx_word' id='word_1_251' title='bbox 1519 908 1728 939; x_wconf 85' lang='lat' dir='ltr'>ecclesiastica</span> <span class='ocrx_word' id='word_1_252' title='bbox 1752 908 1886 948; x_wconf 84' lang='lat' dir='ltr'>collegia</span> <span class='ocrx_word' id='word_1_253' title='bbox 1909 909 2042 939; x_wconf 84' lang='lat' dir='ltr'>donatas</span> <span class='ocrx_word' id='word_1_254' title='bbox 2067 909 2190 941; x_wconf 85' lang='lat' dir='ltr'>divitias</span> <span class='ocrx_word' id='word_1_255' title='bbox 2215 919 2292 946; x_wconf 86' lang='lat' dir='ltr'>esse,</span> <span class='ocrx_word' id='word_1_256' title='bbox 2309 910 2370 940; x_wconf 79' lang='lat' dir='ltr'>nisi</span> <span class='ocrx_word' id='word_1_257' title='bbox 2391 910 2467 951; x_wconf 84' lang='lat' dir='ltr'>quia</span> 
     </span>
     <span class='ocr_line' id='line_1_39' title="bbox 1389 953 2467 994; baseline 0.002 -11"><span class='ocrx_word' id='word_1_258' title='bbox 1389 954 1470 984; x_wconf 90' lang='lat' dir='ltr'>bene</span> <span class='ocrx_word' id='word_1_259' title='bbox 1487 953 1657 984; x_wconf 89' lang='lat' dir='ltr'>utebantur</span> <span class='ocrx_word' id='word_1_260' title='bbox 1671 953 1744 989; x_wconf 87' lang='lat' dir='ltr'>illis,</span> <span class='ocrx_word' id='word_1_261' title='bbox 1761 960 1792 984; x_wconf 90' lang='lat' dir='ltr'>et</span> <span class='ocrx_word' id='word_1_262' title='bbox 1808 963 1875 984; x_wconf 90' lang='lat' dir='ltr'>non</span> <span class='ocrx_word' id='word_1_263' title='bbox 1889 954 1928 984; x_wconf 88' lang='lat' dir='ltr'>ad</span> <span class='ocrx_word' id='word_1_264' title='bbox 1951 953 2079 984; x_wconf 86' lang='lat' dir='ltr'>delicias</span> <span class='ocrx_word' id='word_1_265' title='bbox 2095 961 2150 985; x_wconf 88' lang='lat' dir='ltr'>aut</span> <span class='ocrx_word' id='word_1_266' title='bbox 2173 963 2339 994; x_wconf 87' lang='lat' dir='ltr'>pompam,</span> <span class='ocrx_word' id='word_1_267' title='bbox 2357 962 2392 985; x_wconf 87' lang='lat' dir='ltr'>ut</span> <span class='ocrx_word' id='word_1_268' title='bbox 2407 955 2467 985; x_wconf 85' lang='lat' dir='ltr'>ho-</span> 
     </span>
     <span class='ocr_line' id='line_1_40' title="bbox 1389 997 2467 1040; baseline 0.002 -12"><span class='ocrx_word' id='word_1_269' title='bbox 1389 998 1440 1028; x_wconf 91' lang='lat' dir='ltr'>die</span> <span class='ocrx_word' id='word_1_270' title='bbox 1465 1008 1483 1028; x_wconf 87' lang='lat' dir='ltr'>a</span> <span class='ocrx_word' id='word_1_271' title='bbox 1506 998 1616 1029; x_wconf 89' lang='lat' dir='ltr'>multis</span> <span class='ocrx_word' id='word_1_272' title='bbox 1631 997 1699 1028; x_wconf 89' lang='lat' dir='ltr'>fieri</span> <span class='ocrx_word' id='word_1_273' title='bbox 1713 998 1848 1035; x_wconf 89' lang='lat' dir='ltr'>videtur,</span> <span class='ocrx_word' id='word_1_274' title='bbox 1865 998 2099 1030; x_wconf 80' lang='lat' dir='ltr'>arbitrantibus</span> <span class='ocrx_word' id='word_1_275' title='bbox 2121 999 2307 1040; x_wconf 83' lang='lat' dir='ltr'>obsequium</span> <span class='ocrx_word' id='word_1_276' title='bbox 2323 1008 2359 1030; x_wconf 86' lang='lat' dir='ltr'>se</span> <span class='ocrx_word' id='word_1_277' title='bbox 2371 1009 2467 1040; x_wconf 86' lang='lat' dir='ltr'>prae-</span> 
     </span>
     <span class='ocr_line' id='line_1_41' title="bbox 1388 1042 2091 1083; baseline 0 -10"><span class='ocrx_word' id='word_1_278' title='bbox 1388 1048 1479 1074; x_wconf 88' lang='lat' dir='ltr'>stare</span> <span class='ocrx_word' id='word_1_279' title='bbox 1501 1043 1573 1073; x_wconf 91' lang='lat' dir='ltr'>Deo</span> <span class='ocrx_word' id='word_1_280' title='bbox 1587 1042 1605 1062; x_wconf 87' lang='grc'><em>*</em></span> <span class='ocrx_word' id='word_1_281' title='bbox 1628 1043 1661 1073; x_wconf 90' lang='lat' dir='ltr'>in</span> <span class='ocrx_word' id='word_1_282' title='bbox 1684 1042 1873 1074; x_wconf 91' lang='lat' dir='ltr'>huiusmodi</span> <span class='ocrx_word' id='word_1_283' title='bbox 1897 1042 2091 1083; x_wconf 88' lang='lat' dir='ltr'>sumptibus.</span> 
     </span>
    </p>
   </div>
   <div class='ocr_carea' id='block_1_14' title="bbox 262 1215 2470 1346">
    <p class='ocr_par' dir='ltr' id='par_1_14' title="bbox 262 1215 2470 1346">
     <span class='ocr_line' id='line_1_42' title="bbox 1049 1215 1680 1258; baseline -0.002 0"><span class='ocrx_word' id='word_1_284' title='bbox 1049 1216 1372 1258; x_wconf 90' lang='lat' dir='ltr'>ARTICULUS</span> <span class='ocrx_word' id='word_1_285' title='bbox 1402 1215 1680 1258; x_wconf 89' lang='lat' dir='ltr'>OCTAVUS</span> 
     </span>
     <span class='ocr_line' id='line_1_43' title="bbox 262 1308 2470 1346; baseline 0 -5"><span class='ocrx_word' id='word_1_286' title='bbox 262 1310 419 1342; x_wconf 82' lang='lat' dir='ltr'>UTRUM</span> <span class='ocrx_word' id='word_1_287' title='bbox 442 1309 721 1341; x_wconf 82' lang='lat' dir='ltr'>PERFECTIOR</span> <span class='ocrx_word' id='word_1_288' title='bbox 744 1309 812 1340; x_wconf 77' lang='lat' dir='ltr'>srr</span> <span class='ocrx_word' id='word_1_289' title='bbox 835 1309 1073 1341; x_wconf 84' lang='lat' dir='ltr'>REL1G101N</span> <span class='ocrx_word' id='word_1_290' title='bbox 1089 1309 1337 1341; x_wconf 74' lang='lat' dir='ltr'>socffiTATE</span> <span class='ocrx_word' id='word_1_291' title='bbox 1358 1309 1603 1340; x_wconf 77' lang='lat' dir='ltr'>VIVENTIUM</span> <span class='ocrx_word' id='word_1_292' title='bbox 1627 1309 1754 1346; x_wconf 84' lang='lat' dir='ltr'><strong>QUAM</strong></span> <span class='ocrx_word' id='word_1_293' title='bbox 1778 1308 2010 1340; x_wconf 88' lang='lat' dir='ltr'><strong>AGENTIUM</strong></span> <span class='ocrx_word' id='word_1_294' title='bbox 2034 1308 2304 1340; x_wconf 75' lang='lat' dir='ltr'>SOLlTAmAM</span> <span class='ocrx_word' id='word_1_295' title='bbox 2329 1309 2470 1341; x_wconf 79' lang='lat' dir='ltr'>V1TAM</span> 
     </span>
    </p>
   </div>
   <div class='ocr_carea' id='block_1_15' title="bbox 395 1402 396 1515">
    <p class='ocr_par' dir='ltr' id='par_1_15' title="bbox 395 1402 396 1515">
     <span class='ocr_line' id='line_1_44' title="bbox 395 1402 396 1431; baseline 0 2767"><span class='ocrx_word' id='word_1_296' title='bbox 395 1402 396 1431; x_wconf 95' lang='lat' dir='ltr'> </span> 
     </span>
     <span class='ocr_line' id='line_1_45' title="bbox 395 1470 396 1515; baseline 0 2683"><span class='ocrx_word' id='word_1_297' title='bbox 395 1470 396 1515; x_wconf 95' lang='lat' dir='ltr'> </span> 
     </span>
    </p>
   </div>
   <div class='ocr_carea' id='block_1_16' title="bbox 328 1402 471 1603">
    <p class='ocr_par' dir='ltr' id='par_1_16' title="bbox 328 1402 471 1603">
     <span class='ocr_line' id='line_1_46' title="bbox 451 1402 471 1438; baseline 0 0"><span class='ocrx_word' id='word_1_298' title='bbox 451 1402 471 1438; x_wconf 95' lang='lat' dir='ltr'>  </span> 
     </span>
     <span class='ocr_line' id='line_1_47' title="bbox 454 1438 469 1480; baseline 0 0"><span class='ocrx_word' id='word_1_299' title='bbox 454 1438 469 1480; x_wconf 95' lang='lat' dir='ltr'>  </span> 
     </span>
     <span class='ocr_line' id='line_1_48' title="bbox 407 1532 427 1548; baseline 0 2650"><span class='ocrx_word' id='word_1_300' title='bbox 407 1532 427 1548; x_wconf 95' lang='lat' dir='ltr'> </span> 
     </span>
     <span class='ocr_line' id='line_1_49' title="bbox 328 1548 437 1603; baseline 0 -23"><span class='ocrx_word' id='word_1_301' title='bbox 328 1548 437 1603; x_wconf 95' lang='lat' dir='ltr'>  </span> 
     </span>
    </p>
   </div>
   <div class='ocr_carea' id='block_1_17' title="bbox 296 1410 390 1430">
    <p class='ocr_par' dir='ltr' id='par_1_17' title="bbox 296 1410 390 1430">
     <span class='ocr_line' id='line_1_50' title="bbox 296 1410 390 1430; baseline 0.011 -1"><span class='ocrx_word' id='word_1_302' title='bbox 296 1410 307 1429; x_wconf 63' lang='lat' dir='ltr'>*t</span> <span class='ocrx_word' id='word_1_303' title='bbox 354 1415 357 1424; x_wconf 68' lang='lat' dir='ltr'><em>r</em></span> <span class='ocrx_word' id='word_1_304' title='bbox 381 1414 390 1430; x_wconf 55' lang='grc' dir='ltr'><strong>ν</strong></span> 
     </span>
    </p>
   </div>
   <div class='ocr_carea' id='block_1_18' title="bbox 259 1424 1342 2038">
    <p class='ocr_par' dir='ltr' id='par_1_18' title="bbox 302 1422 437 1446">
     <span class='ocr_line' id='line_1_51' title="bbox 302 1424 437 1446; baseline 0.007 -1"><span class='ocrx_word' id='word_1_305' title='bbox 302 1424 358 1445; x_wconf 64' lang='lat' dir='ltr'>e</span> <span class='ocrx_word' id='word_1_306' title='bbox 386 1424 437 1446; x_wconf 52' lang='lat' dir='ltr'>a«</span> 
     </span>
    </p>

    <p class='ocr_par' dir='ltr' id='par_1_19' title="bbox 260 1426 1340 1757">
     <span class='ocr_line' id='line_1_52' title="bbox 293 1438 1339 1510; baseline 0.001 -22"><span class='ocrx_word' id='word_1_307' title='bbox 293 1438 682 1510; x_wconf 48' lang='lat' dir='ltr'>Uvfi&#39;Aperfeetior</span> <span class='ocrx_word' id='word_1_308' title='bbox 710 1452 756 1489; x_wconf 89' lang='lat' dir='ltr'>sit</span> <span class='ocrx_word' id='word_1_309' title='bbox 784 1452 915 1501; x_wconf 89' lang='lat' dir='ltr'>religio</span> <span class='ocrx_word' id='word_1_310' title='bbox 944 1453 982 1490; x_wconf 90' lang='lat' dir='ltr'>in</span> <span class='ocrx_word' id='word_1_311' title='bbox 1005 1452 1185 1490; x_wconf 89' lang='lat' dir='ltr'>societate</span> <span class='ocrx_word' id='word_1_312' title='bbox 1204 1452 1339 1490; x_wconf 91' lang='lat' dir='ltr'>viven-</span> 
     </span>
     <span class='ocr_line' id='line_1_53' title="bbox 282 1503 1337 1561; baseline -0.002 -16"><span class='ocrx_word' id='word_1_313' title='bbox 282 1503 405 1561; x_wconf 43' lang='grc' dir='ltr'>’ᾔδη</span> <span class='ocrx_word' id='word_1_314' title='bbox 427 1508 448 1543; x_wconf 63' lang='lat'><strong>6</strong></span> <span class='ocrx_word' id='word_1_315' title='bbox 477 1505 574 1543; x_wconf 90' lang='lat' dir='ltr'>tium</span> <span class='ocrx_word' id='word_1_316' title='bbox 603 1518 721 1555; x_wconf 89' lang='lat' dir='ltr'>quam</span> <span class='ocrx_word' id='word_1_317' title='bbox 750 1506 946 1555; x_wconf 88' lang='lat' dir='ltr'>agentium</span> <span class='ocrx_word' id='word_1_318' title='bbox 976 1506 1184 1544; x_wconf 87' lang='lat' dir='ltr'>solitariam</span> <span class='ocrx_word' id='word_1_319' title='bbox 1204 1506 1337 1543; x_wconf 89' lang='lat' dir='ltr'>vitam.</span> 
     </span>
     <span class='ocr_line' id='line_1_54' title="bbox 321 1527 1340 1598; baseline 0.001 -2"><span class='ocrx_word' id='word_1_320' title='bbox 321 1527 409 1589; x_wconf 49' lang='grc' dir='ltr'>ᾧ·</span> <span class='ocrx_word' id='word_1_321' title='bbox 437 1548 627 1597; x_wconf 90' lang='lat' dir='ltr'>Dicitur</span> <span class='ocrx_word' id='word_1_322' title='bbox 647 1559 749 1596; x_wconf 90' lang='lat' dir='ltr'>enim</span> <span class='ocrx_word' id='word_1_323' title='bbox 767 1561 892 1597; x_wconf 89' lang='lat' dir='ltr'>Eccle.</span> <span class='ocrx_word' id='word_1_324' title='bbox 906 1573 941 1597; x_wconf 82' lang='grc' dir='ltr'>ιν</span> <span class='ocrx_word' id='word_1_325' title='bbox 955 1559 990 1598; x_wconf 76' lang='grc' dir='ltr'>*ε</span> <span class='ocrx_word' id='word_1_326' title='bbox 1011 1560 1155 1597; x_wconf 90' lang='lat' dir='ltr'>Melius</span> <span class='ocrx_word' id='word_1_327' title='bbox 1174 1566 1228 1597; x_wconf 88' lang='lat' dir='ltr'>est</span> <span class='ocrx_word' id='word_1_328' title='bbox 1245 1561 1340 1597; x_wconf 86' lang='lat' dir='ltr'>duos</span> 
     </span>
     <span class='ocr_line' id='line_1_55' title="bbox 263 1614 1338 1661; baseline 0 -11"><span class='ocrx_word' id='word_1_329' title='bbox 263 1625 342 1650; x_wconf 88' lang='lat' dir='ltr'>esse</span> <span class='ocrx_word' id='word_1_330' title='bbox 361 1618 378 1634; x_wconf 62' lang='grc' dir='ltr'>α</span> <span class='ocrx_word' id='word_1_331' title='bbox 406 1624 522 1661; x_wconf 84' lang='lat' dir='ltr'>quam</span> <span class='ocrx_word' id='word_1_332' title='bbox 553 1626 692 1650; x_wconf 90' lang='lat' dir='ltr'>unum:</span> <span class='ocrx_word' id='word_1_333' title='bbox 734 1615 874 1651; x_wconf 87' lang='lat' dir='ltr'>habent</span> <span class='ocrx_word' id='word_1_334' title='bbox 904 1615 1005 1651; x_wconf 84' lang='lat' dir='ltr'>enim</span> <span class='ocrx_word' id='word_1_335' title='bbox 1043 1614 1338 1651; x_wconf 87' lang='lat' dir='ltr'>emolumentum</span> 
     </span>
     <span class='ocr_line' id='line_1_56' title="bbox 260 1667 1338 1716; baseline 0 -12"><span class='ocrx_word' id='word_1_336' title='bbox 260 1667 446 1704; x_wconf 87' lang='lat' dir='ltr'>societatis</span> <span class='ocrx_word' id='word_1_337' title='bbox 460 1678 563 1703; x_wconf 90' lang='lat' dir='ltr'>suae.</span> <span class='ocrx_word' id='word_1_338' title='bbox 585 1668 688 1714; x_wconf 88' lang='lat' dir='ltr'>Ergo</span> <span class='ocrx_word' id='word_1_339' title='bbox 708 1667 861 1704; x_wconf 89' lang='lat' dir='ltr'>videtur</span> <span class='ocrx_word' id='word_1_340' title='bbox 879 1667 1084 1716; x_wconf 89' lang='lat' dir='ltr'>perfectior</span> <span class='ocrx_word' id='word_1_341' title='bbox 1103 1679 1187 1704; x_wconf 90' lang='lat' dir='ltr'>esse</span> <span class='ocrx_word' id='word_1_342' title='bbox 1206 1667 1338 1715; x_wconf 88' lang='lat' dir='ltr'>religio</span> 
     </span>
     <span class='ocr_line' id='line_1_57' title="bbox 261 1719 766 1757; baseline 0 -1"><span class='ocrx_word' id='word_1_343' title='bbox 261 1721 300 1757; x_wconf 90' lang='lat' dir='ltr'>in</span> <span class='ocrx_word' id='word_1_344' title='bbox 328 1719 509 1756; x_wconf 89' lang='lat' dir='ltr'>societate</span> <span class='ocrx_word' id='word_1_345' title='bbox 538 1720 766 1757; x_wconf 86' lang='lat' dir='ltr'>viventium.</span> 
     </span>
    </p>

    <p class='ocr_par' dir='ltr' id='par_1_20' title="bbox 259 1773 1342 2038">
     <span class='ocr_line' id='line_1_58' title="bbox 316 1773 1342 1822; baseline 0.001 -13"><span class='ocrx_word' id='word_1_346' title='bbox 316 1785 351 1810; x_wconf 89' lang='lat'>2.</span> <span class='ocrx_word' id='word_1_347' title='bbox 378 1773 614 1821; x_wconf 75' lang='lat' dir='ltr'>PRAETEREA,</span> <span class='ocrx_word' id='word_1_348' title='bbox 631 1774 766 1810; x_wconf 88' lang='lat' dir='ltr'>Matth.</span> <span class='ocrx_word' id='word_1_349' title='bbox 787 1785 872 1810; x_wconf 83' lang='lat' dir='ltr'>xvm</span> <span class='ocrx_word' id='word_1_350' title='bbox 887 1773 908 1795; x_wconf 76' lang='lat'>’¹‘</span> <span class='ocrx_word' id='word_1_351' title='bbox 928 1773 1081 1811; x_wconf 88' lang='lat' dir='ltr'>dicitur:</span> <span class='ocrx_word' id='word_1_352' title='bbox 1107 1774 1181 1811; x_wconf 90' lang='lat' dir='ltr'>Ubi</span> <span class='ocrx_word' id='word_1_353' title='bbox 1185 1774 1342 1822; x_wconf 87' lang='lat' dir='ltr'>fuerint</span> 
     </span>
     <span class='ocr_line' id='line_1_59' title="bbox 261 1827 1338 1877; baseline 0.001 -14"><span class='ocrx_word' id='word_1_354' title='bbox 261 1827 335 1864; x_wconf 87' lang='lat' dir='ltr'>duo</span> <span class='ocrx_word' id='word_1_355' title='bbox 363 1827 425 1863; x_wconf 79' lang='lat' dir='ltr'>vel</span> <span class='ocrx_word' id='word_1_356' title='bbox 451 1831 525 1863; x_wconf 90' lang='lat' dir='ltr'>tres</span> <span class='ocrx_word' id='word_1_357' title='bbox 553 1827 784 1877; x_wconf 79' lang='lat' dir='ltr'>congregati</span> <span class='ocrx_word' id='word_1_358' title='bbox 809 1827 846 1864; x_wconf 89' lang='lat' dir='ltr'>in</span> <span class='ocrx_word' id='word_1_359' title='bbox 876 1827 1030 1864; x_wconf 89' lang='lat' dir='ltr'>nomine</span> <span class='ocrx_word' id='word_1_360' title='bbox 1057 1839 1154 1874; x_wconf 87' lang='lat' dir='ltr'>meo,</span> <span class='ocrx_word' id='word_1_361' title='bbox 1185 1827 1238 1864; x_wconf 90' lang='lat' dir='ltr'>ibi</span> <span class='ocrx_word' id='word_1_362' title='bbox 1252 1839 1338 1864; x_wconf 89' lang='lat' dir='ltr'>sum</span> 
     </span>
     <span class='ocr_line' id='line_1_60' title="bbox 260 1880 1338 1930; baseline 0.002 -14"><span class='ocrx_word' id='word_1_363' title='bbox 260 1892 333 1930; x_wconf 81' lang='lat' dir='ltr'>ego</span> <span class='ocrx_word' id='word_1_364' title='bbox 362 1880 400 1916; x_wconf 89' lang='lat' dir='ltr'>in</span> <span class='ocrx_word' id='word_1_365' title='bbox 421 1880 544 1917; x_wconf 91' lang='lat' dir='ltr'>medio</span> <span class='ocrx_word' id='word_1_366' title='bbox 563 1892 709 1918; x_wconf 90' lang='lat' dir='ltr'>eorum.</span> <span class='ocrx_word' id='word_1_367' title='bbox 741 1881 818 1918; x_wconf 94' lang='lat' dir='ltr'>Sed</span> <span class='ocrx_word' id='word_1_368' title='bbox 839 1880 931 1918; x_wconf 92' lang='lat' dir='ltr'>nihil</span> <span class='ocrx_word' id='word_1_369' title='bbox 950 1888 1077 1930; x_wconf 89' lang='lat' dir='ltr'>potest</span> <span class='ocrx_word' id='word_1_370' title='bbox 1097 1893 1180 1918; x_wconf 90' lang='lat' dir='ltr'>esse</span> <span class='ocrx_word' id='word_1_371' title='bbox 1201 1881 1338 1918; x_wconf 90' lang='lat' dir='ltr'>melius</span> 
     </span>
     <span class='ocr_line' id='line_1_61' title="bbox 260 1933 1338 1984; baseline 0.002 -14"><span class='ocrx_word' id='word_1_372' title='bbox 260 1946 379 1982; x_wconf 89' lang='lat' dir='ltr'>quam</span> <span class='ocrx_word' id='word_1_373' title='bbox 409 1933 547 1970; x_wconf 89' lang='lat' dir='ltr'>Christi</span> <span class='ocrx_word' id='word_1_374' title='bbox 576 1934 750 1972; x_wconf 90' lang='lat' dir='ltr'>societas.</span> <span class='ocrx_word' id='word_1_375' title='bbox 782 1935 885 1983; x_wconf 89' lang='lat' dir='ltr'>Ergo</span> <span class='ocrx_word' id='word_1_376' title='bbox 905 1934 1059 1972; x_wconf 86' lang='lat' dir='ltr'>videtur</span> <span class='ocrx_word' id='word_1_377' title='bbox 1079 1935 1184 1984; x_wconf 91' lang='lat' dir='ltr'>quod</span> <span class='ocrx_word' id='word_1_378' title='bbox 1203 1935 1338 1973; x_wconf 89' lang='lat' dir='ltr'>vivere</span> 
     </span>
     <span class='ocr_line' id='line_1_62' title="bbox 259 1987 1339 2038; baseline 0.001 -13"><span class='ocrx_word' id='word_1_379' title='bbox 259 1988 298 2025; x_wconf 91' lang='lat' dir='ltr'>in</span> <span class='ocrx_word' id='word_1_380' title='bbox 328 1987 623 2035; x_wconf 89' lang='lat' dir='ltr'>congregatione</span> <span class='ocrx_word' id='word_1_381' title='bbox 652 1988 699 2026; x_wconf 87' lang='lat' dir='ltr'>sit</span> <span class='ocrx_word' id='word_1_382' title='bbox 727 1988 864 2025; x_wconf 90' lang='lat' dir='ltr'>melius</span> <span class='ocrx_word' id='word_1_383' title='bbox 894 2000 1010 2038; x_wconf 91' lang='lat' dir='ltr'>quarn</span> <span class='ocrx_word' id='word_1_384' title='bbox 1042 1989 1183 2026; x_wconf 90' lang='lat' dir='ltr'>ducere</span> <span class='ocrx_word' id='word_1_385' title='bbox 1212 1988 1339 2026; x_wconf 87' lang='lat' dir='ltr'>solita·</span> 
     </span>
    </p>
   </div>
   <div class='ocr_carea' id='block_1_19' title="bbox 262 2041 520 2079">
    <p class='ocr_par' dir='ltr' id='par_1_21' title="bbox 262 2041 520 2079">
     <span class='ocr_line' id='line_1_63' title="bbox 262 2041 520 2079; baseline -0.008 0"><span class='ocrx_word' id='word_1_386' title='bbox 262 2041 357 2079; x_wconf 88' lang='lat' dir='ltr'>riam</span> <span class='ocrx_word' id='word_1_387' title='bbox 386 2041 520 2078; x_wconf 87' lang='lat' dir='ltr'>vitam.</span> 
     </span>
    </p>
   </div>
   <div class='ocr_carea' id='block_1_20' title="bbox 268 1402 284 1603">
    <p class='ocr_par' dir='ltr' id='par_1_22' title="bbox 268 1402 284 1603">
     <span class='ocr_line' id='line_1_64' title="bbox 268 1402 284 1603; baseline 0 -133"><span class='ocrx_word' id='word_1_388' title='bbox 268 1402 284 1603; x_wconf 95' lang='lat' dir='ltr'>  </span> 
     </span>
    </p>
   </div>
   <div class='ocr_carea' id='block_1_21' title="bbox 248 2095 1340 3432">
    <p class='ocr_par' dir='ltr' id='par_1_23' title="bbox 248 2095 1340 2895">
     <span class='ocr_line' id='line_1_65' title="bbox 315 2095 1338 2144; baseline 0.001 -11"><span class='ocrx_word' id='word_1_389' title='bbox 315 2096 350 2133; x_wconf 87' lang='lat'>3.</span> <span class='ocrx_word' id='word_1_390' title='bbox 381 2095 625 2142; x_wconf 75' lang='lat' dir='ltr'>PRAETEREA,</span> <span class='ocrx_word' id='word_1_391' title='bbox 656 2095 753 2133; x_wconf 89' lang='lat' dir='ltr'>inter</span> <span class='ocrx_word' id='word_1_392' title='bbox 772 2095 845 2133; x_wconf 88' lang='lat' dir='ltr'>alia</span> <span class='ocrx_word' id='word_1_393' title='bbox 865 2095 1056 2144; x_wconf 88' lang='lat' dir='ltr'>religionis</span> <span class='ocrx_word' id='word_1_394' title='bbox 1074 2103 1179 2143; x_wconf 90' lang='lat' dir='ltr'>vota,</span> <span class='ocrx_word' id='word_1_395' title='bbox 1199 2103 1338 2134; x_wconf 88' lang='lat' dir='ltr'>votum</span> 
     </span>
     <span class='ocr_line' id='line_1_66' title="bbox 260 2148 1340 2187; baseline 0.002 -2"><span class='ocrx_word' id='word_1_396' title='bbox 260 2148 503 2186; x_wconf 88' lang='lat' dir='ltr'>obedientiae</span> <span class='ocrx_word' id='word_1_397' title='bbox 525 2149 768 2186; x_wconf 84' lang='lat' dir='ltr'>excellentius</span> <span class='ocrx_word' id='word_1_398' title='bbox 789 2157 863 2186; x_wconf 89' lang='lat' dir='ltr'>est:</span> <span class='ocrx_word' id='word_1_399' title='bbox 895 2157 931 2186; x_wconf 94' lang='lat' dir='ltr'>et</span> <span class='ocrx_word' id='word_1_400' title='bbox 959 2149 1153 2187; x_wconf 89' lang='lat' dir='ltr'>humilitas</span> <span class='ocrx_word' id='word_1_401' title='bbox 1182 2158 1239 2187; x_wconf 92' lang='lat' dir='ltr'>est</span> <span class='ocrx_word' id='word_1_402' title='bbox 1258 2162 1340 2187; x_wconf 89' lang='lat' dir='ltr'>ma-</span> 
     </span>
     <span class='ocr_line' id='line_1_67' title="bbox 259 2202 1340 2251; baseline 0.002 -12"><span class='ocrx_word' id='word_1_403' title='bbox 259 2202 362 2239; x_wconf 88' lang='lat' dir='ltr'>xime</span> <span class='ocrx_word' id='word_1_404' title='bbox 391 2203 476 2239; x_wconf 87' lang='lat' dir='ltr'>Deo</span> <span class='ocrx_word' id='word_1_405' title='bbox 507 2210 676 2251; x_wconf 89' lang='lat' dir='ltr'>accepta.</span> <span class='ocrx_word' id='word_1_406' title='bbox 717 2203 795 2240; x_wconf 92' lang='lat' dir='ltr'>Sed</span> <span class='ocrx_word' id='word_1_407' title='bbox 824 2203 1044 2240; x_wconf 89' lang='lat' dir='ltr'>obedientia</span> <span class='ocrx_word' id='word_1_408' title='bbox 1077 2211 1114 2240; x_wconf 89' lang='lat' dir='ltr'>et</span> <span class='ocrx_word' id='word_1_409' title='bbox 1145 2203 1340 2242; x_wconf 87' lang='lat' dir='ltr'>humilitas</span> 
     </span>
     <span class='ocr_line' id='line_1_68' title="bbox 261 2254 1339 2304; baseline 0.002 -11"><span class='ocrx_word' id='word_1_410' title='bbox 261 2255 382 2304; x_wconf 88' lang='lat' dir='ltr'>magis</span> <span class='ocrx_word' id='word_1_411' title='bbox 421 2257 650 2293; x_wconf 88' lang='lat' dir='ltr'>observatur</span> <span class='ocrx_word' id='word_1_412' title='bbox 677 2254 693 2286; x_wconf 70' lang='grc' dir='ltr'>β</span> <span class='ocrx_word' id='word_1_413' title='bbox 728 2257 768 2294; x_wconf 91' lang='lat' dir='ltr'>in</span> <span class='ocrx_word' id='word_1_414' title='bbox 806 2257 1007 2294; x_wconf 85' lang='lat' dir='ltr'>communi</span> <span class='ocrx_word' id='word_1_415' title='bbox 1044 2257 1339 2295; x_wconf 89' lang='lat' dir='ltr'>conversatione</span> 
     </span>
     <span class='ocr_line' id='line_1_69' title="bbox 261 2309 1337 2360; baseline 0.002 -14"><span class='ocrx_word' id='word_1_416' title='bbox 261 2321 380 2360; x_wconf 89' lang='lat' dir='ltr'>quam</span> <span class='ocrx_word' id='word_1_417' title='bbox 409 2309 448 2346; x_wconf 92' lang='lat' dir='ltr'>in</span> <span class='ocrx_word' id='word_1_418' title='bbox 477 2309 694 2347; x_wconf 90' lang='lat' dir='ltr'>solitudine.</span> <span class='ocrx_word' id='word_1_419' title='bbox 724 2309 826 2347; x_wconf 93' lang='lat' dir='ltr'>Dicit</span> <span class='ocrx_word' id='word_1_420' title='bbox 855 2309 958 2347; x_wconf 90' lang='lat' dir='ltr'>enim</span> <span class='ocrx_word' id='word_1_421' title='bbox 988 2310 1269 2360; x_wconf 81' lang='lat' dir='ltr'>Hieronymus,</span> <span class='ocrx_word' id='word_1_422' title='bbox 1300 2311 1337 2348; x_wconf 92' lang='lat' dir='ltr'>in</span> 
     </span>
     <span class='ocr_line' id='line_1_70' title="bbox 262 2363 1340 2412; baseline 0.002 -12"><span class='ocrx_word' id='word_1_423' title='bbox 262 2363 435 2412; x_wconf 88' lang='lat' dir='ltr'>Epistola</span> <span class='ocrx_word' id='word_1_424' title='bbox 454 2363 507 2400; x_wconf 87' lang='lat' dir='ltr'>ad</span> <span class='ocrx_word' id='word_1_425' title='bbox 522 2363 722 2400; x_wconf 87' lang='lat' dir='ltr'>Rusticum</span> <span class='ocrx_word' id='word_1_426' title='bbox 742 2364 983 2401; x_wconf 86' lang='lat' dir='ltr'>Monachum</span> <span class='ocrx_word' id='word_1_427' title='bbox 1003 2363 1044 2400; x_wconf 73' lang='grc' dir='ltr'>*ε</span> <span class='ocrx_word' id='word_1_428' title='bbox 1073 2365 1120 2402; x_wconf 86' lang='lat' dir='ltr'>In</span> <span class='ocrx_word' id='word_1_429' title='bbox 1139 2364 1340 2402; x_wconf 87' lang='lat' dir='ltr'>solitudine</span> 
     </span>
     <span class='ocr_line' id='line_1_71' title="bbox 262 2417 1338 2466; baseline 0.002 -13"><span class='ocrx_word' id='word_1_430' title='bbox 262 2417 334 2454; x_wconf 86' lang='lat' dir='ltr'>cito</span> <span class='ocrx_word' id='word_1_431' title='bbox 366 2417 535 2466; x_wconf 82' lang='lat' dir='ltr'>subrepit</span> <span class='ocrx_word' id='word_1_432' title='bbox 563 2417 762 2466; x_wconf 87' lang='lat' dir='ltr'>superbia:</span> <span class='ocrx_word' id='word_1_433' title='bbox 799 2417 941 2454; x_wconf 85' lang='lat' dir='ltr'>dormit</span> <span class='ocrx_word' id='word_1_434' title='bbox 971 2418 1123 2465; x_wconf 88' lang='lat' dir='ltr'>quando</span> <span class='ocrx_word' id='word_1_435' title='bbox 1156 2418 1338 2465; x_wconf 79' lang='lat' dir='ltr'>voluerit,</span> 
     </span>
     <span class='ocr_line' id='line_1_72' title="bbox 248 2470 1340 2520; baseline 0.002 -13"><span class='ocrx_word' id='word_1_436' title='bbox 248 2471 354 2519; x_wconf 86' lang='lat' dir='ltr'>facit</span> <span class='ocrx_word' id='word_1_437' title='bbox 380 2471 483 2519; x_wconf 88' lang='lat' dir='ltr'>quod</span> <span class='ocrx_word' id='word_1_438' title='bbox 503 2470 676 2508; x_wconf 84' lang='lat' dir='ltr'>voluerit.</span> <span class='ocrx_word' id='word_1_439' title='bbox 707 2471 739 2508; x_wconf 90' lang='lat' dir='ltr'><strong>E</strong></span> <span class='ocrx_word' id='word_1_440' title='bbox 761 2470 952 2508; x_wconf 86' lang='lat' dir='ltr'>contrario</span> <span class='ocrx_word' id='word_1_441' title='bbox 973 2479 1103 2508; x_wconf 89' lang='lat' dir='ltr'>autem</span> <span class='ocrx_word' id='word_1_442' title='bbox 1124 2471 1205 2520; x_wconf 89' lang='lat' dir='ltr'>ipse</span> <span class='ocrx_word' id='word_1_443' title='bbox 1227 2472 1340 2509; x_wconf 91' lang='lat' dir='ltr'>docet</span> 
     </span>
     <span class='ocr_line' id='line_1_73' title="bbox 262 2523 1340 2574; baseline 0.003 -14"><span class='ocrx_word' id='word_1_444' title='bbox 262 2536 352 2561; x_wconf 89' lang='lat' dir='ltr'>eum</span> <span class='ocrx_word' id='word_1_445' title='bbox 382 2524 449 2573; x_wconf 94' lang='lat' dir='ltr'>qui</span> <span class='ocrx_word' id='word_1_446' title='bbox 467 2523 506 2560; x_wconf 92' lang='lat' dir='ltr'>in</span> <span class='ocrx_word' id='word_1_447' title='bbox 535 2524 717 2561; x_wconf 91' lang='lat' dir='ltr'>societate</span> <span class='ocrx_word' id='word_1_448' title='bbox 745 2523 853 2571; x_wconf 80' lang='lat' dir='ltr'>vivit,</span> <span class='ocrx_word' id='word_1_449' title='bbox 875 2523 1062 2562; x_wconf 64' lang='lat' dir='ltr'>dicens⁸z</span> <span class='ocrx_word' id='word_1_450' title='bbox 1092 2525 1184 2562; x_wconf 90' lang='lat' dir='ltr'>Non</span> <span class='ocrx_word' id='word_1_451' title='bbox 1206 2526 1340 2574; x_wconf 87' lang='lat' dir='ltr'>facias</span> 
     </span>
     <span class='ocr_line' id='line_1_74' title="bbox 261 2577 1337 2627; baseline 0.002 -13"><span class='ocrx_word' id='word_1_452' title='bbox 261 2577 364 2627; x_wconf 87' lang='lat' dir='ltr'>quod</span> <span class='ocrx_word' id='word_1_453' title='bbox 381 2578 457 2615; x_wconf 81' lang='lat' dir='ltr'>vis:</span> <span class='ocrx_word' id='word_1_454' title='bbox 485 2578 663 2615; x_wconf 87' lang='lat' dir='ltr'>comedas</span> <span class='ocrx_word' id='word_1_455' title='bbox 691 2577 794 2626; x_wconf 88' lang='lat' dir='ltr'>quod</span> <span class='ocrx_word' id='word_1_456' title='bbox 811 2578 963 2624; x_wconf 88' lang='lat' dir='ltr'>iuberis,</span> <span class='ocrx_word' id='word_1_457' title='bbox 993 2578 1134 2615; x_wconf 86' lang='lat' dir='ltr'>habeas</span> <span class='ocrx_word' id='word_1_458' title='bbox 1153 2585 1337 2627; x_wconf 88' lang='lat' dir='ltr'>quantum</span> 
     </span>
     <span class='ocr_line' id='line_1_75' title="bbox 261 2631 1338 2681; baseline 0.002 -13"><span class='ocrx_word' id='word_1_459' title='bbox 261 2632 464 2680; x_wconf 89' lang='lat' dir='ltr'>acceperis,</span> <span class='ocrx_word' id='word_1_460' title='bbox 483 2631 696 2669; x_wconf 86' lang='lat' dir='ltr'>subiiciaris</span> <span class='ocrx_word' id='word_1_461' title='bbox 715 2632 779 2668; x_wconf 90' lang='lat' dir='ltr'>cui</span> <span class='ocrx_word' id='word_1_462' title='bbox 795 2644 870 2670; x_wconf 87' lang='lat' dir='ltr'>non</span> <span class='ocrx_word' id='word_1_463' title='bbox 890 2632 959 2678; x_wconf 76' lang='lat' dir='ltr'>vis,</span> <span class='ocrx_word' id='word_1_464' title='bbox 979 2632 1124 2670; x_wconf 82' lang='lat' dir='ltr'>servias</span> <span class='ocrx_word' id='word_1_465' title='bbox 1128 2633 1338 2681; x_wconf 83' lang='lat' dir='ltr'>fratribus,</span> 
     </span>
     <span class='ocr_line' id='line_1_76' title="bbox 255 2685 1340 2737; baseline 0.002 -15"><span class='ocrx_word' id='word_1_466' title='bbox 255 2685 518 2734; x_wconf 88' lang='lat' dir='ltr'>praepositum</span> <span class='ocrx_word' id='word_1_467' title='bbox 547 2685 769 2723; x_wconf 85' lang='lat' dir='ltr'>monasterii</span> <span class='ocrx_word' id='word_1_468' title='bbox 795 2685 927 2723; x_wconf 87' lang='lat' dir='ltr'>timeas</span> <span class='ocrx_word' id='word_1_469' title='bbox 957 2691 998 2722; x_wconf 88' lang='lat' dir='ltr'>ut</span> <span class='ocrx_word' id='word_1_470' title='bbox 1022 2687 1171 2733; x_wconf 80' lang='lat' dir='ltr'>Deum,</span> <span class='ocrx_word' id='word_1_471' title='bbox 1200 2686 1340 2737; x_wconf 83' lang='lat' dir='ltr'>diligas</span> 
     </span>
     <span class='ocr_line' id='line_1_77' title="bbox 263 2739 1338 2788; baseline 0.002 -12"><span class='ocrx_word' id='word_1_472' title='bbox 263 2745 304 2776; x_wconf 89' lang='lat' dir='ltr'>ut</span> <span class='ocrx_word' id='word_1_473' title='bbox 329 2744 540 2787; x_wconf 86' lang='lat' dir='ltr'>parentem.</span> <span class='ocrx_word' id='word_1_474' title='bbox 584 2740 688 2788; x_wconf 89' lang='lat' dir='ltr'>Ergo</span> <span class='ocrx_word' id='word_1_475' title='bbox 716 2739 870 2777; x_wconf 89' lang='lat' dir='ltr'>videtur</span> <span class='ocrx_word' id='word_1_476' title='bbox 907 2739 1012 2788; x_wconf 89' lang='lat' dir='ltr'>quod</span> <span class='ocrx_word' id='word_1_477' title='bbox 1047 2739 1174 2788; x_wconf 87' lang='lat' dir='ltr'>religio</span> <span class='ocrx_word' id='word_1_478' title='bbox 1202 2740 1338 2778; x_wconf 91' lang='lat' dir='ltr'>viven-</span> 
     </span>
     <span class='ocr_line' id='line_1_78' title="bbox 261 2792 1337 2842; baseline 0.003 -13"><span class='ocrx_word' id='word_1_479' title='bbox 261 2792 356 2830; x_wconf 88' lang='lat' dir='ltr'>tium</span> <span class='ocrx_word' id='word_1_480' title='bbox 378 2793 416 2830; x_wconf 91' lang='lat' dir='ltr'>in</span> <span class='ocrx_word' id='word_1_481' title='bbox 436 2792 616 2830; x_wconf 85' lang='lat' dir='ltr'>societate</span> <span class='ocrx_word' id='word_1_482' title='bbox 645 2792 692 2830; x_wconf 88' lang='lat' dir='ltr'>sit</span> <span class='ocrx_word' id='word_1_483' title='bbox 719 2792 923 2842; x_wconf 88' lang='lat' dir='ltr'>perfectior</span> <span class='ocrx_word' id='word_1_484' title='bbox 943 2805 988 2830; x_wconf 85' lang='lat' dir='ltr'>ea</span> <span class='ocrx_word' id='word_1_485' title='bbox 1008 2805 1108 2842; x_wconf 90' lang='lat' dir='ltr'>quae</span> <span class='ocrx_word' id='word_1_486' title='bbox 1127 2793 1337 2832; x_wconf 88' lang='lat' dir='ltr'>solitariam</span> 
     </span>
     <span class='ocr_line' id='line_1_79' title="bbox 261 2846 497 2895; baseline 0 -12"><span class='ocrx_word' id='word_1_487' title='bbox 261 2846 381 2883; x_wconf 89' lang='lat' dir='ltr'>vitam</span> <span class='ocrx_word' id='word_1_488' title='bbox 411 2846 497 2895; x_wconf 87' lang='lat' dir='ltr'>agit.</span> 
     </span>
    </p>

    <p class='ocr_par' dir='ltr' id='par_1_24' title="bbox 261 2898 1339 3217">
     <span class='ocr_line' id='line_1_80' title="bbox 314 2898 1337 2947; baseline 0.001 -10"><span class='ocrx_word' id='word_1_489' title='bbox 314 2912 352 2947; x_wconf 91' lang='lat'>4.</span> <span class='ocrx_word' id='word_1_490' title='bbox 373 2900 610 2947; x_wconf 71' lang='lat' dir='ltr'>PRAETEREA,</span> <span class='ocrx_word' id='word_1_491' title='bbox 631 2898 825 2937; x_wconf 87' lang='lat' dir='ltr'>Dominus</span> <span class='ocrx_word' id='word_1_492' title='bbox 846 2898 947 2947; x_wconf 90' lang='lat' dir='ltr'>dicit,</span> <span class='ocrx_word' id='word_1_493' title='bbox 970 2899 1064 2937; x_wconf 87' lang='lat' dir='ltr'>Luc.</span> <span class='ocrx_word' id='word_1_494' title='bbox 1085 2912 1120 2937; x_wconf 80' lang='lat' dir='ltr'>XI</span> <span class='ocrx_word' id='word_1_495' title='bbox 1139 2899 1180 2937; x_wconf 74' lang='grc' dir='ltr'>*ε</span> <span class='ocrx_word' id='word_1_496' title='bbox 1210 2901 1337 2938; x_wconf 89' lang='lat' dir='ltr'>Nemo</span> 
     </span>
     <span class='ocr_line' id='line_1_81' title="bbox 262 2953 1339 3003; baseline 0.002 -13"><span class='ocrx_word' id='word_1_497' title='bbox 262 2953 433 2991; x_wconf 85' lang='lat' dir='ltr'>accendit</span> <span class='ocrx_word' id='word_1_498' title='bbox 459 2954 656 2991; x_wconf 87' lang='lat' dir='ltr'>lucernam</span> <span class='ocrx_word' id='word_1_499' title='bbox 685 2959 721 2990; x_wconf 88' lang='lat' dir='ltr'>et</span> <span class='ocrx_word' id='word_1_500' title='bbox 748 2953 785 2990; x_wconf 89' lang='lat' dir='ltr'>in</span> <span class='ocrx_word' id='word_1_501' title='bbox 814 2953 1032 2991; x_wconf 86' lang='lat' dir='ltr'>abscondito</span> <span class='ocrx_word' id='word_1_502' title='bbox 1055 2954 1183 3002; x_wconf 89' lang='lat' dir='ltr'>ponit,</span> <span class='ocrx_word' id='word_1_503' title='bbox 1218 2966 1339 3003; x_wconf 89' lang='lat' dir='ltr'>neque</span> 
     </span>
     <span class='ocr_line' id='line_1_82' title="bbox 261 3006 1336 3056; baseline 0.002 -13"><span class='ocrx_word' id='word_1_504' title='bbox 261 3008 331 3044; x_wconf 90' lang='lat' dir='ltr'>sub</span> <span class='ocrx_word' id='word_1_505' title='bbox 359 3007 498 3045; x_wconf 90' lang='lat' dir='ltr'>modio.</span> <span class='ocrx_word' id='word_1_506' title='bbox 539 3007 616 3044; x_wconf 90' lang='lat' dir='ltr'>Sed</span> <span class='ocrx_word' id='word_1_507' title='bbox 645 3006 695 3043; x_wconf 90' lang='lat' dir='ltr'>illi</span> <span class='ocrx_word' id='word_1_508' title='bbox 723 3006 789 3055; x_wconf 92' lang='lat' dir='ltr'>qui</span> <span class='ocrx_word' id='word_1_509' title='bbox 817 3006 1022 3044; x_wconf 87' lang='lat' dir='ltr'>solitariam</span> <span class='ocrx_word' id='word_1_510' title='bbox 1049 3007 1170 3044; x_wconf 88' lang='lat' dir='ltr'>vitam</span> <span class='ocrx_word' id='word_1_511' title='bbox 1200 3015 1336 3056; x_wconf 85' lang='lat' dir='ltr'>agunt,</span> 
     </span>
     <span class='ocr_line' id='line_1_83' title="bbox 262 3060 1338 3110; baseline 0.002 -13"><span class='ocrx_word' id='word_1_512' title='bbox 262 3060 443 3098; x_wconf 90' lang='lat' dir='ltr'>videntur</span> <span class='ocrx_word' id='word_1_513' title='bbox 471 3072 554 3098; x_wconf 88' lang='lat' dir='ltr'>esse</span> <span class='ocrx_word' id='word_1_514' title='bbox 582 3060 621 3097; x_wconf 94' lang='lat' dir='ltr'>in</span> <span class='ocrx_word' id='word_1_515' title='bbox 650 3060 876 3098; x_wconf 90' lang='lat' dir='ltr'>abscondito</span> <span class='ocrx_word' id='word_1_516' title='bbox 905 3060 1031 3110; x_wconf 87' lang='lat' dir='ltr'>positi,</span> <span class='ocrx_word' id='word_1_517' title='bbox 1061 3060 1151 3098; x_wconf 89' lang='lat' dir='ltr'>nihil</span> <span class='ocrx_word' id='word_1_518' title='bbox 1172 3061 1338 3099; x_wconf 89' lang='lat' dir='ltr'>utilitatis</span> 
     </span>
     <span class='ocr_line' id='line_1_84' title="bbox 263 3113 1337 3164; baseline 0.002 -13"><span class='ocrx_word' id='word_1_519' title='bbox 263 3113 485 3151; x_wconf 90' lang='lat' dir='ltr'>hominibus</span> <span class='ocrx_word' id='word_1_520' title='bbox 514 3113 729 3151; x_wconf 88' lang='lat' dir='ltr'>afferentes.</span> <span class='ocrx_word' id='word_1_521' title='bbox 760 3113 863 3163; x_wconf 82' lang='lat' dir='ltr'>Ergo</span> <span class='ocrx_word' id='word_1_522' title='bbox 892 3113 1046 3152; x_wconf 89' lang='lat' dir='ltr'>videtur</span> <span class='ocrx_word' id='word_1_523' title='bbox 1073 3114 1180 3164; x_wconf 92' lang='lat' dir='ltr'>quod</span> <span class='ocrx_word' id='word_1_524' title='bbox 1202 3126 1337 3153; x_wconf 91' lang='lat' dir='ltr'>eorum</span> 
     </span>
     <span class='ocr_line' id='line_1_85' title="bbox 264 3166 823 3217; baseline 0 -13"><span class='ocrx_word' id='word_1_525' title='bbox 264 3167 394 3215; x_wconf 91' lang='lat' dir='ltr'>religio</span> <span class='ocrx_word' id='word_1_526' title='bbox 423 3180 503 3205; x_wconf 92' lang='lat' dir='ltr'>non</span> <span class='ocrx_word' id='word_1_527' title='bbox 531 3166 578 3204; x_wconf 91' lang='lat' dir='ltr'>sit</span> <span class='ocrx_word' id='word_1_528' title='bbox 605 3166 823 3217; x_wconf 87' lang='lat' dir='ltr'>perfectior.</span> 
     </span>
    </p>

    <p class='ocr_par' dir='ltr' id='par_1_25' title="bbox 264 3220 1339 3432">
     <span class='ocr_line' id='line_1_86' title="bbox 322 3220 1339 3270; baseline 0.002 -12"><span class='ocrx_word' id='word_1_529' title='bbox 322 3222 354 3258; x_wconf 89' lang='grc'>5.</span> <span class='ocrx_word' id='word_1_530' title='bbox 378 3222 614 3268; x_wconf 74' lang='lat' dir='ltr'>PRAETEREA,</span> <span class='ocrx_word' id='word_1_531' title='bbox 644 3220 682 3259; x_wconf 91' lang='lat' dir='ltr'>id</span> <span class='ocrx_word' id='word_1_532' title='bbox 711 3221 816 3270; x_wconf 91' lang='lat' dir='ltr'>quod</span> <span class='ocrx_word' id='word_1_533' title='bbox 837 3228 893 3258; x_wconf 91' lang='lat' dir='ltr'>est</span> <span class='ocrx_word' id='word_1_534' title='bbox 913 3228 1046 3259; x_wconf 88' lang='lat' dir='ltr'>contra</span> <span class='ocrx_word' id='word_1_535' title='bbox 1074 3229 1250 3259; x_wconf 89' lang='lat' dir='ltr'>naturam</span> <span class='ocrx_word' id='word_1_536' title='bbox 1269 3223 1339 3260; x_wconf 91' lang='lat' dir='ltr'>ho-</span> 
     </span>
     <span class='ocr_line' id='line_1_87' title="bbox 264 3274 1337 3325; baseline 0.003 -15"><span class='ocrx_word' id='word_1_537' title='bbox 264 3274 389 3322; x_wconf 87' lang='lat' dir='ltr'>minis,</span> <span class='ocrx_word' id='word_1_538' title='bbox 410 3286 489 3312; x_wconf 90' lang='lat' dir='ltr'>non</span> <span class='ocrx_word' id='word_1_539' title='bbox 503 3279 519 3303; x_wconf 73' lang='grc' dir='ltr'><strong>Υ</strong></span> <span class='ocrx_word' id='word_1_540' title='bbox 542 3274 694 3312; x_wconf 90' lang='lat' dir='ltr'>videtur</span> <span class='ocrx_word' id='word_1_541' title='bbox 712 3275 761 3312; x_wconf 88' lang='lat' dir='ltr'>ad</span> <span class='ocrx_word' id='word_1_542' title='bbox 781 3274 1056 3324; x_wconf 89' lang='lat' dir='ltr'>perfectionem</span> <span class='ocrx_word' id='word_1_543' title='bbox 1075 3275 1224 3313; x_wconf 90' lang='lat' dir='ltr'>virtutis</span> <span class='ocrx_word' id='word_1_544' title='bbox 1252 3288 1337 3325; x_wconf 91' lang='lat' dir='ltr'>per-</span> 
     </span>
     <span class='ocr_line' id='line_1_88' title="bbox 265 3327 1337 3367; baseline 0.004 -4"><span class='ocrx_word' id='word_1_545' title='bbox 265 3327 396 3364; x_wconf 84' lang='lat' dir='ltr'>tinere.</span> <span class='ocrx_word' id='word_1_546' title='bbox 428 3327 505 3366; x_wconf 87' lang='lat' dir='ltr'>Sed</span> <span class='ocrx_word' id='word_1_547' title='bbox 533 3329 647 3365; x_wconf 86' lang='lat' dir='ltr'>homo</span> <span class='ocrx_word' id='word_1_548' title='bbox 677 3328 903 3366; x_wconf 85' lang='lat' dir='ltr'>naturaliter·</span> <span class='ocrx_word' id='word_1_549' title='bbox 929 3334 984 3366; x_wconf 88' lang='lat' dir='ltr'>est</span> <span class='ocrx_word' id='word_1_550' title='bbox 1008 3328 1155 3366; x_wconf 88' lang='lat' dir='ltr'>animal</span> <span class='ocrx_word' id='word_1_551' title='bbox 1179 3330 1337 3367; x_wconf 86' lang='lat' dir='ltr'>sociale:</span> 
     </span>
     <span class='ocr_line' id='line_1_89' title="bbox 265 3381 1338 3432; baseline 0.004 -15"><span class='ocrx_word' id='word_1_552' title='bbox 265 3387 307 3417; x_wconf 92' lang='lat' dir='ltr'>ut</span> <span class='ocrx_word' id='word_1_553' title='bbox 335 3381 591 3430; x_wconf 91' lang='lat' dir='ltr'>Philosophus</span> <span class='ocrx_word' id='word_1_554' title='bbox 621 3381 726 3429; x_wconf 90' lang='lat' dir='ltr'>dicit,</span> <span class='ocrx_word' id='word_1_555' title='bbox 757 3382 795 3420; x_wconf 88' lang='lat' dir='ltr'>in</span> <span class='ocrx_word' id='word_1_556' title='bbox 824 3383 838 3419; x_wconf 95' lang='grc' dir='ltr'>Ι</span> <span class='ocrx_word' id='word_1_557' title='bbox 862 3382 970 3420; x_wconf 88' lang='lat' dir='ltr'>Polit.</span> <span class='ocrx_word' id='word_1_558' title='bbox 996 3381 1018 3404; x_wconf 79' lang='lat'>&#39;⁸&#39;</span> <span class='ocrx_word' id='word_1_559' title='bbox 1049 3382 1152 3432; x_wconf 88' lang='lat' dir='ltr'>Ergo</span> <span class='ocrx_word' id='word_1_560' title='bbox 1187 3382 1338 3421; x_wconf 89' lang='lat' dir='ltr'>videtur</span> 
     </span>
    </p>
   </div>
   <div class='ocr_carea' id='block_1_22' title="bbox 266 3507 1338 3615">
    <p class='ocr_par' dir='ltr' id='par_1_26' title="bbox 266 3507 1338 3615">
     <span class='ocr_line' id='line_1_90' title="bbox 320 3507 739 3543; baseline 0.005 -8"><span class='ocrx_word' id='word_1_561' title='bbox 320 3507 348 3543; x_wconf 78' lang='grc' dir='ltr'>α)</span> <span class='ocrx_word' id='word_1_562' title='bbox 367 3517 431 3535; x_wconf 82' lang='lat' dir='ltr'>esse.</span> <span class='ocrx_word' id='word_1_563' title='bbox 443 3522 463 3529; x_wconf 96' lang='lat'><em>—</em></span> <span class='ocrx_word' id='word_1_564' title='bbox 480 3510 560 3535; x_wconf 83' lang='lat' dir='ltr'>simu!</span> <span class='ocrx_word' id='word_1_565' title='bbox 578 3511 676 3536; x_wconf 80' lang='lat' dir='ltr'>addunt</span> <span class='ocrx_word' id='word_1_566' title='bbox 694 3511 739 3537; x_wconf 78' lang='lat' dir='ltr'>Pa.</span> 
     </span>
     <span class='ocr_line' id='line_1_91' title="bbox 320 3544 1338 3581; baseline 0.004 -11"><span class='ocrx_word' id='word_1_567' title='bbox 320 3544 346 3578; x_wconf 88' lang='grc' dir='ltr'>β)</span> <span class='ocrx_word' id='word_1_568' title='bbox 365 3546 532 3571; x_wconf 75' lang='lat' dir='ltr'>observatur.</span> <span class='ocrx_word' id='word_1_569' title='bbox 544 3559 563 3565; x_wconf 90' lang='lat'>-</span> <span class='ocrx_word' id='word_1_570' title='bbox 580 3546 758 3572; x_wconf 71' lang='lat' dir='ltr'>observantur</span> <span class='ocrx_word' id='word_1_571' title='bbox 781 3547 934 3573; x_wconf 69' lang='lat' dir='ltr'>PADEffla.</span> <span class='ocrx_word' id='word_1_572' title='bbox 946 3560 967 3567; x_wconf 89' lang='lat'>-</span> <span class='ocrx_word' id='word_1_573' title='bbox 983 3548 1119 3573; x_wconf 70' lang='lat' dir='ltr'>commum·</span> <span class='ocrx_word' id='word_1_574' title='bbox 1140 3555 1193 3574; x_wconf 85' lang='lat' dir='ltr'>om.</span> <span class='ocrx_word' id='word_1_575' title='bbox 1218 3549 1271 3579; x_wconf 80' lang='lat' dir='ltr'>Pa,·</span> <span class='ocrx_word' id='word_1_576' title='bbox 1289 3554 1338 3581; x_wconf 83' lang='lat' dir='ltr'>pro</span> 
     </span>
     <span class='ocr_line' id='line_1_92' title="bbox 266 3581 754 3615; baseline 0.002 -8"><span class='ocrx_word' id='word_1_577' title='bbox 266 3581 418 3612; x_wconf 73' lang='lat' dir='ltr'>solitudine,</span> <span class='ocrx_word' id='word_1_578' title='bbox 437 3581 617 3609; x_wconf 75' lang='lat' dir='ltr'>sollicitudine</span> <span class='ocrx_word' id='word_1_579' title='bbox 635 3582 754 3615; x_wconf 81' lang='lat' dir='ltr'>BFKpH.</span> 
     </span>
    </p>
   </div>
   <div class='ocr_carea' id='block_1_23' title="bbox 477 1397 1367 1446">
    <p class='ocr_par' dir='ltr' id='par_1_27' title="bbox 477 1397 1367 1446">
     <span class='ocr_line' id='line_1_93' title="bbox 477 1397 1367 1446; baseline 0 -11"><span class='ocrx_word' id='word_1_580' title='bbox 477 1410 499 1435; x_wconf 84' lang='lat' dir='ltr'>n</span> <span class='ocrx_word' id='word_1_581' title='bbox 520 1410 695 1436; x_wconf 76' lang='grc' dir='ltr'>οοτΑνυΜ</span> <span class='ocrx_word' id='word_1_582' title='bbox 714 1410 769 1436; x_wconf 75' lang='lat' dir='ltr'>sm</span> <span class='ocrx_word' id='word_1_583' title='bbox 789 1410 1033 1436; x_wconf 73' lang='lat' dir='ltr'>paocemrua.</span> <span class='ocrx_word' id='word_1_584' title='bbox 1054 1398 1217 1436; x_wconf 87' lang='lat' dir='ltr'>Videtur</span> <span class='ocrx_word' id='word_1_585' title='bbox 1230 1397 1338 1446; x_wconf 91' lang='lat' dir='ltr'>quod</span> <span class='ocrx_word' id='word_1_586' title='bbox 1364 1406 1367 1418; x_wconf 78' lang='lat'>¹</span> 
     </span>
    </p>
   </div>
   <div class='ocr_carea' id='block_1_24' title="bbox 1365 1429 1368 3242">
    <p class='ocr_par' dir='ltr' id='par_1_28' title="bbox 1365 1429 1368 3242">
     <span class='ocr_line' id='line_1_94' title="bbox 1365 1429 1368 3242; baseline 0 0"><span class='ocrx_word' id='word_1_587' title='bbox 1365 1429 1368 3242; x_wconf 95' lang='lat' dir='ltr'> </span> 
     </span>
    </p>
   </div>
   <div class='ocr_carea' id='block_1_25' title="bbox 1393 1397 2470 1554">
    <p class='ocr_par' dir='ltr' id='par_1_29' title="bbox 1393 1397 2470 1554">
     <span class='ocr_line' id='line_1_95' title="bbox 1393 1397 2469 1447; baseline 0.001 -12"><span class='ocrx_word' id='word_1_588' title='bbox 1393 1397 1500 1447; x_wconf 91' lang='lat' dir='ltr'>quod</span> <span class='ocrx_word' id='word_1_589' title='bbox 1537 1409 1650 1446; x_wconf 90' lang='lat' dir='ltr'>agere</span> <span class='ocrx_word' id='word_1_590' title='bbox 1678 1397 1887 1434; x_wconf 89' lang='lat' dir='ltr'>solitariam</span> <span class='ocrx_word' id='word_1_591' title='bbox 1915 1397 2036 1434; x_wconf 89' lang='lat' dir='ltr'>vitam</span> <span class='ocrx_word' id='word_1_592' title='bbox 2075 1409 2155 1435; x_wconf 92' lang='lat' dir='ltr'>non</span> <span class='ocrx_word' id='word_1_593' title='bbox 2182 1397 2230 1435; x_wconf 92' lang='lat' dir='ltr'>sit</span> <span class='ocrx_word' id='word_1_594' title='bbox 2262 1397 2469 1447; x_wconf 81' lang='lat' dir='ltr'>perfectius</span> 
     </span>
     <span class='ocr_line' id='line_1_96' title="bbox 1393 1450 2027 1501; baseline 0 -13"><span class='ocrx_word' id='word_1_595' title='bbox 1393 1463 1512 1501; x_wconf 88' lang='lat' dir='ltr'>quam</span> <span class='ocrx_word' id='word_1_596' title='bbox 1542 1463 1655 1499; x_wconf 89' lang='lat' dir='ltr'>agere</span> <span class='ocrx_word' id='word_1_597' title='bbox 1683 1451 1802 1488; x_wconf 88' lang='lat' dir='ltr'>vitam</span> <span class='ocrx_word' id='word_1_598' title='bbox 1833 1450 2027 1488; x_wconf 77' lang='lat' dir='ltr'>socialem,</span> 
     </span>
     <span class='ocr_line' id='line_1_97' title="bbox 1448 1503 2470 1554; baseline 0 -11"><span class='ocrx_word' id='word_1_599' title='bbox 1448 1506 1522 1543; x_wconf 78' lang='lat' dir='ltr'>SED</span> <span class='ocrx_word' id='word_1_600' title='bbox 1552 1516 1700 1543; x_wconf 84' lang='lat' dir='ltr'>CONTRA</span> <span class='ocrx_word' id='word_1_601' title='bbox 1728 1516 1795 1542; x_wconf 82' lang='lat' dir='ltr'>EST</span> <span class='ocrx_word' id='word_1_602' title='bbox 1822 1505 1929 1554; x_wconf 91' lang='lat' dir='ltr'>quod</span> <span class='ocrx_word' id='word_1_603' title='bbox 1957 1504 2207 1553; x_wconf 85' lang='lat' dir='ltr'>Augustinus,</span> <span class='ocrx_word' id='word_1_604' title='bbox 2227 1504 2266 1542; x_wconf 93' lang='lat' dir='ltr'>in</span> <span class='ocrx_word' id='word_1_605' title='bbox 2294 1503 2394 1543; x_wconf 92' lang='lat' dir='ltr'>libro</span> <span class='ocrx_word' id='word_1_606' title='bbox 2422 1505 2470 1543; x_wconf 88' lang='lat' dir='ltr'>de</span> 
     </span>
    </p>
   </div>
   <div class='ocr_carea' id='block_1_26' title="bbox 1366 1558 2506 1609">
    <p class='ocr_par' dir='ltr' id='par_1_30' title="bbox 1366 1558 2506 1609">
     <span class='ocr_line' id='line_1_98' title="bbox 1366 1558 2506 1609; baseline -0.001 -11"><span class='ocrx_word' id='word_1_607' title='bbox 1366 1568 1368 1584; x_wconf 72' lang='lat'>²</span> <span class='ocrx_word' id='word_1_608' title='bbox 1397 1559 1582 1609; x_wconf 84' lang='lat' dir='ltr'>Operibus</span> <span class='ocrx_word' id='word_1_609' title='bbox 1609 1559 1794 1596; x_wconf 80' lang='lat' dir='ltr'>Monach.</span> <span class='ocrx_word' id='word_1_610' title='bbox 1818 1558 1859 1606; x_wconf 75' lang='lat'>²¹⁶,</span> <span class='ocrx_word' id='word_1_611' title='bbox 1897 1558 1983 1596; x_wconf 91' lang='lat' dir='ltr'>illos</span> <span class='ocrx_word' id='word_1_612' title='bbox 2018 1559 2225 1597; x_wconf 85' lang='lat' dir='ltr'>sanctiores</span> <span class='ocrx_word' id='word_1_613' title='bbox 2259 1571 2344 1596; x_wconf 92' lang='lat' dir='ltr'>esse</span> <span class='ocrx_word' id='word_1_614' title='bbox 2378 1559 2469 1598; x_wconf 88' lang='lat' dir='ltr'>dicit</span> <span class='ocrx_word' id='word_1_615' title='bbox 2495 1565 2506 1576; x_wconf 82' lang='lat'>’</span> 
     </span>
    </p>
   </div>
   <div class='ocr_carea' id='block_1_27' title="bbox 1392 1612 2470 1663">
    <p class='ocr_par' dir='ltr' id='par_1_31' title="bbox 1392 1612 2470 1663">
     <span class='ocr_line' id='line_1_99' title="bbox 1392 1612 2470 1663; baseline 0.002 -13"><span class='ocrx_word' id='word_1_616' title='bbox 1392 1613 1472 1663; x_wconf 91' lang='lat' dir='ltr'>qui,</span> <span class='ocrx_word' id='word_1_617' title='bbox 1501 1625 1525 1650; x_wconf 90' lang='lat' dir='ltr'>a</span> <span class='ocrx_word' id='word_1_618' title='bbox 1554 1618 1753 1661; x_wconf 82' lang='lat' dir='ltr'>conspectu</span> <span class='ocrx_word' id='word_1_619' title='bbox 1785 1612 1983 1650; x_wconf 80' lang='lat' dir='ltr'>hominum</span> <span class='ocrx_word' id='word_1_620' title='bbox 2017 1614 2201 1661; x_wconf 87' lang='lat' dir='ltr'>separati,</span> <span class='ocrx_word' id='word_1_621' title='bbox 2230 1613 2327 1651; x_wconf 88' lang='lat' dir='ltr'>nulli</span> <span class='ocrx_word' id='word_1_622' title='bbox 2352 1614 2405 1651; x_wconf 89' lang='lat' dir='ltr'>ad</span> <span class='ocrx_word' id='word_1_623' title='bbox 2428 1625 2470 1652; x_wconf 85' lang='lat' dir='ltr'>se</span> 
     </span>
    </p>
   </div>
   <div class='ocr_carea' id='block_1_28' title="bbox 1386 1667 2470 1718">
    <p class='ocr_par' dir='ltr' id='par_1_32' title="bbox 1386 1667 2470 1718">
     <span class='ocr_line' id='line_1_100' title="bbox 1386 1667 2470 1718; baseline 0.001 -15"><span class='ocrx_word' id='word_1_624' title='bbox 1386 1667 1574 1715; x_wconf 85' lang='lat' dir='ltr'>praebent</span> <span class='ocrx_word' id='word_1_625' title='bbox 1600 1678 1805 1712; x_wconf 88' lang='lat' dir='ltr'>accessum,</span> <span class='ocrx_word' id='word_1_626' title='bbox 1833 1667 1997 1704; x_wconf 78' lang='lat' dir='ltr'>viventes</span> <span class='ocrx_word' id='word_1_627' title='bbox 2026 1667 2064 1703; x_wconf 88' lang='lat' dir='ltr'>in</span> <span class='ocrx_word' id='word_1_628' title='bbox 2092 1678 2238 1718; x_wconf 89' lang='lat' dir='ltr'>magna</span> <span class='ocrx_word' id='word_1_629' title='bbox 2266 1667 2470 1704; x_wconf 78' lang='lat' dir='ltr'>intentione</span> 
     </span>
    </p>
   </div>
   <div class='ocr_carea' id='block_1_29' title="bbox 1392 1720 2470 1877">
    <p class='ocr_par' dir='ltr' id='par_1_33' title="bbox 1392 1720 2470 1877">
     <span class='ocr_line' id='line_1_101' title="bbox 1393 1720 1623 1757; baseline -0.004 0"><span class='ocrx_word' id='word_1_630' title='bbox 1393 1720 1623 1757; x_wconf 87' lang='lat' dir='ltr'>orationum.</span> 
     </span>
     <span class='ocr_line' id='line_1_102' title="bbox 1447 1772 2470 1822; baseline 0.002 -12"><span class='ocrx_word' id='word_1_631' title='bbox 1447 1774 1676 1810; x_wconf 65' lang='lat' dir='ltr'>Rnspommo</span> <span class='ocrx_word' id='word_1_632' title='bbox 1714 1784 1900 1810; x_wconf 61' lang='lat' dir='ltr'>mesanum</span> <span class='ocrx_word' id='word_1_633' title='bbox 1939 1772 2046 1821; x_wconf 92' lang='lat' dir='ltr'>quod</span> <span class='ocrx_word' id='word_1_634' title='bbox 2084 1773 2272 1822; x_wconf 89' lang='lat' dir='ltr'>solitudo,</span> <span class='ocrx_word' id='word_1_635' title='bbox 2307 1773 2404 1811; x_wconf 91' lang='lat' dir='ltr'>sicut</span> <span class='ocrx_word' id='word_1_636' title='bbox 2432 1781 2470 1822; x_wconf 84' lang='lat' dir='ltr'>et</span> 
     </span>
     <span class='ocr_line' id='line_1_103' title="bbox 1392 1825 2469 1877; baseline 0.002 -13"><span class='ocrx_word' id='word_1_637' title='bbox 1392 1834 1610 1876; x_wconf 88' lang='lat' dir='ltr'>paupertas,</span> <span class='ocrx_word' id='word_1_638' title='bbox 1640 1838 1721 1864; x_wconf 92' lang='lat' dir='ltr'>non</span> <span class='ocrx_word' id='word_1_639' title='bbox 1749 1833 1806 1864; x_wconf 92' lang='lat' dir='ltr'>est</span> <span class='ocrx_word' id='word_1_640' title='bbox 1833 1825 1917 1875; x_wconf 88' lang='lat' dir='ltr'>ipsa</span> <span class='ocrx_word' id='word_1_641' title='bbox 1937 1825 2100 1864; x_wconf 86' lang='lat' dir='ltr'>essentia</span> <span class='ocrx_word' id='word_1_642' title='bbox 2122 1827 2379 1877; x_wconf 88' lang='lat' dir='ltr'>perfectionis,</span> <span class='ocrx_word' id='word_1_643' title='bbox 2399 1826 2469 1867; x_wconf 85' lang='lat' dir='ltr'>sed</span> 
     </span>
    </p>
   </div>
   <div class='ocr_carea' id='block_1_30' title="bbox 1364 1880 2470 1930">
    <p class='ocr_par' dir='ltr' id='par_1_34' title="bbox 1364 1880 2470 1930">
     <span class='ocr_line' id='line_1_104' title="bbox 1364 1880 2470 1930; baseline 0.003 -13"><span class='ocrx_word' id='word_1_644' title='bbox 1364 1900 1366 1911; x_wconf 77' lang='lat'><strong><em>‹</em></strong></span> <span class='ocrx_word' id='word_1_645' title='bbox 1391 1881 1636 1930; x_wconf 85' lang='lat' dir='ltr'>perfectionis</span> <span class='ocrx_word' id='word_1_646' title='bbox 1664 1880 1981 1917; x_wconf 88' lang='lat' dir='ltr'>instrumentum:</span> <span class='ocrx_word' id='word_1_647' title='bbox 2011 1880 2115 1918; x_wconf 91' lang='lat' dir='ltr'>unde</span> <span class='ocrx_word' id='word_1_648' title='bbox 2133 1881 2174 1919; x_wconf 91' lang='lat' dir='ltr'>in</span> <span class='ocrx_word' id='word_1_649' title='bbox 2197 1881 2470 1920; x_wconf 71' lang='lat' dir='ltr'>Collationibus</span> 
     </span>
    </p>
   </div>
   <div class='ocr_carea' id='block_1_31' title="bbox 1389 1933 2501 3423">
    <p class='ocr_par' dir='ltr' id='par_1_35' title="bbox 1390 1933 2470 2617">
     <span class='ocr_line' id='line_1_105' title="bbox 1391 1933 2470 1984; baseline 0.001 -12"><span class='ocrx_word' id='word_1_650' title='bbox 1391 1936 1550 1972; x_wconf 77' lang='lat' dir='ltr'>Parrum</span> <span class='ocrx_word' id='word_1_651' title='bbox 1568 1935 1600 1982; x_wconf 76' lang='lat'>¹⁸,</span> <span class='ocrx_word' id='word_1_652' title='bbox 1622 1933 1710 1972; x_wconf 91' lang='lat' dir='ltr'>dicit</span> <span class='ocrx_word' id='word_1_653' title='bbox 1738 1934 1871 1971; x_wconf 88' lang='lat' dir='ltr'>Abbas</span> <span class='ocrx_word' id='word_1_654' title='bbox 1891 1934 2052 1982; x_wconf 89' lang='lat' dir='ltr'>Moyses</span> <span class='ocrx_word' id='word_1_655' title='bbox 2079 1935 2187 1983; x_wconf 89' lang='lat' dir='ltr'>quod</span> <span class='ocrx_word' id='word_1_656' title='bbox 2209 1946 2285 1984; x_wconf 84' lang='lat' dir='ltr'>pro</span> <span class='ocrx_word' id='word_1_657' title='bbox 2301 1935 2470 1984; x_wconf 63' lang='lat' dir='ltr'>pur-itare</span> 
     </span>
     <span class='ocr_line' id='line_1_106' title="bbox 1392 1987 2470 2035; baseline 0.001 -9"><span class='ocrx_word' id='word_1_658' title='bbox 1392 1989 1518 2026; x_wconf 86' lang='lat' dir='ltr'>cordis</span> <span class='ocrx_word' id='word_1_659' title='bbox 1554 1987 1715 2025; x_wconf 87' lang='lat' dir='ltr'>solitudo</span> <span class='ocrx_word' id='word_1_660' title='bbox 1749 1988 1926 2026; x_wconf 87' lang='lat' dir='ltr'>sectanda</span> <span class='ocrx_word' id='word_1_661' title='bbox 1962 1993 2036 2035; x_wconf 88' lang='lat' dir='ltr'>est,</span> <span class='ocrx_word' id='word_1_662' title='bbox 2075 1988 2171 2026; x_wconf 89' lang='lat' dir='ltr'>sicut</span> <span class='ocrx_word' id='word_1_663' title='bbox 2199 1997 2236 2026; x_wconf 88' lang='lat' dir='ltr'>et</span> <span class='ocrx_word' id='word_1_664' title='bbox 2263 1989 2404 2028; x_wconf 88' lang='lat' dir='ltr'>ieiunia</span> <span class='ocrx_word' id='word_1_665' title='bbox 2432 1997 2470 2027; x_wconf 91' lang='lat' dir='ltr'>et</span> 
     </span>
     <span class='ocr_line' id='line_1_107' title="bbox 1392 2041 2469 2093; baseline 0.003 -13"><span class='ocrx_word' id='word_1_666' title='bbox 1392 2042 1465 2080; x_wconf 89' lang='lat' dir='ltr'>alia</span> <span class='ocrx_word' id='word_1_667' title='bbox 1493 2041 1728 2080; x_wconf 86' lang='lat' dir='ltr'>huiusmodi.</span> <span class='ocrx_word' id='word_1_668' title='bbox 1761 2041 2007 2080; x_wconf 88' lang='lat' dir='ltr'>Manifestum</span> <span class='ocrx_word' id='word_1_669' title='bbox 2034 2050 2090 2080; x_wconf 91' lang='lat' dir='ltr'>est</span> <span class='ocrx_word' id='word_1_670' title='bbox 2113 2050 2243 2081; x_wconf 90' lang='lat' dir='ltr'>autem</span> <span class='ocrx_word' id='word_1_671' title='bbox 2272 2044 2380 2093; x_wconf 90' lang='lat' dir='ltr'>quod</span> <span class='ocrx_word' id='word_1_672' title='bbox 2407 2055 2469 2083; x_wconf 91' lang='lat' dir='ltr'>so-</span> 
     </span>
     <span class='ocr_line' id='line_1_108' title="bbox 1392 2094 2467 2146; baseline 0.002 -12"><span class='ocrx_word' id='word_1_673' title='bbox 1392 2095 1512 2134; x_wconf 90' lang='lat' dir='ltr'>litudo</span> <span class='ocrx_word' id='word_1_674' title='bbox 1543 2109 1623 2134; x_wconf 90' lang='lat' dir='ltr'>non</span> <span class='ocrx_word' id='word_1_675' title='bbox 1651 2103 1708 2133; x_wconf 89' lang='lat' dir='ltr'>est</span> <span class='ocrx_word' id='word_1_676' title='bbox 1735 2095 2032 2134; x_wconf 89' lang='lat' dir='ltr'>instrumentum</span> <span class='ocrx_word' id='word_1_677' title='bbox 2062 2108 2276 2145; x_wconf 84' lang='lat' dir='ltr'>congruum</span> <span class='ocrx_word' id='word_1_678' title='bbox 2305 2094 2467 2146; x_wconf 75' lang='lat' dir='ltr'>actioni,</span> 
     </span>
     <span class='ocr_line' id='line_1_109' title="bbox 1392 2149 2469 2199; baseline 0.002 -11"><span class='ocrx_word' id='word_1_679' title='bbox 1392 2150 1461 2188; x_wconf 91' lang='lat' dir='ltr'>sed</span> <span class='ocrx_word' id='word_1_680' title='bbox 1497 2149 1832 2199; x_wconf 87' lang='lat' dir='ltr'>contemplationi:</span> <span class='ocrx_word' id='word_1_681' title='bbox 1867 2150 2082 2188; x_wconf 90' lang='lat' dir='ltr'>secundum</span> <span class='ocrx_word' id='word_1_682' title='bbox 2119 2150 2211 2189; x_wconf 89' lang='lat' dir='ltr'>illud</span> <span class='ocrx_word' id='word_1_683' title='bbox 2245 2151 2350 2189; x_wconf 91' lang='lat' dir='ltr'>Osee</span> <span class='ocrx_word' id='word_1_684' title='bbox 2383 2163 2408 2190; x_wconf 85' lang='lat'>11</span> <span class='ocrx_word' id='word_1_685' title='bbox 2426 2150 2469 2190; x_wconf 70' lang='grc' dir='ltr'>*ε</span> 
     </span>
     <span class='ocr_line' id='line_1_110' title="bbox 1391 2203 2467 2253; baseline 0.003 -11"><span class='ocrx_word' id='word_1_686' title='bbox 1391 2206 1544 2242; x_wconf 86' lang='lat' dir='ltr'>Ducam</span> <span class='ocrx_word' id='word_1_687' title='bbox 1573 2216 1658 2242; x_wconf 87' lang='lat' dir='ltr'>eam</span> <span class='ocrx_word' id='word_1_688' title='bbox 1679 2204 1716 2240; x_wconf 89' lang='lat' dir='ltr'>in</span> <span class='ocrx_word' id='word_1_689' title='bbox 1735 2204 1986 2250; x_wconf 88' lang='lat' dir='ltr'>solitudinem,</span> <span class='ocrx_word' id='word_1_690' title='bbox 2006 2209 2043 2241; x_wconf 91' lang='lat' dir='ltr'>et</span> <span class='ocrx_word' id='word_1_691' title='bbox 2065 2203 2203 2253; x_wconf 83' lang='lat' dir='ltr'>loquar</span> <span class='ocrx_word' id='word_1_692' title='bbox 2220 2205 2274 2243; x_wconf 89' lang='lat' dir='ltr'>ad</span> <span class='ocrx_word' id='word_1_693' title='bbox 2289 2217 2359 2243; x_wconf 88' lang='lat' dir='ltr'>cor</span> <span class='ocrx_word' id='word_1_694' title='bbox 2374 2205 2467 2246; x_wconf 83' lang='lat' dir='ltr'>eius.</span> 
     </span>
     <span class='ocr_line' id='line_1_111' title="bbox 1391 2257 2468 2307; baseline 0 -11"><span class='ocrx_word' id='word_1_695' title='bbox 1391 2258 1504 2296; x_wconf 90' lang='lat' dir='ltr'>Unde</span> <span class='ocrx_word' id='word_1_696' title='bbox 1533 2270 1613 2295; x_wconf 91' lang='lat' dir='ltr'>non</span> <span class='ocrx_word' id='word_1_697' title='bbox 1643 2257 1817 2306; x_wconf 89' lang='lat' dir='ltr'>congruit</span> <span class='ocrx_word' id='word_1_698' title='bbox 1844 2257 2090 2307; x_wconf 83' lang='lat' dir='ltr'>religionibus</span> <span class='ocrx_word' id='word_1_699' title='bbox 2118 2269 2221 2307; x_wconf 92' lang='lat' dir='ltr'>quae</span> <span class='ocrx_word' id='word_1_700' title='bbox 2250 2266 2338 2297; x_wconf 90' lang='lat' dir='ltr'>sunt</span> <span class='ocrx_word' id='word_1_701' title='bbox 2366 2259 2468 2298; x_wconf 91' lang='lat' dir='ltr'>ordi-</span> 
     </span>
     <span class='ocr_line' id='line_1_112' title="bbox 1392 2311 2469 2362; baseline 0.001 -12"><span class='ocrx_word' id='word_1_702' title='bbox 1392 2318 1504 2350; x_wconf 86' lang='lat' dir='ltr'>natae</span> <span class='ocrx_word' id='word_1_703' title='bbox 1533 2311 1582 2349; x_wconf 89' lang='lat' dir='ltr'>ad</span> <span class='ocrx_word' id='word_1_704' title='bbox 1611 2323 1729 2360; x_wconf 90' lang='lat' dir='ltr'>opera</span> <span class='ocrx_word' id='word_1_705' title='bbox 1748 2311 1848 2349; x_wconf 88' lang='lat' dir='ltr'>vitae</span> <span class='ocrx_word' id='word_1_706' title='bbox 1868 2311 2028 2359; x_wconf 85' lang='lat' dir='ltr'>activae,</span> <span class='ocrx_word' id='word_1_707' title='bbox 2049 2311 2132 2350; x_wconf 89' lang='lat' dir='ltr'>sive</span> <span class='ocrx_word' id='word_1_708' title='bbox 2151 2312 2367 2362; x_wconf 87' lang='lat' dir='ltr'>corporalia</span> <span class='ocrx_word' id='word_1_709' title='bbox 2386 2312 2469 2352; x_wconf 81' lang='lat' dir='ltr'>sive</span> 
     </span>
     <span class='ocr_line' id='line_1_113' title="bbox 1391 2364 2467 2415; baseline 0.002 -13"><span class='ocrx_word' id='word_1_710' title='bbox 1391 2365 1618 2414; x_wconf 87' lang='lat' dir='ltr'>spiritualia:</span> <span class='ocrx_word' id='word_1_711' title='bbox 1648 2364 1719 2402; x_wconf 88' lang='lat' dir='ltr'>nisi</span> <span class='ocrx_word' id='word_1_712' title='bbox 1739 2365 1836 2402; x_wconf 91' lang='lat' dir='ltr'>forte</span> <span class='ocrx_word' id='word_1_713' title='bbox 1855 2364 1906 2403; x_wconf 88' lang='lat' dir='ltr'>ad</span> <span class='ocrx_word' id='word_1_714' title='bbox 1925 2373 2091 2414; x_wconf 87' lang='lat' dir='ltr'>tempus,</span> <span class='ocrx_word' id='word_1_715' title='bbox 2113 2366 2292 2415; x_wconf 78' lang='lat' dir='ltr'>exemplo</span> <span class='ocrx_word' id='word_1_716' title='bbox 2313 2365 2467 2415; x_wconf 85' lang='lat' dir='ltr'>Christi,</span> 
     </span>
     <span class='ocr_line' id='line_1_114' title="bbox 1391 2418 2468 2468; baseline 0.003 -13"><span class='ocrx_word' id='word_1_717' title='bbox 1391 2418 1469 2468; x_wconf 90' lang='lat' dir='ltr'>qui,</span> <span class='ocrx_word' id='word_1_718' title='bbox 1499 2427 1541 2456; x_wconf 92' lang='lat' dir='ltr'>ut</span> <span class='ocrx_word' id='word_1_719' title='bbox 1569 2418 1706 2456; x_wconf 90' lang='lat' dir='ltr'>dicitur</span> <span class='ocrx_word' id='word_1_720' title='bbox 1734 2419 1828 2456; x_wconf 90' lang='lat' dir='ltr'>Luc.</span> <span class='ocrx_word' id='word_1_721' title='bbox 1848 2431 1884 2456; x_wconf 79' lang='lat' dir='ltr'>vt</span> <span class='ocrx_word' id='word_1_722' title='bbox 1903 2418 1935 2466; x_wconf 70' lang='lat'>⁴⁸,</span> <span class='ocrx_word' id='word_1_723' title='bbox 1965 2419 2059 2456; x_wconf 85' lang='lat' dir='ltr'>exiit</span> <span class='ocrx_word' id='word_1_724' title='bbox 2078 2419 2117 2456; x_wconf 85' lang='lat' dir='ltr'>in</span> <span class='ocrx_word' id='word_1_725' title='bbox 2137 2425 2304 2457; x_wconf 85' lang='lat' dir='ltr'>montem</span> <span class='ocrx_word' id='word_1_726' title='bbox 2319 2418 2332 2442; x_wconf 76' lang='lat'><strong>⁶</strong></span> <span class='ocrx_word' id='word_1_727' title='bbox 2351 2431 2468 2458; x_wconf 87' lang='lat' dir='ltr'>orare</span> 
     </span>
     <span class='ocr_line' id='line_1_115' title="bbox 1390 2472 2468 2523; baseline 0.002 -13"><span class='ocrx_word' id='word_1_728' title='bbox 1390 2478 1427 2510; x_wconf 84' lang='lat' dir='ltr'>et</span> <span class='ocrx_word' id='word_1_729' title='bbox 1452 2477 1538 2510; x_wconf 86' lang='lat' dir='ltr'>erat</span> <span class='ocrx_word' id='word_1_730' title='bbox 1556 2477 1790 2521; x_wconf 85' lang='lat' dir='ltr'>pernoctans</span> <span class='ocrx_word' id='word_1_731' title='bbox 1817 2472 1854 2509; x_wconf 88' lang='lat' dir='ltr'>in</span> <span class='ocrx_word' id='word_1_732' title='bbox 1874 2473 2048 2510; x_wconf 83' lang='lat' dir='ltr'>oratione</span> <span class='ocrx_word' id='word_1_733' title='bbox 2065 2473 2150 2510; x_wconf 86' lang='lat' dir='ltr'>Dei.</span> <span class='ocrx_word' id='word_1_734' title='bbox 2181 2473 2382 2523; x_wconf 89' lang='lat' dir='ltr'>Competit</span> <span class='ocrx_word' id='word_1_735' title='bbox 2399 2485 2468 2512; x_wconf 86' lang='lat' dir='ltr'>au-</span> 
     </span>
     <span class='ocr_line' id='line_1_116' title="bbox 1390 2525 2467 2576; baseline 0.002 -12"><span class='ocrx_word' id='word_1_736' title='bbox 1390 2534 1468 2564; x_wconf 91' lang='lat' dir='ltr'>tern</span> <span class='ocrx_word' id='word_1_737' title='bbox 1495 2525 1741 2574; x_wconf 85' lang='lat' dir='ltr'>religionibus</span> <span class='ocrx_word' id='word_1_738' title='bbox 1774 2538 1874 2575; x_wconf 89' lang='lat' dir='ltr'>quae</span> <span class='ocrx_word' id='word_1_739' title='bbox 1903 2534 1991 2564; x_wconf 87' lang='lat' dir='ltr'>sunt</span> <span class='ocrx_word' id='word_1_740' title='bbox 2019 2526 2067 2564; x_wconf 91' lang='lat' dir='ltr'>ad</span> <span class='ocrx_word' id='word_1_741' title='bbox 2098 2527 2467 2576; x_wconf 89' lang='lat' dir='ltr'>contemplationem</span> 
     </span>
     <span class='ocr_line' id='line_1_117' title="bbox 1391 2579 1856 2617; baseline -0.011 0"><span class='ocrx_word' id='word_1_742' title='bbox 1391 2579 1600 2617; x_wconf 89' lang='lat' dir='ltr'>ordinatae.</span> <span class='ocrx_word' id='word_1_743' title='bbox 1851 2606 1856 2612; x_wconf 92' lang='lat'><strong><em>.</em></strong></span> 
     </span>
    </p>

    <p class='ocr_par' dir='ltr' id='par_1_36' title="bbox 1389 2632 2501 3423">
     <span class='ocr_line' id='line_1_118' title="bbox 1445 2632 2470 2683; baseline 0.004 -13"><span class='ocrx_word' id='word_1_744' title='bbox 1445 2632 1784 2671; x_wconf 90' lang='lat' dir='ltr'>Considerandum</span> <span class='ocrx_word' id='word_1_745' title='bbox 1813 2641 1944 2671; x_wconf 89' lang='lat' dir='ltr'>tamen</span> <span class='ocrx_word' id='word_1_746' title='bbox 1972 2641 2029 2670; x_wconf 91' lang='lat' dir='ltr'>est</span> <span class='ocrx_word' id='word_1_747' title='bbox 2063 2633 2170 2683; x_wconf 93' lang='lat' dir='ltr'>quod</span> <span class='ocrx_word' id='word_1_748' title='bbox 2198 2633 2238 2672; x_wconf 91' lang='lat' dir='ltr'>id</span> <span class='ocrx_word' id='word_1_749' title='bbox 2273 2634 2379 2683; x_wconf 91' lang='lat' dir='ltr'>quod</span> <span class='ocrx_word' id='word_1_750' title='bbox 2413 2642 2470 2674; x_wconf 89' lang='lat' dir='ltr'>est</span> 
     </span>
     <span class='ocr_line' id='line_1_119' title="bbox 1391 2686 2470 2736; baseline 0.002 -12"><span class='ocrx_word' id='word_1_751' title='bbox 1391 2686 1614 2734; x_wconf 90' lang='lat' dir='ltr'>solitarium,</span> <span class='ocrx_word' id='word_1_752' title='bbox 1645 2687 1760 2724; x_wconf 92' lang='lat' dir='ltr'>debet</span> <span class='ocrx_word' id='word_1_753' title='bbox 1788 2699 1871 2724; x_wconf 91' lang='lat' dir='ltr'>esse</span> <span class='ocrx_word' id='word_1_754' title='bbox 1895 2686 1966 2724; x_wconf 89' lang='lat' dir='ltr'>sibi</span> <span class='ocrx_word' id='word_1_755' title='bbox 1995 2699 2064 2736; x_wconf 88' lang='lat' dir='ltr'>per</span> <span class='ocrx_word' id='word_1_756' title='bbox 2082 2699 2123 2724; x_wconf 91' lang='lat' dir='ltr'>se</span> <span class='ocrx_word' id='word_1_757' title='bbox 2143 2687 2349 2726; x_wconf 87' lang='lat' dir='ltr'>sufficiens.</span> <span class='ocrx_word' id='word_1_758' title='bbox 2379 2689 2470 2726; x_wconf 85' lang='lat' dir='ltr'>Hoc</span> 
     </span>
     <span class='ocr_line' id='line_1_120' title="bbox 1390 2740 2468 2793; baseline 0.003 -16"><span class='ocrx_word' id='word_1_759' title='bbox 1390 2748 1519 2778; x_wconf 86' lang='lat' dir='ltr'>autem</span> <span class='ocrx_word' id='word_1_760' title='bbox 1548 2748 1605 2778; x_wconf 88' lang='lat' dir='ltr'>est</span> <span class='ocrx_word' id='word_1_761' title='bbox 1632 2741 1696 2777; x_wconf 85' lang='lat' dir='ltr'>cui</span> <span class='ocrx_word' id='word_1_762' title='bbox 1729 2740 1822 2793; x_wconf 74' lang='lat' dir='ltr'>nihil</span> <span class='ocrx_word' id='word_1_763' title='bbox 1856 2741 1976 2778; x_wconf 87' lang='lat' dir='ltr'>deest:</span> <span class='ocrx_word' id='word_1_764' title='bbox 2005 2741 2112 2789; x_wconf 91' lang='lat' dir='ltr'>quod</span> <span class='ocrx_word' id='word_1_765' title='bbox 2140 2741 2304 2791; x_wconf 87' lang='lat' dir='ltr'>pertinet</span> <span class='ocrx_word' id='word_1_766' title='bbox 2331 2741 2380 2780; x_wconf 88' lang='lat' dir='ltr'>ad</span> <span class='ocrx_word' id='word_1_767' title='bbox 2409 2753 2468 2780; x_wconf 86' lang='lat' dir='ltr'>ra-</span> 
     </span>
     <span class='ocr_line' id='line_1_121' title="bbox 1389 2793 2466 2844; baseline 0.002 -13"><span class='ocrx_word' id='word_1_768' title='bbox 1389 2794 1535 2832; x_wconf 89' lang='lat' dir='ltr'>tionem</span> <span class='ocrx_word' id='word_1_769' title='bbox 1564 2793 1722 2844; x_wconf 89' lang='lat' dir='ltr'>perfecti</span> <span class='ocrx_word' id='word_1_770' title='bbox 1741 2793 1772 2831; x_wconf 78' lang='lat'>²¹¹.</span> <span class='ocrx_word' id='word_1_771' title='bbox 1803 2795 1853 2831; x_wconf 91' lang='lat' dir='ltr'>Et</span> <span class='ocrx_word' id='word_1_772' title='bbox 1874 2794 1962 2832; x_wconf 92' lang='lat' dir='ltr'>ideo</span> <span class='ocrx_word' id='word_1_773' title='bbox 1983 2794 2149 2832; x_wconf 89' lang='lat' dir='ltr'>solitudo</span> <span class='ocrx_word' id='word_1_774' title='bbox 2169 2795 2356 2844; x_wconf 89' lang='lat' dir='ltr'>competit</span> <span class='ocrx_word' id='word_1_775' title='bbox 2375 2807 2466 2833; x_wconf 90' lang='lat' dir='ltr'>con-</span> 
     </span>
     <span class='ocr_line' id='line_1_122' title="bbox 1390 2847 2466 2898; baseline 0.002 -13"><span class='ocrx_word' id='word_1_776' title='bbox 1390 2847 1587 2897; x_wconf 88' lang='lat' dir='ltr'>templanti</span> <span class='ocrx_word' id='word_1_777' title='bbox 1616 2847 1681 2897; x_wconf 92' lang='lat' dir='ltr'>qui</span> <span class='ocrx_word' id='word_1_778' title='bbox 1710 2848 1787 2886; x_wconf 89' lang='lat' dir='ltr'>iam</span> <span class='ocrx_word' id='word_1_779' title='bbox 1817 2847 1867 2886; x_wconf 89' lang='lat' dir='ltr'>ad</span> <span class='ocrx_word' id='word_1_780' title='bbox 1894 2848 2109 2897; x_wconf 89' lang='lat' dir='ltr'>perfectum</span> <span class='ocrx_word' id='word_1_781' title='bbox 2128 2848 2316 2898; x_wconf 88' lang='lat' dir='ltr'>pervenit.</span> <span class='ocrx_word' id='word_1_782' title='bbox 2347 2849 2466 2896; x_wconf 88' lang='lat' dir='ltr'>Quod</span> 
     </span>
     <span class='ocr_line' id='line_1_123' title="bbox 1391 2900 2464 2951; baseline 0.002 -13"><span class='ocrx_word' id='word_1_783' title='bbox 1391 2901 1550 2951; x_wconf 90' lang='lat' dir='ltr'>quidem</span> <span class='ocrx_word' id='word_1_784' title='bbox 1580 2901 1761 2950; x_wconf 84' lang='lat' dir='ltr'>contingit</span> <span class='ocrx_word' id='word_1_785' title='bbox 1791 2900 2000 2951; x_wconf 87' lang='lat' dir='ltr'>dupliciter.</span> <span class='ocrx_word' id='word_1_786' title='bbox 2030 2901 2120 2940; x_wconf 90' lang='lat' dir='ltr'>Uno</span> <span class='ocrx_word' id='word_1_787' title='bbox 2149 2902 2281 2950; x_wconf 88' lang='lat' dir='ltr'>modo,</span> <span class='ocrx_word' id='word_1_788' title='bbox 2311 2914 2357 2940; x_wconf 85' lang='lat' dir='ltr'>ex</span> <span class='ocrx_word' id='word_1_789' title='bbox 2381 2903 2464 2940; x_wconf 91' lang='lat' dir='ltr'>solo</span> 
     </span>
     <span class='ocr_line' id='line_1_124' title="bbox 1391 2954 2464 3005; baseline 0.001 -13"><span class='ocrx_word' id='word_1_790' title='bbox 1391 2955 1525 2993; x_wconf 92' lang='lat' dir='ltr'>divino</span> <span class='ocrx_word' id='word_1_791' title='bbox 1555 2967 1735 2992; x_wconf 83' lang='lat' dir='ltr'>munere:</span> <span class='ocrx_word' id='word_1_792' title='bbox 1763 2954 1860 2992; x_wconf 90' lang='lat' dir='ltr'>sicut</span> <span class='ocrx_word' id='word_1_793' title='bbox 1888 2963 1994 3004; x_wconf 87' lang='lat' dir='ltr'>patet</span> <span class='ocrx_word' id='word_1_794' title='bbox 2022 2955 2070 2993; x_wconf 91' lang='lat' dir='ltr'>de</span> <span class='ocrx_word' id='word_1_795' title='bbox 2099 2956 2244 2993; x_wconf 86' lang='lat' dir='ltr'>Ioanne</span> <span class='ocrx_word' id='word_1_796' title='bbox 2272 2955 2464 3005; x_wconf 84' lang='lat' dir='ltr'>Baptista,</span> 
     </span>
     <span class='ocr_line' id='line_1_125' title="bbox 1391 3008 2466 3058; baseline 0.002 -13"><span class='ocrx_word' id='word_1_797' title='bbox 1391 3009 1455 3058; x_wconf 93' lang='lat' dir='ltr'>qui</span> <span class='ocrx_word' id='word_1_798' title='bbox 1492 3009 1561 3046; x_wconf 84' lang='lat' dir='ltr'>fuit</span> <span class='ocrx_word' id='word_1_799' title='bbox 1595 3008 1756 3057; x_wconf 83' lang='lat' dir='ltr'>repletus</span> <span class='ocrx_word' id='word_1_800' title='bbox 1788 3009 1929 3058; x_wconf 84' lang='lat' dir='ltr'>Spiritu</span> <span class='ocrx_word' id='word_1_801' title='bbox 1958 3009 2097 3046; x_wconf 89' lang='lat' dir='ltr'>Sancto</span> <span class='ocrx_word' id='word_1_802' title='bbox 2123 3008 2249 3046; x_wconf 82' lang='lat' dir='ltr'>adhuc</span> <span class='ocrx_word' id='word_1_803' title='bbox 2280 3020 2332 3046; x_wconf 87' lang='lat' dir='ltr'>ex</span> <span class='ocrx_word' id='word_1_804' title='bbox 2359 3015 2466 3048; x_wconf 80' lang='lat' dir='ltr'>utero</span> 
     </span>
     <span class='ocr_line' id='line_1_126' title="bbox 1391 3060 2462 3112; baseline 0.002 -13"><span class='ocrx_word' id='word_1_805' title='bbox 1391 3063 1525 3100; x_wconf 83' lang='lat' dir='ltr'>matris</span> <span class='ocrx_word' id='word_1_806' title='bbox 1561 3074 1677 3107; x_wconf 86' lang='lat' dir='ltr'>suae,·</span> <span class='ocrx_word' id='word_1_807' title='bbox 1715 3062 1818 3100; x_wconf 86' lang='lat' dir='ltr'>unde</span> <span class='ocrx_word' id='word_1_808' title='bbox 1854 3069 1892 3100; x_wconf 88' lang='lat' dir='ltr'>et</span> <span class='ocrx_word' id='word_1_809' title='bbox 1929 3074 2017 3100; x_wconf 88' lang='lat' dir='ltr'>cum</span> <span class='ocrx_word' id='word_1_810' title='bbox 2055 3060 2181 3100; x_wconf 89' lang='lat' dir='ltr'>adhuc</span> <span class='ocrx_word' id='word_1_811' title='bbox 2214 3074 2311 3112; x_wconf 91' lang='lat' dir='ltr'>puer</span> <span class='ocrx_word' id='word_1_812' title='bbox 2344 3071 2462 3112; x_wconf 86' lang='lat' dir='ltr'>esset,</span> 
     </span>
     <span class='ocr_line' id='line_1_127' title="bbox 1391 3113 2465 3166; baseline 0.001 -12"><span class='ocrx_word' id='word_1_813' title='bbox 1391 3121 1474 3154; x_wconf 89' lang='lat' dir='ltr'>erat</span> <span class='ocrx_word' id='word_1_814' title='bbox 1501 3115 1538 3154; x_wconf 90' lang='lat' dir='ltr'>in</span> <span class='ocrx_word' id='word_1_815' title='bbox 1568 3115 1733 3162; x_wconf 86' lang='lat' dir='ltr'>desertis,</span> <span class='ocrx_word' id='word_1_816' title='bbox 1754 3123 1795 3153; x_wconf 90' lang='lat' dir='ltr'>ut</span> <span class='ocrx_word' id='word_1_817' title='bbox 1815 3115 1951 3155; x_wconf 89' lang='lat' dir='ltr'>dicitur</span> <span class='ocrx_word' id='word_1_818' title='bbox 1978 3116 2073 3154; x_wconf 92' lang='lat' dir='ltr'>Luc.</span> <span class='ocrx_word' id='word_1_819' title='bbox 2090 3113 2145 3152; x_wconf 72' lang='lat'>1¹⁸².</span> <span class='ocrx_word' id='word_1_820' title='bbox 2168 3137 2192 3144; x_wconf 96' lang='lat'>-</span> <span class='ocrx_word' id='word_1_821' title='bbox 2211 3115 2299 3153; x_wconf 90' lang='lat' dir='ltr'>Alio</span> <span class='ocrx_word' id='word_1_822' title='bbox 2328 3116 2465 3166; x_wconf 91' lang='lat' dir='ltr'>modo,</span> 
     </span>
     <span class='ocr_line' id='line_1_128' title="bbox 1391 3169 2465 3219; baseline 0.004 -13"><span class='ocrx_word' id='word_1_823' title='bbox 1391 3182 1460 3219; x_wconf 86' lang='lat' dir='ltr'>per</span> <span class='ocrx_word' id='word_1_824' title='bbox 1497 3169 1718 3208; x_wconf 86' lang='lat' dir='ltr'>exercitium</span> <span class='ocrx_word' id='word_1_825' title='bbox 1751 3169 1912 3208; x_wconf 86' lang='lat' dir='ltr'>virtuosi</span> <span class='ocrx_word' id='word_1_826' title='bbox 1948 3176 2080 3206; x_wconf 88' lang='lat' dir='ltr'>actus:</span> <span class='ocrx_word' id='word_1_827' title='bbox 2119 3169 2333 3207; x_wconf 89' lang='lat' dir='ltr'>secundum</span> <span class='ocrx_word' id='word_1_828' title='bbox 2371 3169 2465 3210; x_wconf 88' lang='lat' dir='ltr'>illud</span> 
     </span>
     <span class='ocr_line' id='line_1_129' title="bbox 1390 3221 2501 3272; baseline 0.002 -12"><span class='ocrx_word' id='word_1_829' title='bbox 1390 3224 1492 3260; x_wconf 89' lang='lat' dir='ltr'>Heb.</span> <span class='ocrx_word' id='word_1_830' title='bbox 1512 3235 1536 3260; x_wconf 92' lang='lat' dir='ltr'>v</span> <span class='ocrx_word' id='word_1_831' title='bbox 1555 3223 1595 3260; x_wconf 74' lang='grc' dir='ltr'>*ε</span> <span class='ocrx_word' id='word_1_832' title='bbox 1625 3223 1884 3272; x_wconf 75' lang='lat' dir='ltr'>Per-sectorum</span> <span class='ocrx_word' id='word_1_833' title='bbox 1915 3227 1972 3259; x_wconf 83' lang='lat' dir='ltr'>est</span> <span class='ocrx_word' id='word_1_834' title='bbox 1995 3221 2136 3259; x_wconf 86' lang='lat' dir='ltr'>solidus</span> <span class='ocrx_word' id='word_1_835' title='bbox 2168 3223 2295 3260; x_wconf 87' lang='lat' dir='ltr'>cibus.-</span> <span class='ocrx_word' id='word_1_836' title='bbox 2329 3235 2464 3262; x_wconf 83' lang='lat' dir='ltr'>eorum</span> <span class='ocrx_word' id='word_1_837' title='bbox 2489 3235 2501 3248; x_wconf 89' lang='grc'><em>·</em></span> 
     </span>
     <span class='ocr_line' id='line_1_130' title="bbox 1391 3275 2466 3325; baseline 0.002 -11"><span class='ocrx_word' id='word_1_838' title='bbox 1391 3277 1458 3325; x_wconf 87' lang='lat' dir='ltr'>qui</span> <span class='ocrx_word' id='word_1_839' title='bbox 1483 3287 1559 3325; x_wconf 87' lang='lat' dir='ltr'>pro</span> <span class='ocrx_word' id='word_1_840' title='bbox 1597 3276 1865 3314; x_wconf 76' lang='lat' dir='ltr'>consuetudine</span> <span class='ocrx_word' id='word_1_841' title='bbox 1900 3275 2126 3312; x_wconf 80' lang='lat' dir='ltr'>exercitatos</span> <span class='ocrx_word' id='word_1_842' title='bbox 2161 3277 2303 3314; x_wconf 86' lang='lat' dir='ltr'>habent</span> <span class='ocrx_word' id='word_1_843' title='bbox 2332 3288 2466 3316; x_wconf 84' lang='lat' dir='ltr'>sensus</span> 
     </span>
     <span class='ocr_line' id='line_1_131' title="bbox 1391 3327 2464 3381; baseline 0.002 -14"><span class='ocrx_word' id='word_1_844' title='bbox 1391 3331 1443 3368; x_wconf 86' lang='lat' dir='ltr'>ad</span> <span class='ocrx_word' id='word_1_845' title='bbox 1468 3330 1729 3381; x_wconf 78' lang='lat' dir='ltr'>discretionem</span> <span class='ocrx_word' id='word_1_846' title='bbox 1757 3329 1848 3367; x_wconf 86' lang='lat' dir='ltr'>boni</span> <span class='ocrx_word' id='word_1_847' title='bbox 1873 3333 1910 3365; x_wconf 88' lang='lat' dir='ltr'>et</span> <span class='ocrx_word' id='word_1_848' title='bbox 1934 3327 2038 3366; x_wconf 89' lang='lat' dir='ltr'>mali.</span> <span class='ocrx_word' id='word_1_849' title='bbox 2068 3329 2129 3367; x_wconf 89' lang='lat' dir='ltr'>Ad</span> <span class='ocrx_word' id='word_1_850' title='bbox 2155 3330 2377 3368; x_wconf 88' lang='lat' dir='ltr'>exercitium</span> <span class='ocrx_word' id='word_1_851' title='bbox 2397 3343 2464 3370; x_wconf 90' lang='lat' dir='ltr'>au-</span> 
     </span>
     <span class='ocr_line' id='line_1_132' title="bbox 1390 3381 2463 3423; baseline 0.001 -1"><span class='ocrx_word' id='word_1_852' title='bbox 1390 3391 1470 3422; x_wconf 89' lang='lat' dir='ltr'>tern</span> <span class='ocrx_word' id='word_1_853' title='bbox 1498 3382 1722 3422; x_wconf 87' lang='lat' dir='ltr'>huiusmodi</span> <span class='ocrx_word' id='word_1_854' title='bbox 1749 3381 1901 3420; x_wconf 89' lang='lat' dir='ltr'>iuvatur</span> <span class='ocrx_word' id='word_1_855' title='bbox 1927 3381 2048 3420; x_wconf 83' lang='lat' dir='ltr'>homo</span> <span class='ocrx_word' id='word_1_856' title='bbox 2079 3394 2123 3421; x_wconf 87' lang='lat' dir='ltr'>ex</span> <span class='ocrx_word' id='word_1_857' title='bbox 2147 3383 2311 3422; x_wconf 86' lang='lat' dir='ltr'>aliorum</span> <span class='ocrx_word' id='word_1_858' title='bbox 2341 3385 2463 3423; x_wconf 90' lang='lat' dir='ltr'>socie-</span> 
     </span>
    </p>
   </div>
   <div class='ocr_carea' id='block_1_32' title="bbox 1443 3512 2462 3581">
    <p class='ocr_par' dir='ltr' id='par_1_37' title="bbox 1443 3512 2462 3581">
     <span class='ocr_line' id='line_1_133' title="bbox 1443 3512 2462 3573; baseline 0.004 -35"><span class='ocrx_word' id='word_1_859' title='bbox 1443 3514 1472 3573; x_wconf 58' lang='grc' dir='ltr'>ἶ)</span> <span class='ocrx_word' id='word_1_860' title='bbox 1491 3516 1588 3539; x_wconf 79' lang='lat' dir='ltr'>contra</span> <span class='ocrx_word' id='word_1_861' title='bbox 1600 3515 1727 3538; x_wconf 76' lang='lat' dir='ltr'>naturam</span> <span class='ocrx_word' id='word_1_862' title='bbox 1741 3512 1864 3542; x_wconf 76' lang='lat' dir='ltr'>hominis,</span> <span class='ocrx_word' id='word_1_863' title='bbox 1878 3521 1941 3540; x_wconf 84' lang='lat' dir='ltr'>non.</span> <span class='ocrx_word' id='word_1_864' title='bbox 1950 3527 1970 3533; x_wconf 93' lang='lat'><em>-</em></span> <span class='ocrx_word' id='word_1_865' title='bbox 1982 3515 2129 3540; x_wconf 81' lang='lat' dir='ltr'>secundum</span> <span class='ocrx_word' id='word_1_866' title='bbox 2145 3518 2273 3542; x_wconf 63' lang='lat' dir='ltr'>naturam</span> <span class='ocrx_word' id='word_1_867' title='bbox 2286 3515 2402 3542; x_wconf 75' lang='lat' dir='ltr'>hominis</span> <span class='ocrx_word' id='word_1_868' title='bbox 2415 3516 2462 3543; x_wconf 80' lang='lat' dir='ltr'>Pa.</span> 
     </span>
     <span class='ocr_line' id='line_1_134' title="bbox 1460 3548 1918 3581; baseline 0.004 -8"><span class='ocrx_word' id='word_1_869' title='bbox 1460 3549 1470 3581; x_wconf 94' lang='lat'>)</span> <span class='ocrx_word' id='word_1_870' title='bbox 1490 3551 1615 3574; x_wconf 74' lang='lat' dir='ltr'>montem.</span> <span class='ocrx_word' id='word_1_871' title='bbox 1627 3561 1647 3568; x_wconf 94' lang='lat'>-</span> <span class='ocrx_word' id='word_1_872' title='bbox 1663 3548 1736 3573; x_wconf 80' lang='lat' dir='ltr'>sotus</span> <span class='ocrx_word' id='word_1_873' title='bbox 1754 3548 1852 3574; x_wconf 79' lang='lat' dir='ltr'>addunt</span> <span class='ocrx_word' id='word_1_874' title='bbox 1871 3549 1918 3575; x_wconf 81' lang='grc' dir='ltr'>Ρα.</span> 
     </span>
    </p>
   </div>
   <div class='ocr_carea' id='block_1_33' title="bbox 2509 1023 2708 1078">
    <p class='ocr_par' dir='ltr' id='par_1_38' title="bbox 2509 1023 2708 1078">
     <span class='ocr_line' id='line_1_135' title="bbox 2517 1023 2708 1053; baseline 0.01 -7"><span class='ocrx_word' id='word_1_875' title='bbox 2517 1023 2583 1046; x_wconf 72' lang='lat' dir='ltr'>Ion.</span> <span class='ocrx_word' id='word_1_876' title='bbox 2598 1026 2708 1053; x_wconf 56' lang='lat' dir='ltr'>eno-&#39;xm</span> 
     </span>
     <span class='ocr_line' id='line_1_136' title="bbox 2509 1056 2591 1078; baseline -0.012 -5"><span class='ocrx_word' id='word_1_877' title='bbox 2509 1056 2555 1075; x_wconf 71' lang='lat' dir='ltr'>en.</span> <span class='ocrx_word' id='word_1_878' title='bbox 2565 1056 2591 1078; x_wconf 68' lang='lat' dir='ltr'>J.</span> 
     </span>
    </p>
   </div>
   <div class='ocr_carea' id='block_1_34' title="bbox 2496 1941 2709 1970">
    <p class='ocr_par' dir='ltr' id='par_1_39' title="bbox 2496 1941 2709 1970">
     <span class='ocr_line' id='line_1_137' title="bbox 2496 1941 2709 1970; baseline -0.009 -5"><span class='ocrx_word' id='word_1_879' title='bbox 2496 1943 2506 1953; x_wconf 78' lang='lat'>⁸</span> <span class='ocrx_word' id='word_1_880' title='bbox 2521 1941 2607 1965; x_wconf 64' lang='lat' dir='ltr'>collat.</span> <span class='ocrx_word' id='word_1_881' title='bbox 2624 1942 2643 1970; x_wconf 88' lang='lat'>1,</span> <span class='ocrx_word' id='word_1_882' title='bbox 2657 1947 2709 1970; x_wconf 77' lang='grc' dir='ltr'>σιρ.</span> 
     </span>
    </p>
   </div>
   <div class='ocr_carea' id='block_1_35' title="bbox 2495 2153 2634 2181">
    <p class='ocr_par' dir='ltr' id='par_1_40' title="bbox 2495 2153 2634 2181">
     <span class='ocr_line' id='line_1_138' title="bbox 2495 2153 2634 2181; baseline 0.007 -6"><span class='ocrx_word' id='word_1_883' title='bbox 2495 2153 2586 2176; x_wconf 67' lang='lat' dir='ltr'>’Va-n.</span> <span class='ocrx_word' id='word_1_884' title='bbox 2601 2158 2634 2181; x_wconf 82' lang='grc'>14.</span> 
     </span>
    </p>
   </div>
   <div class='ocr_carea' id='block_1_36' title="bbox 2495 2424 2632 2448">
    <p class='ocr_par' dir='ltr' id='par_1_41' title="bbox 2495 2424 2632 2448">
     <span class='ocr_line' id='line_1_139' title="bbox 2495 2424 2632 2448; baseline -0.015 0"><span class='ocrx_word' id='word_1_885' title='bbox 2495 2424 2586 2448; x_wconf 73' lang='lat' dir='ltr'>‘Ven-</span> <span class='ocrx_word' id='word_1_886' title='bbox 2600 2429 2632 2448; x_wconf 70' lang='lat' dir='ltr'>n.</span> 
     </span>
    </p>
   </div>
   <div class='ocr_carea' id='block_1_37' title="bbox 2752 2399 2768 2561">
    <p class='ocr_par' dir='ltr' id='par_1_42' title="bbox 2752 2399 2768 2561">
     <span class='ocr_line' id='line_1_140' title="bbox 2752 2399 2768 2561; textangle 90"><span class='ocrx_word' id='word_1_887' title='bbox 2752 2463 2768 2561; x_wconf 52' lang='lat' dir='ltr'>‘&#39;-a———a</span> <span class='ocrx_word' id='word_1_888' title='bbox 2763 2399 2768 2430; x_wconf 53' lang='lat' dir='ltr'>nm.—</span> 
     </span>
    </p>
   </div>
   <div class='ocr_carea' id='block_1_38' title="bbox 2493 2802 2707 2879">
    <p class='ocr_par' dir='ltr' id='par_1_43' title="bbox 2493 2802 2707 2879">
     <span class='ocr_line' id='line_1_141' title="bbox 2493 2802 2707 2831; baseline -0.009 -5"><span class='ocrx_word' id='word_1_889' title='bbox 2493 2802 2504 2813; x_wconf 89' lang='lat'><strong>·</strong></span> <span class='ocrx_word' id='word_1_890' title='bbox 2508 2802 2607 2826; x_wconf 72' lang='lat' dir='ltr'>Ari-tot.</span> <span class='ocrx_word' id='word_1_891' title='bbox 2613 2802 2707 2831; x_wconf 52' lang='lat' dir='ltr'>parete.</span> 
     </span>
     <span class='ocr_line' id='line_1_142' title="bbox 2493 2827 2707 2879; baseline 0.005 -2"><span class='ocrx_word' id='word_1_892' title='bbox 2493 2827 2707 2879; x_wconf 55' lang='grc' dir='ltr'>ὲξῗεῗὲττῗΐῡὲὲτ</span> 
     </span>
    </p>
   </div>
   <div class='ocr_carea' id='block_1_39' title="bbox 2493 3123 2683 3153">
    <p class='ocr_par' dir='ltr' id='par_1_44' title="bbox 2493 3123 2683 3153">
     <span class='ocr_line' id='line_1_143' title="bbox 2493 3123 2683 3153; baseline -0.005 -6"><span class='ocrx_word' id='word_1_893' title='bbox 2493 3126 2502 3135; x_wconf 88' lang='grc'><em>·</em></span> <span class='ocrx_word' id='word_1_894' title='bbox 2516 3124 2584 3147; x_wconf 73' lang='lat' dir='ltr'>Vm.</span> <span class='ocrx_word' id='word_1_895' title='bbox 2599 3129 2629 3153; x_wconf 74' lang='lat'>¹⁵·</span> <span class='ocrx_word' id='word_1_896' title='bbox 2643 3123 2683 3147; x_wconf 78' lang='lat'>8⁰.</span> 
     </span>
    </p>
   </div>
   <div class='ocr_carea' id='block_1_40' title="bbox 2515 3235 2631 3264">
    <p class='ocr_par' dir='ltr' id='par_1_45' title="bbox 2515 3235 2631 3264">
     <span class='ocr_line' id='line_1_144' title="bbox 2515 3235 2631 3264; baseline 0.017 -6"><span class='ocrx_word' id='word_1_897' title='bbox 2515 3235 2631 3264; x_wconf 58' lang='lat' dir='ltr'>vermu-</span> 
     </span>
    </p>
   </div>
  </div>
 </body>
</html>
