2768 4198
24 409 35 418 ⁸
49 408 114 430 Vers.
130 414 161 435 ¹4·

23 722 34 733 ⁸
55 721 119 742 Sent.
146 725 236 746 nexant,

23 748 52 769 al.
67 753 148 769 ccxcii.

22 890 33 900 ⁸
48 889 104 917 Cap.
124 895 185 919 aux,
204 889 234 909 al.

22 922 101 943 xxvxi,
133 921 157 937 in
188 918 232 936 vet.

22 949 100 964 xxxvi.

19 1418 30 1428 ⁸
46 1419 97 1439 Art.
119 1423 139 1444 1,
158 1417 186 1438 nd
205 1422 229 1443 ας

18 1447 58 1467 art.
76 1450 96 1466 2.

16 2159 26 2169 ·
36 2158 82 2186 Qu.
93 2164 139 2186 mx,
148 2162 189 2180 art.
197 2165 225 2185 43

14 2191 52 2213 qu.
62 2191 148 2212 mxii,
155 2188 196 2207 art.
205 2192 224 2213 5-

19 3326 29 3336 ·
43 3325 78 3348 ef.
94 3331 158 3348 num.
173 3332 206 3348 ιιι.

270 322 344 359 316

267 401 359 438 dum
390 399 479 436 illud
507 399 624 435 Eccli.
645 411 668 434 x
686 398 726 434 *t
756 398 909 434 Initium
937 394 1136 443 superbiae
1171 394 1334 430 hominis

923 317 1191 364 QUAESTIO
1222 316 1376 363 CLXII,
1407 316 1706 353 ARTICULUS
1736 317 1785 353 lll

1388 394 1586 442 Superbus
1606 395 1708 432 enim
1730 408 1856 443 neque
1875 397 1961 433 Deo
1983 409 2096 433 suum
2117 396 2349 434 intellectum
2370 398 2458 434 sub-

265 460 319 490 est
335 459 549 501 apostatare
567 463 590 488 a
619 453 714 488 Deo.
738 451 813 486 Sed
834 448 1040 494 irascibilis,
1062 459 1149 483 cum
1179 447 1224 483 sit
1243 459 1332 495 pars
1358 457 1360 501 f
1387 446 1475 494 iicit,
1496 456 1537 484 ut
1565 448 1613 484 ab
1635 461 1682 484 eo
1702 449 1870 485 veritatis
1891 450 2147 497 cognitionem
2167 451 2370 499 percipiat:
2400 463 2458 487 se-
2498 463 2500 465 ·

265 506 452 555 appetitus
486 504 672 550 sensitivi,
703 515 781 539 non
818 509 943 550 potest
979 513 1018 536 se
1055 500 1258 536 extendere
1294 500 1331 536 in
1358 504 1359 544 l
1386 500 1556 536 cundum
1586 500 1676 537 illud
1697 502 1831 538 Matth.
1851 514 1888 539 xl
1906 502 1946 539 *ε
1975 504 2214 540 Abscondisti
2229 505 2323 541 haec
2345 516 2369 541 a
2397 516 2457 540 sa-

265 561 390 596 Deum
419 567 454 595 et
473 559 510 594 in
540 556 791 604 intelligibilia.
823 555 924 602 Ergo
946 554 1125 602 superbia
1145 565 1223 589 non
1248 561 1331 601 pot-

265 621 320 649 est
349 624 430 649 esse
459 612 496 647 in
524 609 710 647 irascibili.

316 678 353 712 4.
384 666 617 709 PRAETEREA,
639 669 679 698 ut
708 661 841 698 dicitur
868 659 905 696 in
935 659 1030 695 libro
1051 659 1328 695 Sententiarum

264 717 438 766 Prosperi
457 717 488 763 ²⁸,
513 715 687 763 superbia
725 719 778 749 est
803 725 915 750 amor
936 713 1119 760 propriae
1146 712 1330 749 excellen-

262 773 344 808 tiae.
376 772 450 807 Sed
481 781 590 806 amor
618 779 695 804 non
725 775 780 803 est
799 766 837 803 in
867 766 1054 813 irascibili,
1076 766 1143 802 sed
1171 766 1210 802 in
1239 778 1328 802 con-

262 823 480 872 cupiscibili.
511 823 612 869 Ergo
633 820 811 869 superbia
840 832 918 856 non
939 827 993 856 est
1021 819 1060 856 in
1079 819 1267 856 irascibili.

315 878 388 913 SED
409 887 554 912 CONTRA
575 886 640 911 EST
660 873 766 921 quod
787 872 1007 921 Gregorius,
1028 873 1065 909 in
1088 874 1118 908 ll
1134 873 1279 909 Moral.
1296 873 1327 919 *,

260 930 365 979 ponit
395 937 525 965 contra
561 927 781 976 superbiam
811 927 957 963 donum
996 926 1154 963 timoris.
1191 926 1328 962 Timor

259 992 387 1020 autem
416 982 578 1030 pertinet
607 981 654 1018 ad
675 980 915 1017 irascibilem.
947 981 1049 1028 Ergo
1070 980 1248 1028 superbia
1272 987 1329 1016 est

259 1037 296 1073 in
325 1035 510 1072 irascibili.

312 1091 537 1125 RESPONDEO
558 1100 744 1125 DICENDUM
765 1087 870 1135 quod
895 1087 1109 1123 subiectum
1130 1085 1328 1122 cuiuslibet

257 1142 404 1179 virtutis
431 1143 493 1179 vel
514 1141 594 1178 vitii
624 1149 774 1190 oportet
794 1140 984 1188 inquirere
1014 1152 1059 1176 ex
1080 1139 1237 1189 proprio
1258 1140 1327 1176 ob-

257 1197 374 1234 iecto:
405 1207 484 1232 non
513 1195 616 1232 enim
646 1202 771 1243 potest
799 1206 882 1231 esse
907 1193 1009 1230 aliud
1039 1194 1230 1230 obiectum
1260 1194 1326 1230 ha-

257 1250 357 1287 bitus
384 1250 446 1286 vel
466 1256 571 1286 actus
599 1248 670 1285 nisi
698 1249 804 1296 quod
834 1255 889 1284 est
913 1247 1108 1284 obiectum
1133 1247 1326 1295 potentiae

257 1315 355 1352 quae
385 1302 535 1351 utrique
574 1301 780 1339 subiicitur.
819 1301 1025 1350 Proprium
1064 1308 1192 1337 autem
1222 1301 1325 1337 obie—

258 1365 360 1394 ctum
391 1355 590 1405 superbiae
620 1363 676 1392 est
703 1355 889 1392 arduum:
921 1362 976 1391 est
1005 1354 1106 1390 enim
1137 1354 1326 1403 appetitus

256 1409 433 1459 propriae
455 1408 707 1456 excellentiae,
727 1416 769 1445 ut
789 1408 931 1446 dictum
954 1415 1009 1444 est
1027 1407 1059 1444 *.
1080 1408 1193 1445 Unde
1213 1420 1326 1457 opor-

257 1471 309 1501 tet
336 1463 443 1512 quod
471 1462 650 1511 superbia
669 1462 797 1511 aliquo
828 1461 948 1499 modo
978 1462 1026 1498 ad
1051 1461 1131 1498 vim
1162 1461 1327 1498 irascibi-

257 1518 333 1554 lem
362 1517 558 1565 pertineat.

312 1570 388 1607 Sed
426 1569 622 1606 irascibilis
664 1568 862 1618 dupliciter
903 1568 1022 1616 accipi
1056 1575 1193 1617 potest.
1238 1568 1325 1605 Uno

257 1624 389 1671 modo,
410 1623 575 1672 proprie.
607 1623 655 1659 Et
675 1622 728 1659 sic
748 1629 803 1658 est
817 1633 905 1670 pars
925 1622 1113 1670 appetitus
1133 1622 1325 1659 sensitivi:

257 1677 353 1714 sicut
382 1685 418 1714 et
445 1677 500 1713 ira
528 1676 681 1725 proprie
711 1683 864 1724 sumpta
893 1682 948 1711 est
977 1675 1168 1723 quaedam
1197 1675 1325 1723 passio

256 1730 423 1767 sensitivi
443 1729 643 1778 appetitus.
665 1750 688 1757 -
709 1729 796 1767 Alio
818 1729 949 1774 modo,
970 1735 1096 1777 potest
1115 1728 1235 1777 accipi
1256 1728 1326 1766 ira-

256 1783 392 1821 scibilis
421 1783 570 1830 largius,
590 1790 631 1819 ut
660 1782 799 1819 scilicet
826 1781 1011 1830 pertineat
1039 1781 1154 1818 etiam
1183 1781 1232 1818 ad
1261 1794 1327 1831 ap-

255 1837 414 1886 petitum
444 1836 737 1873 intellectivum:
769 1834 828 1871 cui
858 1834 971 1871 etiam
1008 1836 1242 1883 quandoque
1271 1843 1324 1871 at-

254 1891 428 1927 tribuitur
455 1890 522 1936 ira,
543 1896 658 1938 prout
686 1888 827 1925 scilicet
846 1887 1086 1924 attribuimus
1114 1887 1209 1924 iram
1239 1888 1324 1925 Deo

255 1951 291 1980 et
311 1943 463 1991 angelis,
485 1955 563 1980 non
592 1942 748 1991 quidem
768 1940 979 1978 secundum
1002 1940 1235 1989 passionem,
1257 1943 1323 1979 sed
1350 1970 1352 1978 ,

254 1997 467 2034 secundum
496 1995 679 2033 iudicium
701 1995 863 2032 iustitiae
885 1994 1096 2032 iudicantis.
1126 1995 1175 2031 Et
1194 2002 1325 2032 tamen

253 2050 447 2088 irascibilis
476 2050 530 2086 sic
558 2049 814 2086 communiter
843 2048 943 2085 dicta
962 2060 1041 2085 non
1071 2055 1127 2085 est
1154 2048 1325 2097 potentia

254 2104 427 2142 distincta
456 2116 477 2140 a
499 2102 795 2152 concupiscibili,
817 2109 858 2139 ut
885 2109 990 2150 patet
1017 2114 1063 2138 ex
1082 2102 1140 2139 his
1165 2113 1266 2150 quae
1285 2102 1324 2139 in

253 2157 383 2195 Primo
403 2157 423 2179 ’¹‘
452 2157 552 2194 dicta
580 2164 677 2193 sunt.

307 2211 346 2249 Si
377 2223 466 2259 ergo
487 2210 650 2248 arduum
681 2209 787 2258 quod
817 2216 872 2246 est
892 2209 1086 2246 obiectum
1107 2209 1322 2258 superbiae,

253 2273 352 2302 esset
372 2265 498 2302 solum
527 2263 669 2312 aliquid
690 2262 878 2309 sensibile,
899 2261 938 2299 in
966 2262 1072 2311 quod
1096 2272 1226 2311 posset
1245 2270 1325 2301 ten-

254 2318 344 2355 dere
374 2317 565 2367 appetitus
594 2317 809 2364 sensitivus,
831 2323 1023 2364 oporteret
1051 2317 1158 2364 quod
1192 2328 1324 2365 super-

253 2372 316 2408 bia
338 2379 435 2408 esset
464 2371 501 2408 in
522 2370 699 2408 irascibili
720 2382 819 2418 quae
849 2377 906 2406 est
923 2381 1011 2418 pars
1031 2369 1220 2418 appetitus
1240 2382 1325 2407 sen-
1350 2405 1352 2414 ,

253 2425 363 2462 sitivi.
395 2425 473 2462 Sed
502 2424 591 2474 quia
620 2424 784 2461 arduum
814 2423 921 2471 quod
950 2422 1100 2472 respicit
1133 2423 1323 2472 superbia,
1350 2440 1352 2445 v

254 2478 511 2516 communiter
531 2477 721 2515 invenitur
751 2485 786 2514 et
813 2476 852 2514 in
875 2476 1116 2513 sensibilibus
1138 2484 1174 2513 et
1193 2476 1230 2513 in
1251 2477 1325 2526 spi-

253 2532 450 2569 ritualibus
479 2532 605 2578 rebus,
632 2543 787 2568 necesse
818 2538 873 2568 est
902 2530 1028 2567 dicere
1064 2531 1169 2579 quod
1199 2531 1325 2567 subie-
1350 2570 1352 2581 Ι

254 2593 356 2622 ctum
387 2585 588 2634 superbiae
618 2585 664 2621 sit
692 2583 889 2621 irascibilis
909 2595 989 2620 non
1018 2584 1142 2620 solum
1170 2584 1324 2634 proprie

253 2646 418 2687 sumpta,
448 2647 563 2687 prout
599 2646 656 2675 est
690 2650 779 2687 pars
815 2636 1004 2686 appetitus
1038 2637 1226 2684 sensitivi,
1257 2638 1324 2675 sed

254 2692 368 2729 etiam
389 2692 635 2729 communius
655 2699 823 2740 accepta,
845 2698 959 2739 prout
987 2691 1177 2728 invenitur
1201 2691 1237 2728 in
1258 2704 1324 2741 ap·
1350 2714 1352 2725 .

252 2745 368 2795 petitu
390 2746 630 2783 intellectivo.
661 2745 774 2783 Unde
795 2751 831 2781 et
859 2744 897 2781 in
919 2744 1174 2783 daemonibus
1193 2757 1324 2794 super-

253 2799 315 2836 bia
344 2799 508 2848 ponitur.

306 2855 365 2890 Αι)
398 2865 535 2890 PRtMUM
569 2863 667 2889 ERGO
701 2863 887 2888 memnon
924 2851 1030 2900 quod
1065 2851 1229 2900 cognitio
1258 2863 1324 2888 ve-

254 2905 369 2942 ritatis
399 2914 454 2943 est
473 2906 622 2954 duplex.
652 2905 738 2942 Una
767 2917 860 2953 pure
882 2905 1126 2954 speculativa.
1157 2906 1206 2942 Et
1225 2905 1325 2942 hanc

254 2960 430 3008 superbia
460 2959 640 2996 indirecte
670 2958 840 3007 impedit,
868 2958 1127 2995 subtrahendo
1153 2971 1323 2996 causam.

306 3080 331 3113 ὃ)
351 3082 510 3115 dignantur.
524 3095 543 3100 -
563 3081 746 3114 dedignantur
765 3082 783 3113 1,
803 3082 934 3115 dignatur
953 3082 981 3107 Ρ.

306 3118 328 3149 ε)
347 3117 478 3151 affectiva.
491 3130 509 3137 —-
527 3117 628 3143 scilicet
645 3117 769 3151 affectiva
789 3118 835 3143 Pa.

1357 548 1359 567 ¹
1380 554 1568 601 pientibus
1587 559 1623 589 et
1642 555 1903 602 prudentibu5‚
1925 556 2020 593 idest
2039 569 2060 593 a
2085 557 2270 606 superbis,
2293 557 2355 606 qui
2386 557 2456 593 sibi

1357 618 1358 641 i
1385 607 1575 655 sapientes
1615 615 1650 643 et
1677 607 1885 655 prudentes
1922 609 2118 656 videntur,
2148 616 2183 647 et
2210 611 2385 647 revelasti
2411 622 2455 647 ea

1378 660 1564 708 parvulis,
1585 659 1681 696 idest
1703 661 1923 698 humilibus.
1953 663 2090 711 Neque
2121 664 2235 701 etiam
2255 665 2303 701 ab
2332 664 2456 701 homi-

1384 713 1497 750 nibus
1525 713 1722 750 addiscere
1743 713 1944 761 dignantur
1963 713 1997 751 ⁶:
2028 728 2117 753 cum
2142 724 2272 754 tamen
2297 717 2454 764 dicatur,

1355 767 1356 811 ᾗ
1382 767 1500 804 Eccli.
1521 766 1615 803 V1*:
1646 767 1689 802 Si
1724 767 1964 804 inclinaveris
1995 781 2128 806 aurem
2162 775 2286 816 tuam,
2315 770 2456 807 scilicet

1354 824 1356 868 ξ
1382 820 1575 857 humiliter
1603 820 1810 867 audiendo,
1832 821 1995 869 excipies
2022 823 2245 861 doctrinam.

1436 874 1521 910 Alia
1557 881 1687 910 autem
1726 881 1783 910 est
1815 874 1980 922 cognitio
2019 875 2187 912 veritatis
2224 876 2401 914 affectiva
2428 882 2452 914 ².

1382 928 1431 963 Et
1465 927 1580 963 talem
1617 926 1875 974 cognitionem
1910 928 2077 965 veritatis
2116 929 2255 966 directe
2295 929 2456 979 impedit

1382 981 1571 1029 superbia.
1603 980 1704 1027 Quia
1732 980 1898 1029 superbi,
1921 981 2014 1017 dum
2041 981 2275 1019 delectantur
2303 983 2340 1019 in
2369 996 2455 1032 pro-

1380 1035 1463 1083 pria
1493 1034 1725 1080 excellentia,
1752 1034 2014 1071 excellentiam
2042 1035 2211 1072 veritatis
2239 1036 2452 1074 fastidiunt:

1381 1096 1421 1124 ut
1441 1088 1647 1136 Gregorius
1676 1087 1775 1134 dicit,
1797 1088 1921 1124 XXIII
1948 1088 2093 1125 Moral.
2114 1088 2145 1135 ³¹⁸,
2167 1089 2271 1137 quod
2301 1090 2455 1138 superbi

1380 1147 1415 1178 et
1449 1147 1592 1178 secreta
1630 1142 1816 1190 quaedam
1856 1141 2096 1191 intelligendo
2123 1141 2135 1167 t
2158 1143 2392 1191 percipiunt,
2421 1149 2457 1180 et

1381 1207 1513 1232 eorum
1533 1195 1766 1232 dulcedinem
1786 1195 1956 1244 experiri
1981 1207 2056 1232 non
2071 1202 2251 1243 possunt.-
2279 1201 2314 1232 et
2331 1196 2366 1232 si
2390 1208 2455 1232 no-

1380 1249 1503 1285 verint
1529 1249 1717 1297 quomodo
1745 1254 1841 1294 sunt,
1863 1249 2046 1299 ignorant
2071 1250 2259 1297 quomodo
2291 1249 2452 1298 sapiunt.

1381 1301 1492 1339 Unde
1522 1310 1558 1339 et
1586 1303 1766 1339 Proverb.
1788 1315 1822 1339 xi
1845 1303 1864 1324 *
1894 1302 2046 1339 dicitur:
2082 1303 2156 1340 Ubi
2181 1303 2383 1349 humilitas,
2404 1303 2457 1340 ibi
2482 1313 2492 1324 ·

1380 1356 1574 1404 sapientia.

1434 1411 1493 1446 AD
1522 1420 1714 1446 SECUNDUM
1746 1420 1934 1447 mci-:unum
1962 1409 2079 1458 quod,
2101 1407 2197 1445 sicut
2217 1421 2334 1458 supra
2351 1408 2372 1431 ⁴²
2400 1408 2453 1446 di-

1381 1470 1485 1500 ctum
1515 1470 1582 1510 est,
1603 1462 1794 1499 humilitas
1823 1462 1980 1500 attendit
2014 1463 2063 1499 ad
2093 1463 2264 1510 regulam
2301 1462 2454 1500 rationis

1381 1523 1518 1563 rectae,
1541 1516 1754 1553 secundum
1785 1528 1901 1564 quam
1932 1516 2066 1564 aliquis
2093 1528 2229 1553 veram
2267 1516 2455 1554 existima-

1381 1569 1525 1606 tionem
1547 1570 1594 1607 de
1624 1582 1665 1606 se
1684 1570 1813 1607 habet.
1844 1570 1955 1606 Hanc
1975 1577 2103 1606 autem
2128 1570 2298 1618 regulam
2328 1577 2455 1607 rectae

1381 1623 1535 1660 rationis
1565 1635 1644 1660 non
1673 1623 1831 1660 attendit
1859 1623 2048 1672 superbia,
2066 1623 2133 1660 sed
2164 1624 2210 1660 de
2235 1635 2276 1660 se
2305 1623 2454 1661 maiora

1381 1676 1568 1713 existimat
1588 1689 1705 1726 quam
1725 1676 1809 1714 sint.
1836 1676 1953 1723 Quod
1974 1676 2155 1725 contingit
2171 1689 2217 1713 ex
2235 1676 2452 1715 inordinato

1381 1731 1550 1779 appetitu
1569 1730 1746 1779 propriae
1766 1730 2028 1767 excellentiae:
2054 1730 2143 1779 quia
2162 1730 2268 1780 quod
2288 1730 2374 1779 quis
2387 1743 2454 1768 ve-

1378 1784 1578 1820 hementer
1607 1783 1807 1830 desiderat,
1823 1783 1931 1820 facile
1949 1783 2078 1821 credit.
2109 1784 2158 1820 Et
2177 1796 2223 1820 ex
2242 1784 2318 1820 hoc
2338 1783 2452 1821 etiam

1380 1836 1461 1873 eius
1490 1837 1679 1885 appetitus
1708 1836 1746 1873 in
1771 1837 1903 1873 altiora
1932 1837 2048 1873 fertur
2075 1849 2193 1885 quam
2213 1836 2284 1874 sibi
2313 1849 2454 1874 conve-

1351 1893 1353 1904 '
1379 1890 1485 1926 niant
1504 1894 1535 1927 η.
1565 1890 1615 1926 Et
1642 1889 1731 1926 ideo
1769 1900 2038 1939 quaecumque
2067 1890 2115 1926 ad
2144 1890 2220 1927 hoc
2257 1890 2455 1928 conferant

1380 1942 1485 1991 quod
1516 1941 1652 1991 aliquis
1681 1943 1870 1979 existimet
1898 1954 1938 1979 se
1968 1954 2083 1991 supra
2112 1942 2149 1980 id
2179 1944 2282 1991 quod
2309 1951 2377 1991 est,
2397 1943 2453 1981 in-

1380 1997 1525 2034 ducunt
1553 1996 1753 2033 hominem
1783 1995 1832 2033 ad
1861 1995 2092 2045 superbiam.
2123 1995 2303 2043 Quorum
2331 2001 2454 2035 unum

1380 2058 1435 2087 est
1454 2049 1560 2099 quod
1580 2049 1713 2098 aliquis
1734 2049 1948 2087 consideret
1967 2049 2137 2086 defectus
2157 2049 2334 2087 aliorum:
2358 2049 2455 2088 sicut

1380 2116 1399 2140 e
1420 2102 1611 2140 contrario
1633 2102 1851 2151 Gregorius,
1873 2102 2016 2140 ibidem
2036 2102 2068 2149 ²⁸⁸,
2090 2102 2179 2140 dicit
2205 2103 2311 2152 quod
2334 2102 2456 2141 sancti

1377 2157 1452 2194 viri
1485 2157 1666 2194 virtutum
1708 2156 2006 2193 consideratione
2045 2156 2208 2194 vicissim
2248 2157 2321 2194 sihi
2359 2157 2454 2195 alios

1373 2211 1609 2260 praeferunt.
1649 2210 1707 2247 Ex
1736 2210 1810 2247 hoc
1840 2221 1930 2258 ergo
1960 2222 2039 2247 non
2067 2210 2230 2247 habetur
2257 2210 2364 2260 quod
2392 2222 2454 2248 su-

1377 2263 1511 2314 perbia
1531 2263 1577 2300 sit
1597 2263 1634 2300 in
1654 2262 1847 2300 rationali:
1879 2262 1947 2300 sed
1967 2263 2073 2312 quod
2091 2263 2216 2313 aliqua
2237 2276 2352 2302 causa
2371 2263 2454 2303 eius

1378 2318 1417 2355 in
1446 2317 1593 2354 ratione
1623 2316 1766 2354 existat.

1431 2372 1491 2407 Αι)
1519 2381 1681 2407 ‘rum-ium
1710 2381 1896 2407 memnon
1925 2369 2032 2418 quod
2069 2369 2247 2418 superbia
2284 2382 2363 2407 non
2398 2378 2454 2408 est

1379 2424 1504 2461 solum
1535 2424 1572 2460 in
1601 2422 1776 2460 irascibili
1804 2423 2016 2460 seeundum
2047 2422 2152 2471 quod
2183 2430 2240 2460 est
2266 2435 2354 2472 pars
2387 2435 2453 2473 ap-

1378 2477 1516 2526 petitus
1546 2476 1734 2514 sensitivi:
1765 2477 1832 2514 sed
1852 2484 1967 2526 prout
1987 2475 2232 2514 communius
2257 2476 2452 2514 irascibilis
2479 2527 2491 2538 ι

1379 2530 1572 2580 accipitur,
1602 2538 1643 2568 ut
1672 2529 1815 2567 dictum
1845 2537 1901 2567 est
1918 2529 1949 2567 *.

1432 2587 1491 2621 Αι)
1515 2595 1689 2626 QUARTUM
1718 2595 1904 2621 DlCENDUM
1934 2582 2060 2632 quod,
2090 2582 2186 2620 sicut
2217 2582 2452 2631 Augustinus

1379 2637 1479 2683 dicit,
1509 2637 1599 2674 XIV
1626 2637 1673 2674 de
1705 2637 1784 2674 Civ.
1812 2637 1887 2674 Dei
1902 2636 1934 2684 ¹¹⁸,
1964 2648 2076 2673 amor
2095 2636 2287 2685 praecedit
2315 2648 2452 2674 omnes
2479 2645 2490 2657 ·

1379 2691 1469 2728 alias
1498 2690 1615 2728 animi
1649 2690 1889 2737 affectiones,
1920 2698 1957 2727 et
1990 2697 2046 2726 est
2079 2701 2194 2727 causa
2227 2701 2371 2727 earum.
2403 2691 2453 2727 Et

1378 2745 1466 2783 ideo
1499 2751 1625 2794 potest
1657 2744 1748 2793 poni
1782 2756 1853 2793 pro
1887 2743 2056 2792 qualibet
2088 2742 2247 2780 aliarum
2284 2743 2451 2780 affectio-

1379 2810 1486 2835 num.
1525 2797 1575 2834 Et
1610 2797 1824 2835 secundum
1861 2797 1956 2845 hoc,
1987 2796 2165 2846 superbia
2201 2796 2335 2834 dicitur
2367 2808 2450 2834 esse

1379 2863 1491 2889 amor
1518 2851 1695 2900 propriae
1721 2850 1976 2898 excellentiae,
1997 2850 2222 2899 inquantum
2253 2862 2297 2887 ex
2317 2862 2450 2888 amore

1381 2912 1557 2942 causatur
1585 2904 1800 2942 inordinata
1827 2903 2090 2954 praesumptio
2120 2903 2213 2940 alios
2233 2903 2449 2952 superandi,

1381 2958 1485 3008 quod
1514 2957 1668 3007 proprIe
1697 2958 1859 3007 pertinet
1887 2957 1937 2995 ad
1966 2957 2197 3006 superbiam.

1432 3082 1457 3114 ζ)
1478 3082 1661 3116 intelligendo.
1675 3095 1694 3102 ·-
1711 3081 1887 3115 intelligenda
1909 3080 2129 3106 ABCDEFIKLa.

1431 3119 1458 3151 η)
1477 3118 1646 3151 conveniant.
1662 3132 1682 3138 -
1699 3118 1843 3144 convem'at
1860 3117 1914 3143 PG.

923 3196 1257 3230 Commentaria
1281 3195 1532 3230 Cardinalis
1555 3196 1756 3230 Caietam

259 3286 305 3347 Iu
330 3276 460 3307 articulo
485 3277 577 3308 tertio
602 3277 745 3308 eiusdem
765 3277 961 3318 quaestionis
982 3277 1324 3317 centesimaesexagesi-

287 3322 522 3357 maesecundae,
545 3322 640 3352 dubia
664 3322 729 3352 duo
754 3328 935 3353 occurrunt.
959 3322 1102 3352 Primum
1118 3321 1135 3341 *
1159 3328 1221 3352 est:
1247 3322 1323 3359 Quo

257 3370 350 3403 pacto
374 3365 518 3404 superbia
542 3366 573 3396 in
598 3366 698 3397 littera
722 3366 852 3407 ponitur
875 3366 1046 3397 subiective
1062 3366 1094 3396 in
1111 3366 1275 3397 voluntate
1294 3372 1325 3397 et

257 3407 289 3437 in
305 3408 445 3448 appetitu
463 3408 632 3440 sensitivo?
647 3410 766 3441 Pluries
784 3410 868 3441 enim
883 3410 1051 3451 replicatur
1067 3411 1098 3441 in
1115 3409 1217 3441 littera
1234 3410 1324 3452 quod

258 3461 324 3482 non
348 3452 454 3482 solum
478 3460 522 3484 est
546 3453 576 3483 in
601 3454 746 3485 irascibili
771 3454 898 3495 proprie
922 3462 1067 3495 sumpta,
1092 3455 1147 3485 sed
1171 3455 1267 3486 etiam
1290 3455 1323 3485 in

257 3495 430 3527 voluntate.
455 3497 512 3527 Per
534 3497 595 3527 hoc
619 3498 703 3528 enim
728 3499 866 3530 ostendit
882 3500 971 3540 quod
995 3506 1041 3530 est
1063 3499 1095 3530 in
1113 3506 1246 3540 utraque
1262 3499 1323 3530 ira-

258 3539 367 3570 scibili.
385 3543 431 3570 Ac
447 3550 500 3580 per
520 3540 592 3579 hoc,
609 3549 662 3572 aut
679 3550 752 3573 sunt
771 3543 851 3573 duae
872 3544 1036 3583 superbiae
1053 3543 1155 3584 specie
1173 3543 1322 3581 diversae,

257 3594 394 3625 quarum
418 3594 480 3615 una
505 3592 550 3615 est
573 3585 604 3615 in
628 3586 800 3623 voluntate,
818 3594 847 3618 et
870 3588 929 3618 alia
946 3588 977 3618 in
994 3587 1140 3619 irascibili
1157 3588 1320 3619 sensitiva:

257 3635 312 3659 aut
335 3638 399 3659 una
422 3629 568 3669 superbia
592 3636 637 3660 est
661 3630 829 3661 subiective
860 3631 891 3661 in
917 3638 1049 3672 utraque
1073 3631 1224 3672 potentia.

1435 3277 1472 3308 11.
1489 3277 1672 3308 Secundum
1688 3276 1819 3308 dubium
1834 3275 1851 3296 *
1866 3282 1914 3307 est
1929 3275 1968 3306 ad
1990 3275 2166 3307 hominem.
2190 3275 2275 3314 Quia
2292 3275 2447 3317 superius,

1378 3321 1410 3352 in
1427 3321 1641 3362 praecedentis
1665 3320 1751 3352 Libri
1767 3330 1821 3362 qu.
1838 3330 1899 3355 va.
1916 3326 1973 3350 art.
1987 3319 2006 3350 6
2023 3319 2049 3356 *,
2064 3319 2230 3351 definitum
2247 3327 2295 3351 est
2309 3320 2398 3362 quod
2414 3320 2448 3352 in

1378 3366 1541 3397 voluntate
1565 3365 1652 3396 nulla
1676 3372 1722 3396 est
1736 3364 1835 3396 virtus
1850 3363 1979 3394 moralis
2002 3374 2084 3405 quae
2108 3364 2147 3395 sit
2170 3371 2300 3405 propter
2322 3365 2448 3396 bonum

1378 3410 1524 3447 volentis,
1549 3417 1584 3440 ut
1607 3416 1682 3440 sunt
1703 3408 1834 3439 virtutes
1858 3408 1937 3439 eirca
1961 3408 2141 3448 passiones:
2166 3409 2222 3440 sed
2244 3408 2373 3446 iustitia,
2398 3418 2447 3440 ca-

1378 3454 1461 3491 ritas,
1477 3460 1534 3485 etc.
1566 3453 1744 3491 Quomodo
1768 3462 1854 3483 nunc
1877 3452 1910 3483 in
1932 3453 2096 3484 voluntate
2120 3453 2252 3494 ponitur
2274 3453 2446 3491 humilitas,

1378 3509 1460 3540 quae
1483 3505 1530 3529 est
1553 3497 1634 3530 circa
1655 3497 1838 3537 passionem
1861 3497 1938 3537 spei,
1963 3503 1994 3528 et
2016 3507 2083 3528 non
2097 3498 2136 3528 ad
2151 3497 2288 3535 alteiius,
2313 3498 2367 3528 sed
2390 3497 2446 3529 ha—

1378 3542 1479 3574 bentis
1503 3541 1669 3583 proprium
1694 3539 1835 3572 bonum?
1860 3541 1946 3572 Idem
1971 3541 2057 3572 enim
2081 3549 2127 3573 est
2150 3542 2312 3574 obiectum
2336 3551 2447 3582 super-

1377 3587 1446 3618 biae
1470 3594 1500 3618 et
1523 3585 1724 3617 humilitatis:
1750 3586 1830 3616 sicut
1853 3586 2068 3617 universaliter
2090 3586 2175 3617 idem
2199 3594 2245 3618 est
2268 3586 2446 3618 subiectum

1378 3630 1618 3662 contrariorum.

2485 517 2494 526 ¹·
2509 515 2576 538 Vera.
2591 522 2623 544 25.

2483 782 2493 792 ⁸
2507 781 2574 803 Vei-s.
2588 786 2625 809 34.

2482 1098 2492 1108 ⁸
2499 1097 2555 1119 Loc.
2565 1097 2603 1119 eit.
2612 1096 2636 1118 in
2646 1101 2695 1124 arg.

2580 1151 2595 1181 t

2506 1313 2573 1336 ven.
2587 1310 2609 1336 i.

2480 1414 2555 1469 ῃ.»
2576 1418 2638 1442 ²¹*
2651 1417 2696 1437 ....

2481 2110 2492 2120 ⁸
2498 2109 2555 2132 Loe.
2563 2109 2604 2132 dt.
2611 2108 2636 2132 ln
2645 2115 2694 2139 ιη.

2474 3286 2486 3297 ⁸
2499 3282 2536 3306 Cf.
2546 3290 2610 3309 uun.
2624 3291 2656 3308 n.

2475 3333 2486 3343 ⁸
2498 3333 2536 3356 Ad
2550 3338 2567 3355 ι.
