2768 4198
4 3365 217 3388 ’Comment.uum.

7 3408 149 3441 'hommenh
153 3423 217 3440 num.

260 254 334 290 556

310 334 384 364 Alio
409 334 509 364 modo
530 334 641 375 petitio
666 334 777 365 veniae
795 334 955 364 concurrit
979 340 1014 363 ut
1037 343 1085 363 res
1110 340 1221 363 contra
1245 333 1333 364 resti·
1359 354 1360 357 ,

253 379 413 410 tutionem
437 378 592 410 distincta.
618 379 658 410 Et
682 379 726 410 sic
751 379 872 409 dictum
897 384 943 408 est
967 379 1056 419 quod
1074 388 1140 408 non
1157 384 1204 408 est
1227 387 1333 408 neces-

254 424 343 455 saria.
380 423 546 461 Quoniam
574 424 656 454 sicut
686 423 718 454 in
743 423 852 454 ceteris
883 422 1005 453 iniuriis
1029 422 1145 453 sufficit
1176 422 1333 462 integram

253 469 399 500 exhibere
423 468 681 504 satisfactionem,
708 475 738 498 et
763 478 828 498 non
853 474 980 507 oportet
1005 474 1111 507 petere
1135 467 1272 503 veniam,
1290 467 1333 498 ita

254 522 284 545 et
308 514 339 544 in
365 513 568 544 contumelia.
595 513 679 550 Quia
704 512 790 543 enim
818 512 930 552 petitio
954 512 1074 549 veniae,
1100 512 1182 543 ultra
1207 512 1333 543 restitu-

253 559 376 589 tionem
401 558 542 594 honoris,
565 567 720 588 annexam
745 557 839 588 habet
855 557 1105 588 submissionem
1129 557 1265 598 petentis
1281 567 1333 587 ve-

254 604 356 639 niam,
388 604 427 633 ad
458 613 557 644 quam
586 602 835 633 submissionem
863 612 929 632 non
961 601 1051 632 facile
1083 601 1217 643 quilibet
1250 601 1332 633 flecti

254 655 374 688 potest;
406 648 479 678 ideo
509 647 673 688 prudentis
701 646 759 677 viri
789 646 923 677 consilio
955 647 1154 687 relinquitur,
1188 647 1213 677 si
1242 657 1332 678 casus
1359 649 1360 671 i

253 693 373 723 accidat
397 692 428 722 in
453 703 519 733 quo
544 691 706 732 integritas
734 691 943 722 restitutionis
975 691 1108 723 honoris
1132 691 1231 729 debiti
1255 702 1332 723 con—
1359 699 1360 719 l

1358 739 1360 775 j
1387 735 1419 766 in
1445 736 1495 767 die
1520 736 1621 772 festo,
1647 744 1678 767 et
1701 743 1809 768 tamen
1833 737 2003 769 fluctuaret
2026 739 2066 769 de
2089 741 2262 771 exercenda
2287 751 2374 772 nunc
2397 752 2415 772 a
2440 751 2473 772 se

1358 782 1360 797 ²
1386 781 1580 822 pulsatione,
1604 781 1648 812 ita
1664 782 1754 823 quod
1771 782 1852 813 ratio
1869 783 2051 824 applicandi
2075 793 2108 814 se
2123 785 2163 814 ad
2179 785 2376 826 pulsandum
2397 796 2472 817 cum

251 737 418 768 tumeliam
444 747 538 777 passo
564 737 667 776 exigat
690 736 881 777 petitionem
905 735 1026 767 veniae.

308 827 433 857 Sex-rum
457 836 573 856 mmmm
598 837 662 856 asr.
688 825 756 857 Cur
772 836 877 866 neque
893 826 925 856 in
943 833 1042 862 textu,
1061 835 1166 867 neque
1182 825 1215 856 in
1232 825 1331 857 Com-

252 878 361 901 mento
379 871 477 901 totius
494 871 658 902 Secundae
679 871 853 907 Secundae,
877 878 1027 902 tractatur
1043 872 1082 902 de
1099 871 1225 901 famoso
1246 881 1331 902 mur·
1358 882 1359 902 ι

1358 921 1360 932 ¹
1385 916 1466 947 tudo
1498 916 1694 956 speculativa
1724 916 1912 957 exigeretur,
1943 927 2011 949 non
2042 917 2150 950 solum
2181 919 2294 955 rudes,
2319 919 2376 960 qui
2401 920 2470 951 sola

1358 974 1359 981 ¹
1385 961 1574 992 certitudine
1598 961 1801 992 adhaesionis
1825 961 1947 992 alienae
1971 962 2224 994 doctrinae-sunt
2247 964 2400 1001 contenti,
2415 965 2472 996 sed

252 916 441 947 murationis
464 914 564 947 vitio?

306 961 356 991 Ad
381 961 470 1001 quod
495 960 609 991 dicitur
633 961 722 1001 quod
747 961 960 991 murmuratio
989 971 1055 991 non
1081 968 1127 991 est
1151 971 1252 1001 genus
1277 967 1333 992 aut

250 1006 371 1047 species
395 1006 529 1036 alicuius
546 1006 623 1042 vitii,
641 1006 695 1036 sed
713 1005 823 1036 circuit
840 1006 942 1036 multa
962 1006 1037 1036 vitia
1054 1013 1090 1036 ut
1105 1006 1331 1046 imperfectum
1357 1013 1359 1041 ὲ

1358 1052 1359 1055 ’
1384 1051 1555 1082 innumera
1579 1058 1655 1082 sunt
1678 1051 1775 1082 dubia
1806 1061 1948 1092 quorum
1972 1052 2103 1083 alteram
2134 1060 2258 1093 partem
2282 1053 2327 1084 sic
2351 1054 2471 1095 ample-

249 1052 327 1092 quid
351 1051 384 1081 in
409 1051 518 1081 multis
542 1050 709 1091 speciebus
732 1051 896 1082 vitiorum.
928 1051 970 1082 Et
993 1058 1162 1091 propterea
1186 1062 1252 1082 non
1276 1052 1332 1082 de-

250 1096 319 1127 buit
343 1096 488 1136 specialis
512 1096 551 1126 de
576 1096 833 1126 murmuratione
849 1095 916 1126 fieri
940 1102 1101 1132 tractatus,
1119 1106 1194 1126 cum
1215 1097 1254 1127 de
1279 1107 1331 1137 ge·
1357 1119 1358 1132 Ξ

1357 1138 1358 1162 1
1384 1148 1483 1172 tatem
1507 1141 1702 1182 speculative
1725 1141 1886 1172 evidenter
1902 1141 2053 1178 habeant,
2074 1152 2139 1172 non
2163 1142 2365 1183 pertinaciter
2388 1153 2472 1174 asse-

250 1141 378 1171 neribus
403 1148 434 1171 et
457 1141 623 1181 speciebus
646 1141 799 1172 vitiorum
824 1148 993 1172 tractatum
1018 1148 1074 1172 est.
1094 1141 1207 1182 Neque
1223 1148 1330 1172 tamen

249 1186 375 1216 silentio
395 1186 540 1216 involuta
560 1193 616 1216 est.
633 1186 799 1223 Quoniam
816 1186 1029 1217 murmuratio
1048 1193 1083 1217 ut
1107 1186 1332 1227 imperfectum

248 1231 327 1272 quid
343 1238 436 1261 sonat
451 1231 483 1260 in
500 1230 582 1262 vitiis
599 1231 782 1267 verborum,
804 1238 882 1271 puta
907 1231 1111 1268 contumelia,
1137 1231 1331 1262 detractione
1356 1239 1358 1278 ξ

248 1283 279 1306 et
303 1275 530 1311 susurratione,
555 1282 686 1307 tractata
717 1276 904 1322 intelligitur
922 1276 1003 1307 inter
1026 1276 1230 1318 imperfectas
1255 1287 1331 1307 con·
1356 1279 1358 1291 ²

248 1320 404 1357 tumelias,
430 1320 663 1351 susurrationes
688 1328 718 1352 et
742 1320 963 1352 detractiones.
982 1321 1023 1352 Et
1047 1321 1192 1353 similiter
1219 1329 1331 1363 quate-

248 1376 308 1396 nus
333 1372 425 1396 sonat
448 1364 672 1406 imperfectum
697 1366 775 1406 quid
792 1366 825 1396 in
841 1366 924 1397 vitiis
944 1366 1111 1397 actionum
1134 1367 1185 1397 vel
1208 1366 1331 1407 passio·
1356 1382 1357 1386 =

1356 1414 1357 1430 ³
1383 1412 1507 1443 tionem
1531 1421 1685 1452 magnam
1700 1411 1751 1444 vel
1775 1421 1917 1452 parvam,
1935 1412 1975 1442 ad
1992 1410 2090 1442 fidem
2106 1419 2226 1443 certam
2241 1412 2292 1443 vel
2315 1411 2470 1444 incertam

249 1421 344 1447 num,
369 1411 456 1442 intus
487 1411 538 1441 vel
568 1417 667 1447 extra,
697 1417 734 1441 ut
762 1411 1010 1448 inobedientiae,
1035 1412 1252 1452 impatientiae
1280 1412 1331 1443 vel

248 1455 528 1496 praesumptionis,
546 1462 675 1486 tractata
691 1466 824 1497 quoque
849 1456 1036 1496 intelligitur
1053 1467 1127 1488 cum
1145 1456 1330 1498 imperfecta
1355 1480 1357 1482 v

1355 1520 1357 1538 3
1381 1502 1414 1533 in
1439 1501 1603 1543 singulari.
1628 1501 1660 1532 Si
1685 1501 1772 1532 enim
1795 1500 1967 1542 applicatio
1992 1502 2032 1532 ad
2056 1502 2258 1542 operandum
2290 1509 2373 1533 certa
2405 1508 2468 1537 est,

247 1500 473 1537 inobedientia,
500 1501 707 1541 impatientia,
733 1508 791 1532 etc.

304 1593 463 1623 Summum
478 1601 595 1621 numum
612 1601 677 1621 Esr.
702 1590 790 1628 Quid
806 1591 958 1632 importat
977 1592 1148 1632 scrupulus
1165 1593 1330 1624 conscien-

246 1637 306 1668 tiae
331 1647 398 1677 quo
424 1643 524 1666 stante
548 1635 632 1666 licite
657 1645 829 1676 operamur
852 1634 1063 1676 oppositum?

302 1682 353 1712 Ad
378 1681 439 1711 hoc
464 1680 646 1725 quaesitum
677 1680 846 1720 dupliciter
876 1680 1002 1711 videtur
1033 1682 1072 1712 ab
1102 1682 1171 1713 aliis
1197 1693 1327 1723 respon-

246 1727 323 1757 deri.
349 1725 491 1763 Quidam
512 1724 598 1755 enim
615 1724 874 1765 distinguendam
898 1732 1012 1766 putant
1035 1726 1247 1767 quantitatem
1263 1738 1329 1759 am-

245 1770 422 1812 biguitatis:
448 1770 491 1800 ita
515 1769 615 1811 quod,
641 1780 715 1800 cum
740 1769 813 1811 quis
836 1770 1026 1812 scrupulum
1051 1771 1146 1803 habet
1163 1773 1202 1803 de
1218 1772 1329 1815 aliquo
1354 1774 1356 1787 ³

1354 1831 1356 1858 ,¹
1382 1827 1449 1848 non
1473 1814 1630 1857 significat
1653 1814 1828 1852 scientiam,
1853 1815 1910 1847 sed
1933 1815 2181 1857 applicationem
2206 1815 2403 1858 cogmmnis
2423 1814 2469 1851 ad

244 1823 316 1847 actu
342 1815 528 1851 exercendo,
553 1821 641 1856 puta,
667 1824 706 1844 an
731 1814 823 1850 liceat
846 1814 972 1856 pulsare
991 1815 1024 1846 in
1049 1816 1099 1847 die
1118 1816 1210 1854 festo,
1235 1818 1260 1849 si
1284 1818 1328 1850 sic

244 1861 377 1892 fluctuat
406 1860 496 1902 quod
521 1859 594 1900 plus
618 1865 673 1890 aut
697 1869 798 1901 aeque
823 1860 921 1891 credit
950 1870 1017 1892 esse
1045 1861 1209 1899 illicitum,
1239 1873 1328 1895 scru-

243 1906 341 1948 pulus
365 1912 411 1936 est
434 1915 501 1947 quo
529 1911 631 1936 stante
662 1914 727 1935 non
751 1904 824 1935 licet
847 1905 905 1935 sibi
935 1906 1061 1948 pulsare
1091 1906 1123 1937 in
1153 1907 1204 1938 die
1228 1907 1326 1946 festo;

243 1951 268 1982 si
293 1961 369 1981 vero
394 1950 467 1991 plus
491 1949 590 1980 credit
612 1949 737 1980 licitum
762 1959 846 1987 esse,
872 1960 947 1981 cum
979 1950 1188 1984 haesitatione
1219 1960 1327 1986 tamen

242 1995 354 2032 illiciti,
380 1995 561 2036 scrupuluS.
586 1994 751 2036 inquiunt,
775 2002 821 2026 est
845 2005 912 2037 quo
937 2002 1039 2028 stante
1062 1996 1187 2028 licitum
1211 2005 1259 2030 est
1281 1998 1328 2030 ini

243 2041 370 2082 pulsare
394 2040 427 2071 in
452 2039 501 2071 die
526 2038 618 2070 festo.

299 2085 504 2124 Quibusdam
532 2090 640 2116 autem
671 2084 796 2116 videtur
824 2085 863 2115 ad
892 2085 1049 2117 rationem
1079 2086 1183 2119 licitae
1215 2098 1329 2130 opera—

242 2131 340 2163 tionis
364 2131 445 2175 exigi
468 2129 565 2170 fidem
590 2137 708 2169 certam
732 2130 954 2167 excludentem
982 2141 1115 2163 omnem
1143 2132 1328 2165 haesitatio-

243 2185 336 2208 nem:
363 2175 518 2217 alioquin,
543 2175 688 2217 periculo
712 2175 863 2216 peccandi
889 2183 999 2208 contra
1023 2177 1253 2210 conscientiam
1276 2189 1327 2211 ex-

242 2228 377 2263 poneret
400 2231 433 2252 se
458 2231 594 2261 operans
610 2230 686 2251 cum
703 2220 873 2251 formidine
897 2221 1026 2252 alterius
1043 2222 1150 2263 partis.
1176 2223 1218 2254 Et
1240 2225 1327 2266 apud

242 2268 330 2304 istos,
355 2266 526 2307 scrupulus
546 2273 656 2297 contra
672 2275 771 2307 quem
795 2266 868 2296 licet
891 2276 993 2307 agere,
1014 2277 1081 2298 non
1097 2275 1143 2299 est
1158 2268 1327 2300 haesitatio

243 2312 350 2354 aliqua
389 2311 428 2347 de
457 2310 626 2356 opposito:
651 2311 706 2342 sed
738 2309 884 2346 consistit
914 2311 1025 2352 potius
1047 2311 1081 2342 in
1105 2313 1248 2354 quadam
1271 2324 1328 2355 ap-

245 2356 398 2398 parentia.

299 2401 378 2432 Mihi
403 2407 512 2439 autem
527 2399 665 2432 occurrit
688 2398 861 2430 dicendum
878 2400 978 2441 quod,
996 2400 1061 2432 sive
1085 2402 1255 2443 scrupulus
1272 2412 1328 2435 oc-

243 2453 347 2478 currat
370 2456 407 2477 ex
431 2452 520 2487 parte
548 2445 719 2486 appetitus,
744 2451 780 2476 ut
804 2444 960 2485 contingit
986 2445 1173 2478 timentibus
1197 2457 1327 2488 peccare

242 2491 275 2522 in
300 2491 412 2532 aliquo
435 2497 520 2528 actu,
545 2498 575 2522 et
598 2489 745 2522 nesciunt
768 2498 886 2530 quare;
911 2489 976 2521 sive
1001 2501 1038 2522 ex
1061 2498 1150 2532 parte
1176 2492 1325 2530 rationis,

243 2543 278 2567 ut
302 2535 458 2576 contingit
474 2535 524 2566 his
547 2535 604 2577 qui
629 2545 664 2566 ex
689 2534 796 2576 aliqua
820 2534 944 2567 ratione
962 2546 1089 2577 magna,
1106 2537 1260 2573 mediocri
1276 2537 1327 2569 vel

241 2580 303 2611 levi
327 2580 503 2612 fluctuant:
525 2580 719 2622 distinguere
735 2586 866 2622 oportet
881 2580 920 2612 de
936 2581 1049 2618 modo,
1073 2592 1114 2612 an
1137 2581 1327 2614 huiusmodi

242 2625 408 2657 haesitatio
439 2635 495 2657 seu
526 2623 688 2659 vacillatio
712 2625 752 2657 sit
778 2625 879 2658 modo
911 2625 1124 2666 speculativo,
1148 2627 1198 2658 vel
1226 2628 1327 2659 modo
1351 2617 1354 2658 i

837 253 1246 291 RESPONSIONES
1276 253 1599 292 CARDINALIS
1629 256 1884 294 CAIETANI

1389 333 1545 373 practico;
1570 334 1633 366 hoc
1656 342 1712 371 est,
1733 346 1774 367 an
1791 336 1915 367 dubitat
1931 337 1970 367 de
1986 336 2074 367 licito
2090 337 2141 368 vel
2156 337 2267 368 illicito
2292 339 2471 370 secundum

1390 387 1432 414 se,
1450 378 1551 421 velut
1574 385 1622 416 eat
1645 379 1726 411 ratio
1751 381 1856 421 operis
1880 381 1929 411 sui
1954 381 2005 412 hic
2029 389 2060 412 et
2084 391 2170 412 nunc
2185 381 2211 413 *.
2236 382 2321 413 Nam
2349 382 2375 414 si
2399 384 2472 426 quis

1390 422 1548 454 dubitaret
1571 434 1611 454 an
1636 424 1762 464 pulsare
1786 425 1818 455 in
1844 425 1894 456 die
1918 425 1999 456 festo
2024 426 2064 457 sit
2086 426 2210 457 licitum
2233 427 2283 458 vel
2306 427 2471 466 illicitum,

1389 473 1419 497 et
1443 474 1550 498 tamen
1575 478 1641 498 non
1666 469 1825 500 dubitaret
1840 470 1899 500 sibi
1917 477 1993 501 tunc
2015 481 2082 501 esse
2098 471 2222 502 licitum
2245 472 2388 512 pulsare:
2414 473 2472 504 iste

1389 522 1455 542 non
1478 521 1623 552 peccaret
1644 513 1815 554 pulsando,
1837 522 2138 557 quantumcumque
2168 526 2284 556 magna
2308 524 2390 548 esset
2413 518 2471 548 du-

1388 556 1502 594 bitatio
1534 558 1620 598 apud
1653 558 1793 591 eundem
1817 558 1855 590 de
1879 566 1952 590 actu
1980 561 2129 600 pulsandi
2153 561 2332 592 secundum
2356 572 2406 599 se,
2431 573 2472 593 an

1359 603 1361 619 ἰ
1388 602 1428 632 sit
1457 601 1562 632 licitus
1585 602 1635 632 vel
1659 602 1807 640 illicitus;
1833 610 1864 634 et
1891 603 2035 635 similiter
2058 612 2359 647 quantumcumque
2391 614 2473 638 esset

1388 646 1547 677 maximus
1571 646 1669 677 timor
1693 647 1732 678 de
1756 648 1882 679 eodem.
1899 648 1941 679 Et
1963 659 2020 689 per
2042 651 2242 691 oppositum,
2259 651 2285 682 si
2302 651 2375 692 quis
2391 659 2473 683 esset

1387 691 1582 726 certissimus
1607 692 1645 723 de
1669 699 1740 723 actu
1765 693 1915 733 pulsandi
1932 694 2111 725 secundum
2130 705 2163 726 se
2184 696 2274 737 quod
2299 703 2346 727 est
2367 696 2472 727 licitus

1386 826 1595 866 ambiguitate
1623 826 1772 867 applicat,
1804 826 1912 858 illicite
1935 827 2008 868 quis
2032 828 2183 868 pulsaret.
2208 830 2396 862 Intellectus
2431 831 2472 862 si-

1386 871 1519 912 quidem
1542 872 1761 912 speculativus
1777 872 1857 902 nihil
1879 872 1957 903 dicit
1978 873 2018 904 de
2033 873 2198 913 operando
2213 873 2239 905 *.
2265 873 2306 906 Et
2330 875 2355 905 si
2381 875 2471 906 certi-

1385 1007 1535 1037 doctores
1559 1006 1699 1036 aliorum
1723 1006 1844 1046 passim
1868 1007 2012 1047 periculo
2030 1017 2062 1037 se
2079 1017 2292 1048 exponerent:
2318 1018 2357 1040 eo
2381 1010 2472 1050 quod

1385 1103 1515 1127 ctuntur
1540 1103 1575 1127 ut
1598 1095 1719 1137 absque
1747 1096 1900 1137 scrupulo
1925 1104 2115 1137 operentur,
2141 1105 2172 1128 et
2195 1105 2303 1129 tamen
2326 1109 2367 1129 an
2390 1099 2470 1130 veri-

1385 1194 1470 1218 runt.
1487 1186 1634 1228 Difficile
1657 1186 1754 1223 enim,
1771 1186 1876 1227 inquit
1893 1186 2078 1217 Aristoteles
2093 1187 2119 1223 *,
2136 1192 2183 1218 est
2199 1197 2293 1219 nosse
2310 1197 2345 1219 se
2366 1189 2472 1219 scire:

1384 1233 1461 1273 quia
1485 1231 1621 1273 difficile
1645 1236 1692 1262 est
1715 1231 1901 1262 discernere
1924 1241 1964 1262 ac
1986 1233 2070 1263 scire
2093 1242 2136 1263 an
2153 1242 2196 1263 ex
2211 1234 2371 1273 propriis,
2397 1240 2469 1271 etc„

1383 1278 1475 1308 sciat.
1506 1276 1547 1308 Et
1575 1275 1739 1307 diversitas
1768 1275 1837 1316 ipsa
1869 1275 2066 1317 opinionum
2098 1277 2178 1308 circa
2207 1277 2342 1318 aliquod
2366 1287 2470 1308 unum

1384 1329 1457 1357 nata
1482 1327 1530 1352 est
1551 1321 1682 1353 reddere
1703 1320 1902 1353 intellectum
1925 1321 2160 1362 speculativum
2185 1329 2363 1353 nutantem.

1439 1367 1515 1397 Non
1540 1374 1586 1397 est
1613 1376 1688 1406 ergo
1714 1366 1745 1396 in
1771 1365 1834 1397 hoc
1860 1366 2006 1407 quaesito
2035 1367 2247 1407 spectandum
2272 1367 2311 1398 ad
2334 1367 2470 1398 haesita-

1383 1457 1423 1488 de
1446 1457 1534 1488 licito
1567 1456 1618 1487 vel
1641 1455 1753 1487 illicito
1782 1456 1942 1487 absolute:
1975 1457 2030 1487 sed
2055 1457 2094 1487 ad
2123 1456 2282 1488 rationem
2313 1455 2469 1498 operandi

1383 1546 1542 1589 quidquid
1566 1553 1634 1577 tam
1657 1546 1690 1576 in
1713 1545 1836 1577 ratione
1861 1556 1961 1587 quam
1981 1546 2013 1576 in
2038 1546 2183 1587 appetitu
2207 1546 2357 1583 fluctuet,
2382 1556 2471 1578 scru—

1355 1591 1356 1595 ’
1380 1593 1478 1633 pulus
1510 1598 1557 1622 est
1580 1601 1647 1632 quo
1678 1598 1780 1622 stante
1805 1591 1889 1622 licite
1914 1591 2104 1632 oppositum
2130 1601 2316 1632 operamur.
2350 1591 2382 1623 Si
2411 1601 2469 1622 au-

1382 1644 1447 1668 tem
1472 1636 1645 1677 applicatio
1665 1636 1733 1676 ipsa
1757 1636 1797 1666 ad
1822 1646 1906 1676 opus
1922 1635 2056 1667 fluctuat
2071 1636 2152 1667 circa
2168 1643 2293 1668 rectum
2312 1636 2362 1667 vel
2386 1635 2470 1668 obli-

1355 1671 1356 1709 Ῑ
1382 1691 1486 1727 quum
1506 1681 1616 1718 moris,
1633 1681 1806 1721 scrupulus
1821 1688 1868 1713 est
1883 1681 2096 1716 conscientiae
2119 1688 2230 1715 contra
2246 1691 2346 1724 quem
2360 1681 2469 1713 illicite

1354 1726 1356 1771 J
1381 1727 1497 1768 agitur,
1521 1733 1553 1757 et
1577 1725 1752 1766 obliquitas
1769 1725 1901 1757 moralis
1925 1725 2107 1760 incurritur.

1438 1771 1533 1804 Ratio
1558 1777 1667 1807 autem
1691 1769 1812 1806 horum
1835 1777 1893 1808 est,
1917 1770 1994 1812 quia
2018 1770 2050 1802 in
2075 1768 2244 1823 proposito
2271 1769 2468 1806 conscientia

1381 1871 1463 1904 opus
1478 1861 1695 1894 exercendum
1707 1859 1736 1892 ⁴¹.
1751 1859 1794 1892 Et
1809 1867 1979 1901 propterea
1994 1860 2166 1902 scrupulus
2181 1859 2469 1905 conscientiaefqui

1354 1901 1355 1911 ¹
1382 1917 1438 1949 per
1461 1917 1495 1938 se
1519 1906 1699 1948 opponitur
1729 1904 1952 1943 conscientiae,
1976 1905 2009 1936 in
2033 1905 2102 1946 ipsa
2125 1902 2341 1950 applicatione
2364 1903 2468 1946 cona·-

1381 1952 1451 1984 stit:
1471 1959 1503 1984 et
1526 1951 1641 1984 eadem
1663 1950 1797 1988 ratione,
1823 1949 1994 1992 scrupulus
2019 1949 2126 1982 omnis
2141 1949 2181 1982 ad
2197 1949 2303 1992 ipsam
2326 1948 2467 1994 applica-

1380 1997 1504 2029 tionem
1521 2007 1587 2028 non
1604 2006 1637 2029 se
1653 1996 1836 2032 extendens,
1857 1994 2071 2028 conscientiae
2088 2005 2155 2029 non
2171 1994 2360 2037 opponitur.
2382 1990 2468 2034 Hinc

1381 2042 1468 2074 enim
1492 2041 1528 2073 fit
1555 2048 1591 2073 ut
1622 2040 1782 2072 vacillatio
1816 2040 2030 2072 conscientiae
2053 2040 2087 2071 in
2110 2039 2326 2081 applicatione
2361 2037 2468 2071 conai-

1381 2094 1467 2119 stens
1498 2086 1679 2119 deformem
1707 2086 1818 2118 reddat
1846 2085 2024 2119 actionem:
2055 2085 2213 2127 quoniam
2235 2083 2271 2116 fit
2293 2084 2467 2126 applicatio

1381 2133 1483 2164 modo
1499 2141 1567 2174 quo
1584 2142 1651 2163 non
1667 2131 1772 2163 debet.
1797 2130 1900 2164 Debet
1915 2130 2003 2163 enim
2018 2129 2163 2172 potentia
2186 2126 2350 2163 rationalis
2365 2129 2467 2171 deter-
2488 2166 2491 2169 ,
2539 2166 2542 2169 Δ

1381 2177 1497 2212 minari
1519 2177 1560 2208 ad
1584 2186 1699 2215 unum,
1725 2175 1751 2208 si
1774 2182 1858 2207 recte
1881 2175 1965 2207 exire
1990 2175 2083 2208 debet
2106 2174 2139 2207 in
2163 2181 2287 2211 actum:
2309 2171 2466 2221 alioquin,

1381 2222 1556 2254 discrimini
1581 2221 1753 2262 exponitur
1783 2220 1952 2263 utriusque
1980 2219 2140 2262 oppositi,
2163 2219 2190 2253 si
2213 2215 2468 2265 fluctuantem!

1379 2267 1453 2310 quis
1476 2267 1587 2299 utitur.
1608 2265 1784 2301 Fluctuans
1807 2265 1914 2303 enim,
1939 2272 2099 2308 quantum
2122 2263 2205 2306 sapit
2227 2262 2466 2304 fluctuationis,
2506 2294 2508 2300 ,
2538 2292 2547 2298 ,,
2565 2288 2578 2292 ⁷>

1379 2319 1507 2344 tantum
1530 2311 1613 2352 sapit
1638 2310 1964 2345 indeterminationis:
1990 2320 2027 2341 ac
2050 2319 2107 2351 per
2129 2309 2202 2348 boc,
2218 2306 2352 2344 indebiti
2373 2304 2466 2344 mo&

1380 2367 1401 2390 o
1427 2356 1547 2389 eraudi.

1403 2367 1424 2398 p
1436 2401 1478 2434 Et
1501 2401 1564 2435 hoc
1587 2401 1701 2432 ambae
1717 2410 1814 2441 supra
1838 2399 1940 2434 dictae
1956 2398 2132 2440 opiniones,
2147 2397 2229 2432 forte
2245 2398 2464 2436 intendebam.

1379 2447 1487 2480 Prima
1521 2445 1608 2483 enim
1639 2445 1680 2477 ad
1711 2444 1956 2476 haesitationem
1990 2443 2170 2480 intellectus
2205 2442 2240 2479 in
2272 2453 2305 2477 se
2337 2442 2465 2480 videtur

1379 2491 1563 2533 respexisse.
1587 2491 1736 2524 Secunda
1759 2497 1869 2522 autem
1884 2489 1924 2520 de
1947 2487 2022 2520 fidei
2045 2487 2234 2524 certitudine
2253 2495 2290 2520 ut
2313 2494 2360 2520 est
2382 2486 2464 2521 ratio

1380 2536 1498 2578 operis,
1522 2535 1729 2577 intelligenda
1753 2541 1810 2567 est.

1434 2582 1522 2615 Bene
1545 2581 1625 2618 vale,
1650 2587 1681 2612 et
1705 2590 1762 2612 ora
1785 2589 1845 2621 pro
1870 2589 1933 2611 me.

1436 2627 1572 2663 Romae,
1598 2636 1617 2667 9
1641 2624 1824 2662 Februarii,
1850 2634 1937 2656 anno
1961 2622 2080 2657 Salutis
2110 2623 2206 2655 1521.

1329 2717 1386 2759 11.

1138 2806 1307 2835 EIUSDEM
1329 2807 1384 2835 AD
1405 2805 1569 2835 EUNDEM

962 2883 1084 2911 SUPER
1107 2882 1283 2917 QUINQUE
1304 2882 1506 2917 QUAESlTlS
1527 2879 1744 2910 RESPONSIO

420 2970 552 3004 masas,
572 2959 759 2991 Venerande
779 2959 880 2995 Pater,
901 2957 1084 2999 frequenter
1107 2967 1159 2988 me
1183 2957 1244 2998 piis
1268 2958 1326 2989 du—

423 3031 427 3034 .
471 3004 691 3041 bitationibus,
712 3014 779 3035 non
803 3010 839 3035 ut
861 3003 974 3039 discas,
998 3003 1058 3044 qui
1078 3002 1159 3034 alios
1186 3002 1326 3043 gloriose

438 3060 451 3069 ·’
472 3050 568 3080 doces
585 3056 615 3080 et
631 3050 730 3080 verbo
749 3055 781 3080 et
803 3048 940 3089 scripto:
965 3049 1020 3078 sed
1037 3055 1074 3079 ut
1092 3047 1247 3088 explicem
1265 3057 1325 3089 po-

427 3090 437 3137 ,¹
471 3094 535 3125 tius
558 3104 691 3125 oensum
713 3103 834 3126 meum.
860 3093 964 3130 Unde,
989 3092 1109 3124 caritati
1136 3099 1209 3124 tuae
1234 3091 1324 3123 satia-

400 3135 402 3142 '
472 3138 573 3170 facere
586 3139 729 3180 cupiens,
743 3137 919 3180 propositis
931 3137 1174 3179 quaestionibus
1189 3137 1326 3169 breviter

245 3184 437 3224 respondem
463 3184 580 3216 curavi.

300 3273 440 3310 Quantus
463 3282 551 3304 aaoo-
570 3282 677 3309 ramo,
703 3271 807 3303 curin
823 3271 1073 3304 Commentariis
1096 3270 1213 3302 nostrie
1226 3280 1324 3311 super

245 3317 390 3348 Secunda
414 3317 588 3354 Secundae,
612 3317 799 3358 quaestione
823 3316 1092 3357 trigesimaoertim
1118 3315 1252 3347 articulo
1275 3325 1322 3346 se-

246 3362 363 3399 cundo,
387 3362 419 3392 in
443 3362 653 3403 responsione
675 3362 715 3392 ad
738 3361 868 3393 tertium
882 3362 910 3398 *,
935 3368 966 3392 et
989 3360 1179 3402 quaestione
1193 3366 1323 3401 octoge-

245 3406 426 3442 simatertia,
451 3406 585 3438 articulo
609 3406 846 3443 decimotertio,
871 3406 906 3437 in
926 3405 990 3437 fine
1004 3406 1041 3442 *,
1065 3405 1260 3447 permittitur
1282 3405 1322 3436 ai-

246 3450 316 3482 mul
339 3457 420 3481 stare
442 3451 619 3482 hommem
633 3451 873 3483 substantialem
889 3459 985 3492 atque
1004 3450 1127 3482 veniale
1143 3458 1320 3492 peccatum.

248 3495 324 3526 inde
350 3504 490 3536 namque
514 3505 704 3536 consurgere
727 3495 854 3527 videtur
880 3502 917 3526 ut
942 3495 1046 3526 iustus
1069 3495 1104 3526 in
1125 3495 1214 3526 bono
1239 3504 1321 3536 quo-

247 3540 322 3572 libet
342 3549 448 3580 opere,
466 3540 508 3570 ob
532 3540 675 3581 aliquam
698 3540 894 3572 accidentem
916 3539 1202 3580 imperfectionem,
1225 3539 1321 3573 simul

248 3591 406 3616 mereatur
420 3590 452 3615 et
470 3591 578 3624 peccet
596 3584 775 3615 venialiter:
795 3591 832 3615 ut
848 3584 1033 3615 Lutheriani
1049 3583 1178 3615 noviter>
1189 3584 1322 3624 dogma—

247 3629 354 3661 tizan&

1438 2957 1523 2988 Huic
1547 2955 1694 2998 quaesito
1719 2955 1931 2996 respondetur
1945 2954 2099 2996 primum,
2123 2962 2190 2985 non
2214 2962 2283 2985 esse
2300 2953 2335 2984 in
2358 2952 2459 2986 Com-

1379 3002 1541 3033 mentariis
1565 3000 1682 3032 nostris
1705 3000 1862 3042 scriptum
1877 3009 1981 3031 unum
1998 3006 2095 3040 atque
2110 2998 2250 3030 eanchm
2273 3004 2383 3030 acum
2397 3007 2460 3030 nu·

1379 3057 1469 3078 mero
1493 3056 1561 3078 esse
1585 3046 1684 3078 siinul
1706 3046 1833 3076 bonum
1855 3044 2003 3076 bonitate,
2021 3042 2181 3075 menffli
2202 3049 2237 3074 et
2257 3042 2382 3074 malum
2404 3053 2459 3075 ve·

1378 3091 1516 3127 nialiter:
1550 3098 1586 3123 ut
1616 3097 1702 3132 patet
1725 3089 1872 3121 intuenti.
1904 3090 1988 3120 Nam
2017 3088 2050 3120 in
2082 3087 2188 3129 ptimo
2214 3087 2289 3119 loco
2319 3087 2458 3129 anag-to

1377 3143 1545 3177 peccatum
1561 3135 1684 3167 veniale
1699 3134 1815 3166 dicitur
1837 3133 1988 3166 omiea'o:
2006 3132 2134 3164 bonin-
2151 3138 2260 3163 autem
2283 3132 2458 3167 mentia&

1376 3182 1516 3212 salvatur
1538 3181 1572 3211 in
1596 3180 1706 3211 animo
1723 3190 1779 3211 seu
1803 3179 1835 3210 in
1859 3178 1983 3211 virtutis
1999 3177 2121 3208 habitu.
2146 3176 2182 3207 In
2207 3177 2350 3208 secundo
2373 3187 2456 3221 quo-

1376 3235 1442 3268 que
1463 3226 1538 3257 loco
1562 3225 1690 3256 bonite«
1712 3223 1847 3265 ponitur
1868 3223 1901 3255 in
1924 3221 2184 3254 aemon-ationis:
2208 3228 2378 3262 peccatum
2401 3232 2457 3254 au-

1376 3278 1443 3302 tem
1465 3270 1590 3302 veniale
1613 3269 1646 3301 in
1670 3268 1858 3301 emisione.
1934 3278 1935 3281 ’

1432 3315 1556 3347 Deinde
1572 3315 1698 3351 dicitur,
1715 3314 1756 3345 ad
1778 3321 1850 3344 vem
1861 3311 1970 3353 potius
1986 3311 2164 3352 spectando
2176 3320 2277 3353 quam
2293 3311 2339 3342 ad·
2346 3311 2455 3349 verba,

1375 3361 1466 3402 quod
1488 3369 1605 3400 magna
1628 3365 1675 3390 eet
1697 3356 1874 3389 &fluenda
1893 3355 1975 3387 inter
1998 3356 2055 3387 has
2078 3356 2158 3388 duas
2189 3355 2454 3393 combinationes,

1376 3404 1509 3442 scilicet,
1533 3405 1709 3436 bonitatem
1730 3401 1976 3434 substantialem
2000 3410 2073 3432 cum
2091 3405 2228 3442 pexam
2250 3401 2387 3439 veniali,
2412 3406 2454 3438 et,

1376 3451 1528 3481 meritum
1544 3458 1621 3480 cum
1635 3451 1771 3489 peceato
1795 3446 1924 3477 veniali.
1944 3446 2029 3477 Nam
2050 3445 2154 3487 prima
2173 3444 2372 3477 combinatio
2395 3444 2454 3476 fre-

1376 3501 1511 3536 quenter
1533 3492 1631 3524 simul
1646 3490 1807 3523 eonem-it
1821 3490 1855 3521 in
1871 3491 1987 3522 eodem
2003 3499 2143 3522 numero
2156 3497 2238 3527 actu,
2263 3490 2344 3520 dum
2359 3498 2454 3530 saepe

1377 3538 1512 3570 facimus
1535 3543 1624 3568 acme
1647 3535 1810 3567 momliter
1833 3536 1938 3567 bonos
1961 3544 1999 3566 ex
2022 3545 2083 3566 suo
2107 3543 2222 3576 genere
2247 3543 2327 3566 eum
2345 3533 2453 3575 aliqua

1376 3580 1610 3614 meumst-ntia
1626 3580 1788 3612 moraliter*
1803 3581 1904 3612 mala:
1922 3583 1958 3611 ut
1973 3589 2049 3611 cum
2072 3579 2146 3623 quia
2161 3578 2264 3611 reddit
2287 3584 2451 3623 mum,

1346 3637 1351 3656 ι
1377 3636 1443 3658 non
1466 3634 1573 3658 tamen
1597 3635 1635 3656 ea
1658 3625 1812 3657 hibaritate
1828 3635 1893 3667 qua
1913 3624 2015 3661 debet,
2041 3631 2072 3656 et
2095 3624 2139 3655 sic
2154 3624 2195 3655 de
2208 3623 2289 3655 aliie.
2306 3622 2453 3654 secund·

2501 389 2553 412 ‘Cf.
2561 390 2603 412 1⁸¹⁶
2614 391 2659 412 11⁸⁸
2677 398 2716 419 qu.

2501 421 2603 465 ξέἧῖιτῐ.
2614 424 2635 445 5,
2649 407 2717 440 dom-

2502 881 2508 888 ·
2523 878 2623 901 Aristot.
2639 879 2670 901 de
2681 879 2714 901 A·

2499 906 2576 933 nirna,
2605 906 2650 940 lib..
2669 905 2700 928 111
2707 922 2714 933 ,

2499 938 2526 981 {¹}
2545 949 2550 954 ·
2571 938 2641 982 {¹13⁶ss
2651 939 2714 982 233?

2498 1187 2612 1237 {igniun-
2619 1188 2713 1211 mer.

2498 1247 2518 1269 7.
2533 1231 2547 1258 ·.
2562 1221 2712 1265 miza:

2496 1273 2564 1291 tvm.

2565 1859 2676 1910 2}

2587 1890 2623 1910 Ξ
