2768 4198
28 931 40 944 ·
54 929 196 959 rapam.

945 271 1212 317 QUAESTIO
1242 271 1379 317 CLXI,
1408 261 1712 309 ARTlcuLus
1739 271 1775 308 v

2381 273 2454 309 305

320 352 408 382 Tum
432 351 534 381 tertio.
566 350 648 380 Illud
672 350 759 390 quod
784 349 913 380 inclinat
936 349 968 379 in
993 357 1080 380 actus
1105 350 1253 381 omnium
1272 350 1334 380 vir·
1361 350 1364 368 ¹
1390 350 1508 381 ibidem
1523 350 1549 382 *.
1574 351 1657 381 Nam
1682 360 1719 381 ex
1741 350 1799 380 hac
1824 349 1996 386 solutione,
2013 350 2168 380 Martinus
2192 350 2305 390 inquit,
2330 350 2464 381 habetur

265 403 388 432 tutum,
413 394 548 436 positive
572 401 602 424 et
625 394 740 424 directe
764 400 810 424 est
838 393 1084 425 fundamentum
1107 395 1278 431 virtutum,
1304 402 1335 425 et
1362 406 1363 439 1
1391 396 1568 431 intentum,
1592 395 1710 426 scilicet
1732 394 1822 436 quod
1849 394 2014 425 humilitas
2038 394 2077 424 sit
2100 394 2267 434 potissima
2296 395 2464 426 virtutum.

265 451 331 472 non
354 437 480 470 tantum
493 438 578 479 ,quia
601 444 744 468 removet
768 438 949 477 prohibens.
978 438 1039 469 Sed
1063 438 1242 475 humilitas,
1268 449 1335 469 me·
1362 445 1363 479 1
1391 441 1511 477 Primo,
1529 439 1604 481 quia
1620 439 1673 470 illa
1690 439 1788 470 virtus
1805 448 1886 480 quae
1901 438 1959 469 sibi
1976 438 2161 479 appropriat
2182 439 2359 469 maximum
2375 449 2464 479 prae-

265 485 370 516 diante
393 493 453 514 suo
470 489 542 514 actu
567 482 683 518 elicito,
700 482 831 513 inclinat
851 482 883 512 in
901 489 988 513 actus
1006 483 1153 513 omnium
1169 483 1333 515 virtutum.
1362 482 1364 531 ᾗ
1391 485 1504 520 mium,
1529 491 1575 515 est
1599 484 1737 514 maxima
1768 483 1877 515 virtus.
1910 483 1972 514 Sed
1995 483 2158 514 humilitas
2189 483 2374 524 appropriat
2405 483 2464 514 sibi

265 530 361 570 Ergo.
386 546 407 550 -
429 527 532 558 Maior
555 533 601 557 est
621 533 714 557 certa.
737 543 755 549 —
779 526 820 557 Et
844 527 949 557 minor
972 528 1133 567 probatur.
1159 528 1244 565 Quia
1260 538 1334 559 con·
1362 551 1364 566 ‚

266 580 406 613 temptus
429 581 536 603 rerum
552 577 751 602 externarum
771 577 802 601 et
820 571 869 601 sui
889 571 1018 602 inclinat
1033 572 1066 602 in
1083 578 1170 602 actus
1187 573 1336 603 omnium
1362 572 1363 597 1

265 619 432 649 virtutum.

321 661 433 693 XVIII.
458 660 510 691 Ad
525 660 588 690 hoc
605 659 740 690 dubium
757 659 991 699 respondendo,
1009 660 1123 691 dicitur
1139 661 1176 690 ad
1191 662 1335 701 primum
1362 659 1364 695 ἰ

266 711 491 747 argumentum
513 704 603 745 quod
618 703 651 734 in
667 703 769 734 littera
788 703 950 734 humilitas
966 712 1170 745 comparatur
1185 705 1336 736 omnibus
1362 711 1363 734 ἐ

266 749 444 785 virtutibus,
469 756 499 779 et
523 758 590 779 non
606 748 781 779 moralibus
805 755 945 779 tantum:
971 755 1006 779 ut
1028 756 1114 789 patet
1132 749 1268 780 intuenti
1286 749 1336 780 lit-

266 802 376 826 teram.
401 793 499 831 Quod
518 793 544 823 si
559 793 627 833 ipse
643 792 798 823 Martinus
814 793 853 822 ad
868 793 1003 823 morales
1021 800 1145 824 tantum
1162 800 1336 833 comparat,

266 838 324 870 sibi
348 838 409 879 ipsi
431 837 569 878 imputet
591 837 617 867 si
641 837 900 868 universaliorem
923 837 1072 868 Auctoris
1095 838 1337 879 responsionem

266 883 306 914 ad
330 893 386 914 sua
410 882 527 913 trahat:
553 889 583 912 et
606 891 673 912 non
690 881 900 912 calumnietur
918 882 1161 922 responsionem
1176 883 1335 914 Auctoris.

321 928 372 958 Ad
387 926 563 958 secundum
581 925 695 957 dicitur
711 926 879 966 dupliciter
889 925 916 957 *.
939 926 1058 963 Primo,
1072 927 1161 968 quod
1180 927 1261 957 sicut
1277 934 1337 958 stat
1362 929 1363 939 ¹

267 972 406 1003 eundem
421 981 488 1002 esse
505 981 635 1001 avarum
650 977 681 1001 et
696 971 869 1010 prodigum
887 971 1064 1002 secundum
1081 971 1220 1002 diversos
1237 978 1336 1008 actus,
1362 969 1364 998 ἶ

266 1016 309 1047 ita
333 1023 395 1047 stat
418 1015 557 1046 eundem
577 1024 643 1045 esse
667 1016 842 1055 superbum
865 1021 896 1045 et
919 1015 1106 1055 depressum
1129 1016 1272 1056 respectu
1290 1016 1336 1046 di-

267 1069 449 1092 versorum:
481 1066 559 1100 puta
588 1060 677 1100 quod
701 1060 741 1090 sit
764 1059 920 1100 superbus
948 1067 1091 1100 respectu
1115 1060 1336 1092 excellentium

267 1115 414 1145 operum,
439 1105 559 1145 absque
580 1103 630 1134 sui
646 1103 862 1144 recognitione
881 1103 1002 1143 ingerat
1017 1113 1049 1134 se
1065 1104 1226 1140 maximis3
1251 1111 1282 1135 et
1301 1115 1338 1135 ex

267 1149 328 1180 alia
350 1156 453 1190 parte,
477 1149 518 1179 ad
541 1148 647 1189 aliqua
671 1158 784 1188 parva,
809 1154 887 1188 puta
910 1148 950 1178 ad
973 1157 1010 1178 ea
1038 1158 1120 1188 quae
1148 1155 1223 1178 sunt
1246 1158 1337 1179 man-

267 1193 359 1230 sueti,
376 1200 447 1229 etc.,
471 1192 615 1224 exhibeat
637 1202 670 1223 se
694 1193 888 1232 depressum.
914 1192 955 1222 Et
977 1193 1154 1222 secundum
1179 1193 1254 1228 hoc,
1280 1192 1337 1223 fal-

267 1248 340 1270 sum
364 1245 410 1269 est
433 1237 631 1273 antecedens,
655 1237 744 1277 quod
767 1235 955 1277 oppositum
969 1235 1084 1267 vitium
1098 1237 1274 1267 necessario
1291 1247 1337 1268 re-

267 1289 376 1314 movet
398 1292 436 1312 su
462 1281 595 1321 erisiam:
619 1281 695 1322 quia
718 1287 778 1312 stat
802 1290 877 1311 cum
899 1280 978 1320 ipsa.
1002 1280 1096 1311 Ratio
1112 1287 1220 1310 autem
1239 1291 1337 1322 quare

266 1293 459 1358 huiusmodi
477 1325 553 1357 vitia
580 1325 735 1356 contraria
763 1334 830 1355 non
857 1334 890 1355 se
918 1324 1055 1355 totaliter
1083 1325 1266 1362 excludant,
1292 1332 1338 1356 est

234 1396 240 1401 .
267 1371 343 1413 quia
366 1371 488 1402 malum
511 1371 680 1411 consurgit
707 1379 750 1400 ex
772 1369 1031 1410 particularibus
1052 1369 1229 1410 defectibus
1246 1370 1277 1406 *‚
1301 1380 1337 1401 ac

209 1418 241 1456 ’ζ
267 1426 324 1456 per
346 1415 419 1452 hoc,
443 1414 558 1446 vitium
573 1424 677 1445 unum
700 1420 842 1444 remanet
865 1413 1043 1444 secundum
1059 1413 1200 1454 aliquem
1217 1421 1335 1450 actum,

268 1467 299 1492 et
320 1460 408 1491 aliud
431 1459 527 1491 etiam
550 1458 728 1489 secundum
751 1457 862 1488 alium.
885 1458 960 1488 Non
976 1457 1020 1488 sic
1036 1464 1144 1488 autem
1164 1458 1259 1489 estin
1275 1458 1336 1488 vir-

267 1511 345 1541 tute,
369 1514 452 1546 quae
476 1502 639 1542 consurgit
661 1512 699 1533 ex
721 1511 821 1533 causa
845 1502 975 1543 integra
989 1501 1024 1532 *:
1049 1509 1080 1532 et
1097 1509 1270 1544 utrumque
1286 1513 1336 1534 ex-

267 1548 368 1580 cludit
389 1555 567 1580 extremum
590 1546 714 1583 vitium,
739 1546 764 1576 si
789 1546 888 1577 virtus
911 1553 968 1577 est.

322 1593 470 1624 Secundo
486 1591 601 1622 dicitur
614 1591 704 1632 quod
727 1600 892 1621 removere
915 1591 1087 1630 prohibens
1107 1591 1263 1632 contingit
1278 1592 1335 1622 du-

266 1637 404 1678 pliciter:
429 1636 547 1668 scilicet
569 1635 762 1675 simpliciter,
780 1642 811 1666 et
834 1635 1011 1666 secundum
1034 1636 1123 1676 quid.
1149 1636 1231 1667 lllud
1247 1637 1337 1677 quod

265 1725 447 1766 prohibens,
464 1734 530 1755 non
554 1724 669 1755 dicitur
691 1734 854 1755 removere
877 1724 1049 1764 prohibens
1073 1725 1266 1766 simpliciter,
1283 1726 1338 1756 sed

264 1769 438 1812 prohibens
452 1769 529 1800 tale:
555 1776 632 1809 puta
648 1769 723 1810 quia
738 1768 859 1799 amovit
875 1768 1004 1805 ferrum,
1028 1776 1059 1800 et
1082 1769 1191 1809 posuit
1212 1769 1337 1810 lignum

264 1868 428 1891 removere
451 1857 623 1899 prohibens
658 1858 788 1898 quando
812 1858 932 1898 absque
956 1858 1181 1898 subrogatione
1209 1859 1337 1889 alterius

265 1902 463 1944 prohibentis
491 1909 633 1933 removet
661 1902 852 1942 prohibens:
886 1909 963 1941 puta
992 1903 1017 1933 si
1046 1910 1189 1934 removet
1218 1903 1337 1934 ferrum
1363 1899 1365 1918 ⁵

265 1947 345 1979 mhi!
364 1947 451 1978 aliud
470 1946 694 1987 supponendo.
720 1945 855 1977 Constat
879 1946 979 1977 modo
1002 1947 1035 1978 in
1059 1947 1227 1987 proposito
1247 1948 1336 1988 quod

266 1991 428 2024 humilitas
456 1998 600 2022 removet
628 1990 801 2031 prohibens
831 1990 1025 2031 simpliciter.
1057 1992 1203 2023 Alterum
1229 1999 1337 2023 autem

264 2036 379 2068 vitium
401 2046 469 2067 non
488 2043 664 2066 removeret
680 2035 861 2075 superbiam
886 2035 1117 2075 prohibentem,
1138 2036 1197 2067 nisi
1217 2047 1338 2078 suppo-

266 2081 373 2112 nendo
401 2081 542 2121 seipsum
571 2079 666 2111 etiam
698 2079 870 2120 prohibens
897 2079 1077 2111 aedificium
1099 2081 1264 2112 virtutum.
1297 2082 1338 2112 Et

266 2125 445 2157 secundum
468 2125 544 2161 hoc,
569 2123 687 2155 falsum
711 2124 806 2155 etiam
830 2131 876 2155 est
899 2125 1096 2161 antecedens,
1120 2125 1252 2162 scilicet,
1275 2126 1337 2157 Re—

267 2179 396 2201 movere
411 2169 587 2210 prohibens
609 2170 757 2200 convenit
779 2170 876 2200 alteri
898 2175 1042 2200 extremo
1059 2171 1154 2201 vitio:
1176 2170 1252 2211 quia
1271 2180 1338 2201 non

267 2214 295 2246 ei
318 2214 376 2245 iste
399 2220 488 2245 actus
512 2213 706 2254 simpliciter,
730 2213 785 2244 sed
809 2214 988 2244 secundum
1010 2214 1088 2255 quid
1112 2214 1271 2246 convenit.

321 2257 433 2289 Tertio
455 2258 571 2289 dicitur
599 2257 704 2298 quod,
728 2257 804 2298 quia
827 2258 956 2288 moralis
985 2268 1090 2289 sermo
1123 2259 1162 2289 de
1184 2259 1339 2289 virtutum

267 2302 412 2334 aedificio
435 2309 491 2339 est,
507 2302 602 2333 verba
621 2308 696 2332 sunt
718 2302 896 2333 secundum
913 2302 1086 2334 subiectam
1110 2303 1276 2334 materiam
1291 2303 1338 2334 in·
1364 2317 1366 2325 ·

267 2347 447 2387 telligenda.
471 2347 517 2378 Ita
532 2346 622 2388 quod
638 2356 744 2377 sermo
768 2353 815 2377 est
838 2357 905 2377 non
922 2347 960 2378 de
983 2347 1269 2389 qualitercumque,
1285 2356 1341 2379 aut

268 2401 305 2423 ex
327 2401 536 2433 quocumque
559 2390 717 2431 principio
733 2401 897 2422 removere
921 2391 1111 2432 prohibens:
1137 2393 1191 2423 sed
1215 2393 1254 2423 de
1276 2392 1339 2423 vir-

267 2443 360 2468 tuose
384 2445 547 2467 removere
571 2435 755 2476 prohibens.
779 2436 852 2467 Hoc
875 2443 983 2467 autem
1003 2443 1127 2468 constat
1149 2437 1208 2467 soli
1233 2437 1339 2468 humi-

267 2480 347 2512 litati
370 2480 549 2512 convenire.
577 2483 624 2511 Ac
647 2490 704 2520 per
727 2480 798 2517 hoc,
823 2482 1011 2512 antecedens
1035 2481 1131 2513 etiam
1150 2489 1196 2513 est
1213 2481 1341 2513 falsum.

267 2525 403 2565 Signum
426 2531 533 2556 autern
557 2524 653 2556 huius
676 2534 787 2555 sensus
811 2532 858 2556 est
877 2526 966 2566 quod
989 2533 1111 2562 natura,
1127 2536 1210 2566 quae
1232 2536 1339 2557 remo-

267 2576 320 2601 vet
343 2569 526 2610 prohibens,
543 2569 660 2600 scilicet
683 2569 865 2610 superbiam
890 2568 979 2612 (quia
1003 2570 1152 2610 producit
1174 2570 1341 2601 hominem

268 2624 333 2645 non
359 2624 434 2644 cum
457 2612 636 2656 superbia),
660 2623 726 2644 non
750 2621 918 2655 propterea
948 2615 1063 2646 dicitur
1092 2615 1340 2647 fundamentum

175 2670 179 2678 ·
215 2670 217 2673 ’
267 2658 433 2690 virtutum.
464 2659 523 2689 Est
550 2668 625 2699 ergo
650 2668 762 2689 sensus
793 2660 882 2700 quod
905 2661 1010 2690 virtus
1041 2669 1210 2691 removens
1227 2661 1340 2700 prohi-

31 2977 52 3033 Ξ,
58 2976 105 3025 ἳιι.
121 2981 188 3004 ιπη,
202 2980 244 2999 art.

34 3241 45 3252 ⁸
57 3239 128 3262 Num.
145 3245 192 3262 xxv.

0 3226 9 3477 .—w-·s-=-=a—r-*-«„
0 3204 3 3211 ν
0 3164 4 3178 ·-
0 3143 2 3146 v

268 2703 345 2734 bens
369 2710 415 2734 est
438 2702 685 2734 fundamentum
707 2702 873 2740 virtutum,
890 2714 945 2734 seu
969 2705 1058 2745 quod
1075 2705 1216 2735 virtuose
1239 2714 1340 2736 remo-

269 2757 344 2779 vere
360 2748 536 2788 prohibens
550 2748 604 2778 dat
626 2747 798 2778 humilitati
813 2748 904 2789 quod
923 2749 963 2779 sit
977 2749 1133 2779 virtutum
1152 2748 1341 2780 fundamen-

269 2799 356 2823 tum:
391 2799 422 2823 et
452 2802 518 2822 non
547 2792 637 2832 quod
661 2792 938 2833 qualitercumque
966 2803 1135 2824 removens
1167 2793 1340 2833 prohibens

270 2837 323 2868 det
345 2847 413 2867 esse
437 2836 684 2867 fundamentum
707 2836 872 2868 virtutum.

324 2881 376 2912 Ad
399 2882 528 2912 tertium
553 2881 668 2912 dicitur
683 2882 772 2922 quod
797 2881 899 2912 maior
918 2889 964 2912 est
986 2882 1074 2912 falsa.
1098 2882 1182 2912 Nam
1198 2889 1229 2912 et
1251 2882 1340 2914 iusti-

269 2925 313 2956 tia
337 2925 446 2966 legalis
467 2925 599 2957 inclinat
621 2926 660 2956 ad
684 2932 772 2956 actus
792 2926 939 2957 omnium
963 2926 1128 2963 virtutum,
1145 2933 1182 2957 ut
1204 2934 1289 2967 patet
1305 2937 1342 2958 ex

270 2979 367 3010 supra
381 2969 399 2989 *
421 2969 528 3001 dictis:
553 2977 584 3001 et
607 2976 712 3000 tamen
734 2980 800 3001 non
825 2970 956 3011 ponitur
971 2970 1218 3002 fundamentum
1241 2971 1340 3002 virtu-

270 3020 352 3045 tum.
368 3014 519 3045 Similiter
534 3014 778 3055 magnanimitas
801 3014 932 3046 inclinat
954 3016 994 3045 ad
1010 3022 1098 3046 actus
1114 3015 1263 3046 omnium
1279 3016 1340 3046 vir-

271 3064 388 3095 tutum,
405 3059 484 3089 dum
507 3059 539 3089 in
563 3059 714 3089 omnibus
746 3059 847 3090 tendit
869 3060 909 3090 ad
932 3068 1064 3100 magna:
1089 3066 1120 3090 et
1143 3067 1249 3091 tamen
1274 3070 1340 3091 non

271 3102 402 3141 ponitur
425 3102 671 3134 fundamentum
693 3103 859 3135 virtutum.
886 3104 985 3135 Aliud
1009 3114 1083 3144 ergo
1107 3104 1278 3145 requiritur
1301 3105 1341 3135 ad

273 3145 428 3176 rationem
451 3146 668 3178 fundamenti:
691 3148 810 3179 scilicet
832 3149 922 3189 quod
945 3149 984 3179 sit
1005 3150 1149 3189 primum
1174 3150 1207 3179 in
1230 3149 1341 3190 aedifi-

273 3191 406 3220 catione.
431 3190 529 3227 Quod
552 3202 618 3222 non
650 3193 764 3232 probat
787 3193 942 3223 Martinus
972 3193 1140 3224 convenire
1169 3193 1341 3225 humilitati
1366 3194 1367 3198 ’

274 3244 330 3274 per
353 3234 490 3274 seipsam
519 3235 665 3275 positive.
696 3237 738 3267 Et
760 3237 948 3277 oppositum
972 3247 1009 3268 ex
1032 3237 1197 3277 praedictis
1212 3238 1230 3256 '⁸‘
1253 3238 1340 3277 argui

274 3284 395 3318 potest:
421 3288 458 3308 ex
481 3288 519 3309 eo
542 3280 631 3320 quod
654 3280 816 3311 humilitas
833 3282 987 3322 supponit
1010 3281 1174 3313 iustitiam.
1191 3299 1212 3304 -
1235 3281 1342 3312 Minor
1366 3313 1367 3323 η

274 3332 405 3363 quoque
429 3332 495 3352 non
519 3330 567 3353 est
587 3334 659 3354 vera
683 3325 743 3355 nisi
767 3326 944 3356 secundum
975 3326 1063 3367 quid.
1095 3325 1258 3363 Quoniam
1282 3326 1340 3355 hu—

275 3366 391 3397 militas
407 3375 472 3396 non
496 3366 624 3398 inclinat
639 3378 696 3407 per
718 3379 814 3400 suum
837 3377 944 3401 actum
962 3371 1002 3400 ad
1019 3370 1167 3401 omnium
1186 3369 1339 3400 virtutum
1365 3370 1368 3408 ἦ

1366 3411 1367 3440 ἱ
1393 3413 1586 3453 inquantum
1610 3411 1814 3447 huiusmodi,
1840 3418 1886 3441 est
1909 3410 2078 3450 superioris
2103 3416 2133 3440 et
2157 3409 2306 3439 melioris.
2337 3409 2377 3438 Et
2400 3408 2458 3444 sic,

275 3418 362 3441 actus
386 3410 418 3440 in
442 3410 588 3450 speciali:
613 3412 668 3442 sed
690 3412 724 3443 in
747 3414 931 3451 universali,
954 3425 1013 3455 pro
1037 3422 1158 3455 quanto
1189 3414 1339 3444 omnibus

274 3454 513 3486 rationabilibus
537 3454 662 3485 subiicit
685 3455 849 3488 hominem
872 3458 905 3488 in
927 3459 976 3489 his
995 3469 1076 3499 quae
1099 3458 1159 3489 Dei
1182 3464 1265 3488 sunt.
1290 3458 1340 3488 Sic
1366 3461 1368 3488 ἱ

275 3506 393 3536 autem,
410 3499 460 3529 vel
477 3509 513 3529 ex
530 3499 735 3539 consequenti
753 3507 783 3530 et
797 3502 947 3533 indirecte
962 3502 1111 3533 inclinare
1127 3503 1159 3532 in
1175 3509 1262 3532 actus
1279 3502 1340 3532 vir·
1367 3500 1368 3506 ¹

275 3551 381 3574 tutum
404 3543 436 3573 in
461 3542 598 3583 speciali,
615 3549 699 3573 extra
721 3545 924 3583 propositum
948 3553 994 3577 est
1023 3546 1200 3586 argumenti
1224 3546 1262 3575 de
1287 3556 1342 3587 per
1367 3555 1369 3575 3

276 3598 308 3618 se
333 3595 363 3618 et
386 3587 499 3617 directe
524 3586 662 3628 positivo
686 3587 895 3620 fundamento
919 3589 1082 3620 virtutum.

331 3632 414 3663 XIX.
434 3632 468 3661 ln
484 3631 690 3671 responsione
707 3632 745 3661 ad
769 3632 907 3668 tertium,
925 3633 1060 3664 dubium
1079 3641 1126 3665 est
1141 3644 1177 3665 ex
1194 3635 1341 3670 Murano,
1368 3635 1369 3642 ¹

419 3693 528 3717 Summe
547 3692 650 3717 Tutor..
669 3692 699 3717 D.
714 3692 829 3716 Tnonaa
848 3692 880 3717 Τ.
899 3693 952 3718 vn.

1391 528 1567 559 maximum
1592 528 1781 569 praemium.

1446 573 1603 604 Secundo.
1629 573 1692 604 Cui
1716 572 1864 603 convenit
1894 571 2175 603 excellentissimus
2199 578 2306 609 actus,
2329 579 2375 602 est
2398 581 2464 601 ma-

1362 648 1363 655 ,
1390 618 1475 648 xima
1498 617 1607 648 virtus.
1639 617 1812 648 Humilitas
1843 623 1890 647 est
1919 616 2115 647 huiusmodi.
2135 633 2157 639 -
2181 616 2347 647 Probatur.
2380 616 2465 654 Quia

1391 661 1572 698 humilitati,
1590 668 1626 692 ut
1649 661 1723 693 dicit
1746 661 1864 697 littera,
1889 661 2036 692 convenit
2059 666 2262 692 contemnere
2288 660 2464 691 sublimita-

1390 712 1452 737 tem
1477 711 1649 737 terrenam.
1675 705 1736 736 Hic
1760 713 1868 736 autem
1891 712 2095 746 contemptus
2118 705 2243 736 videtur
2271 705 2463 736 excellentis-

1391 751 1491 781 simus
1515 750 1596 781 inter
1619 757 1709 781 actus
1733 750 1885 780 virtutum
1910 749 2093 780 moralium.

1433 795 1485 826 Ad
1513 796 1658 835 primum
1682 794 1799 825 horum
1825 794 1940 825 dicitur
1963 794 2052 835 quod
2075 801 2142 824 tam
2159 794 2262 824 maior
2285 803 2383 834 quam
2405 794 2463 824 mi-

1391 849 1451 870 nor
1474 846 1520 870 est
1543 838 1629 870 falsa.
1655 838 1757 870 Maior
1780 838 1928 879 quidem:
1953 849 2027 869 nam
2050 838 2174 869 virtutis
2190 838 2374 869 excellentia
2397 848 2464 869 non

1391 894 1428 914 ex
1451 883 1677 924 appropriatis,
1701 883 1755 913 sed
1779 893 1816 913 ex
1848 883 1985 924 propriis
2014 882 2272 914 substantialibus
2303 889 2463 923 pensatur.

1391 928 1498 958 Minor
1526 937 1613 963 vero,
1637 927 1712 968 quia
1745 927 1891 958 exaltatio
1915 927 2087 968 spiritualis
2120 937 2186 958 non
2212 934 2260 958 est
2289 926 2464 958 formaliter

1391 972 1567 1003 maximum
1591 972 1787 1012 praemium:
1812 971 1915 1002 maius
1939 972 2024 1002 enim
2044 979 2090 1002 est
2113 971 2221 1002 fruitio
2246 971 2362 1002 divina.

1445 1016 1498 1047 Ad
1524 1016 1700 1047 secundum
1734 1016 1849 1047 dicitur
1879 1017 1968 1057 quod
2000 1023 2203 1047 contemnere
2234 1015 2463 1046 sublimitatem

1390 1068 1547 1092 terrenam
1563 1070 1628 1090 non
1646 1067 1692 1090 est
1715 1060 1873 1091 maximus
1890 1067 1978 1091 actus
2002 1061 2082 1091 inter
2097 1067 2185 1091 actus
2207 1060 2355 1091 morales.
2379 1060 2464 1091 Nam

1390 1105 1486 1144 longe
1510 1104 1613 1134 maior
1636 1111 1682 1134 est
1706 1105 1871 1135 communi
1898 1105 1986 1135 bono
2010 1113 2093 1136 recte
2116 1105 2295 1141 intendere,
2320 1105 2359 1135 ad
2382 1104 2464 1135 illud

1391 1149 1501 1179 omnia
1534 1148 1729 1184 ordinando,
1753 1150 1810 1189 qui
1833 1156 1922 1180 actus
1945 1156 1992 1180 est
2021 1149 2157 1180 iustitiae
2187 1149 2315 1189 legalis:
2340 1156 2462 1190 quanto

1391 1202 1559 1224 commune
1581 1193 1696 1223 bonum
1720 1193 1862 1224 divinius
1885 1199 1932 1224 est
1954 1204 2050 1234 quam
2074 1194 2190 1224 bonum
2216 1194 2312 1224 unius
2326 1193 2354 1224 *.

1446 1237 1515 1268 XX.
1534 1237 1569 1266 In
1593 1237 1800 1277 responsione
1832 1238 1871 1268 ad
1903 1245 2067 1278 quartum,
2092 1237 2228 1268 dubium
2258 1248 2294 1268 ex
2325 1237 2462 1269 Martino

1391 1281 1538 1317 occurrit,
1555 1281 1674 1311 ibidem
1689 1281 1716 1316 *,
1734 1288 1842 1312 contra
1866 1282 1948 1313 hanc
1964 1282 2207 1322 responsionem
2230 1282 2353 1313 dicente
2373 1283 2463 1323 quod

1390 1326 1449 1356 ista
1486 1325 1606 1356 solutio
1646 1325 1800 1356 refutatur
1836 1326 1917 1356 sicut
1954 1327 2184 1366 praecedentes.
2226 1328 2463 1366 Argumentum

1391 1370 1478 1401 enim
1501 1369 1664 1400 concludit
1687 1370 1776 1410 quod
1799 1370 1912 1400 saltem
1934 1370 2096 1401 humilitas
2129 1377 2175 1401 est
2204 1370 2372 1411 perfectior
2394 1371 2463 1402 aliis

1390 1414 1560 1445 virtutibus
1583 1414 1769 1445 moralibus.
1794 1415 1882 1445 Turn
1899 1415 1994 1446 etiam
2018 1415 2093 1455 quia
2110 1421 2313 1455 contemptus
2337 1415 2462 1446 celsitu-

1391 1458 1473 1489 dinis
1496 1466 1637 1490 terrenae
1654 1465 1701 1489 est
1723 1466 1812 1489 actus
1835 1459 1972 1489 maxime
1989 1459 2141 1490 excellens
2165 1459 2246 1490 inter
2260 1459 2407 1490 morales.

1446 1503 1497 1534 Ad
1520 1503 1599 1533 haec
1623 1503 1737 1533 dicitur
1755 1504 1845 1544 quod
1869 1514 1936 1534 non
1952 1510 2044 1543 egent
2068 1503 2128 1534 alia
2151 1503 2370 1544 responsione,
2387 1504 2467 1544 quia.

1391 1548 1496 1578 soluta
1512 1554 1587 1578 sunt
1609 1557 1692 1588 quae
1708 1547 1817 1578 obiicit
1831 1548 1856 1579 *.
1882 1548 1924 1578 Et
1946 1555 2171 1587 argumentum
2188 1558 2253 1578 non
2275 1547 2463 1579 concludere

1390 1592 1606 1623 humilitatem
1629 1602 1697 1623 esse
1721 1592 1892 1623 maximam
1917 1592 2072 1623 virtutum
2096 1592 2190 1623 etiarn
2214 1592 2403 1630 moralium,
2427 1602 2464 1623 ex

1363 1668 1364 1673 ,
1391 1647 1430 1667 eo
1455 1636 1660 1668 manifestum
1685 1643 1732 1667 est
1755 1638 1844 1678 quod
1867 1637 1970 1677 ipsam
1995 1647 2062 1668 esse
2086 1637 2259 1667 maximam
2282 1636 2465 1676 simpliciter

266 1681 310 1715 sic
324 1687 468 1712 removet
491 1679 662 1720 prohibens
686 1680 775 1720 quod
795 1680 989 1710 removendo
1008 1690 1111 1711 unum
1134 1681 1227 1721 ponit
1249 1681 1337 1712 aliud
1363 1688 1365 1692 ’

1391 1692 1457 1712 non
1482 1682 1616 1712 habetur
1639 1692 1676 1712 ex
1692 1682 1971 1712 commendatione
1995 1681 2137 1712 Domini.
2162 1682 2227 1712 Nec
2244 1681 2372 1712 aliunde
2391 1691 2463 1722 pro-

1390 1727 1483 1757 batur
1499 1726 1588 1767 quod
1604 1726 1686 1757 inter
1701 1726 1838 1757 morales
1861 1726 1902 1757 sit
1916 1726 2070 1756 maxima:
2095 1726 2150 1756 sed
2167 1725 2354 1766 oppositum
2369 1735 2463 1756 mon-

1363 1792 1365 1804 ;
1391 1778 1525 1802 stratum
1549 1778 1596 1801 est
1610 1770 1638 1801 *.

265 1813 438 1856 prohibens
460 1823 554 1854 grave
577 1823 595 1843 a
618 1823 678 1844 suo
704 1820 807 1844 motu.
831 1813 892 1844 Sed
917 1820 992 1844 tunc
1016 1813 1131 1844 dicitur
1154 1814 1338 1854 simpliciter
1363 1814 1365 1836 ⁵

1446 1815 1530 1846 XXI.
1549 1815 1583 1845 In
1607 1815 1723 1846 eodem
1745 1815 1859 1856 quinto
1882 1814 2015 1845 articulo
2039 1814 2233 1855 quaestionis
2265 1814 2465 1845 centesimae·

1391 1859 1743 1900 sexagesimaeprimae,
1766 1866 1883 1890 restant
1909 1859 2012 1890 adhuc
2033 1866 2094 1890 tres
2117 1859 2329 1899 quaestiones.
2352 1859 2464 1889 Prima

1391 1911 1437 1934 est
1451 1904 1486 1934 *z
1512 1904 1587 1941 Quo
1610 1912 1704 1944 pacto
1726 1903 1888 1934 humilitas
1911 1911 1958 1934 est
1989 1903 2086 1934 virtus
2109 1903 2304 1934 moderativa
2327 1902 2409 1942 spei,
2433 1909 2465 1933 et

1391 1958 1465 1979 cum
1489 1948 1569 1985 hoc,
1591 1955 1637 1979 est
1662 1949 1744 1979 circa
1767 1946 1896 1979 omnia?
1931 1948 2067 1979 Constat
2083 1948 2167 1978 enim
2191 1948 2281 1988 quod
2304 1957 2375 1987 spes
2396 1957 2463 1977 non

1390 1999 1437 2023 est
1461 1992 1542 2023 circa
1561 1993 1680 2029 omnia,
1698 1993 1754 2023 sed
1777 1993 1857 2024 circa
1873 1993 1971 2023 ardua
1995 1999 2119 2023 tantum
2134 1992 2171 2022 *z
2196 1999 2226 2022 et
2250 1998 2373 2022 constat
2396 2001 2463 2021 non

1390 2037 1499 2068 omnia
1530 2047 1598 2068 esse
1636 2038 1743 2068 ardua.
1777 2038 1866 2068 Patet
1896 2044 2004 2068 autem
2038 2037 2250 2068 humilitatem
2282 2045 2349 2066 esse
2381 2035 2463 2066 circa

1391 2082 1510 2118 omnia,
1527 2089 1558 2113 et
1573 2092 1611 2112 ex
1633 2082 1736 2112 littera
1755 2082 1850 2112 huius
1874 2081 2006 2117 articuli,
2023 2082 2102 2112 dum
2119 2081 2233 2111 dicitur
2252 2080 2341 2121 quod
2360 2081 2462 2110 humi-

1391 2126 1467 2157 litas
1491 2126 1580 2167 facit
1603 2126 1762 2157 hominem
1793 2126 1872 2157 bene
1894 2126 2069 2157 subiectum
2100 2126 2297 2156 ordinationi
2326 2125 2464 2155 rationis

1390 2176 1546 2211 quantum
1563 2171 1607 2201 ad
1622 2172 1749 2202 omnia:
1771 2178 1802 2201 et
1816 2181 1853 2201 ex
1868 2170 1970 2201 littera
1985 2170 2145 2211 sequentis
2160 2170 2282 2201 articuli
2290 2169 2317 2205 *,
2333 2169 2388 2199 ubi
2405 2169 2462 2199 hu-

1393 2215 1534 2245 militatis
1557 2215 1674 2255 gradus
1702 2215 1841 2255 ponitur,
1868 2215 2012 2245 inutilem
2037 2220 2068 2245 et
2090 2215 2260 2255 indignum
2289 2213 2332 2244 acl
2355 2214 2462 2244 omnia

1391 2269 1426 2290 se
1448 2260 1623 2290 aestimare
1645 2265 1675 2290 et
1689 2259 1808 2300 fateri.

1447 2303 1596 2335 Secunda
1620 2305 1765 2345 quaestio
1789 2310 1835 2334 est
1850 2303 1883 2333 *z
1909 2303 1985 2340 Quo
2017 2310 2110 2343 pacto
2141 2307 2343 2333 contemnere
2366 2301 2463 2332 subli-

1393 2349 1533 2379 mitatem
1551 2353 1714 2379 terrenam
1739 2354 1786 2378 est
1809 2347 1957 2388 proprius
1977 2346 2164 2379 humilitatis
2189 2354 2286 2382 actus,
2305 2352 2341 2376 ut
2362 2345 2395 2376 in
2414 2345 2463 2376 lit-

1391 2399 1457 2423 tera
1481 2392 1609 2429 dicitur,
1633 2393 1667 2423 in
1690 2392 1899 2432 responsione
1923 2393 1961 2422 ad
1984 2391 2123 2428 tertium,
2149 2401 2223 2422 cum
2247 2398 2278 2421 et
2301 2390 2351 2421 hic
2375 2397 2464 2420 actus

1392 2437 1575 2468 communis
1592 2438 1632 2468 sit
1651 2437 1869 2478 magnanimo,
1886 2444 1917 2468 et
1933 2447 2000 2467 non
2016 2436 2055 2467 sit
2074 2435 2256 2476 principalis
2275 2434 2463 2466 humilitatis

1393 2480 1500 2513 actus?
1524 2482 1690 2519 Quoniam
1705 2489 1793 2513 actus
1810 2482 1877 2512 eius
1901 2481 2083 2522 principalis
2107 2488 2154 2511 est
2177 2486 2320 2520 respectu
2337 2489 2463 2519 speran-

1394 2527 1529 2563 dorum,
1555 2537 1628 2557 cum
1657 2526 1697 2557 sit
1724 2526 1901 2557 moderatio
1930 2526 2015 2566 spei:
2049 2532 2079 2556 et
2102 2535 2167 2555 non
2192 2530 2335 2564 respectu
2360 2523 2463 2564 despi-

1393 2571 1598 2608 ciendorum,
1623 2571 1662 2602 ad
1686 2581 1769 2612 quae
1793 2581 1829 2601 ex
1853 2569 2060 2611 consequenti
2083 2569 2270 2599 humilitatis
2293 2568 2392 2598 virtus
2416 2577 2462 2598 re-

1394 2615 1496 2656 spicit.

1453 2660 1562 2691 Tertia
1584 2661 1729 2702 quaestio
1753 2666 1800 2690 est
1814 2659 1850 2689 *ε
1880 2661 1932 2689 An
1959 2658 2050 2689 locus
2074 2657 2249 2697 assignatus
2272 2655 2460 2691 humilitati,

1393 2704 1511 2735 scilicet
1541 2712 1615 2745 post
1642 2704 1837 2744 theologales
1861 2710 1891 2734 et
1913 2702 2141 2733 intellectuales
2164 2701 2294 2732 virtutes
2319 2707 2349 2730 et
2372 2699 2461 2730 iusti-

1392 2749 1488 2786 tiam,
1513 2750 1553 2779 sit
1576 2759 1653 2780 suus
1677 2748 1877 2788 simpliciter,
1907 2747 1956 2777 vel
1979 2746 2156 2777 secundum
2180 2745 2268 2786 quid.
2301 2745 2373 2775 Hoc
2397 2750 2457 2774 est:

1393 2795 1444 2824 An
1468 2793 1630 2824 humilitas
1653 2793 1693 2823 sit
1715 2792 1823 2823 ceteris
1845 2791 1983 2822 nobilior
2005 2790 2198 2831 simpliciter,
2222 2800 2262 2820 an
2285 2789 2461 2819 secundum

1366 2863 1367 2867 ,
1394 2838 1481 2879 quid.
1506 2838 1547 2868 Et
1570 2845 1616 2868 est
1639 2837 1718 2868 ratio
1743 2836 1830 2867 dubii
1854 2836 1930 2876 quia
1954 2835 2099 2876 superius
2123 2834 2232 2874 religio
2257 2833 2393 2874 praelata
2416 2839 2462 2863 est

1394 2882 1546 2913 omnibus
1562 2882 1746 2917 moralibus,
1764 2888 1799 2911 ut
1819 2887 1904 2921 patet
1919 2890 1974 2921 qu.
1986 2890 2076 2910 Lxxxx
2087 2879 2121 2909 *:
2142 2878 2217 2919 quia
2234 2877 2343 2917 religio
2360 2877 2461 2916 magis

1394 2927 1433 2957 de
1456 2926 1641 2968 propinquo
1665 2926 1785 2956 accedit
1813 2926 1852 2955 ad
1875 2926 1981 2955 Deum
2011 2934 2110 2965 quam
2133 2923 2211 2953 aliae
2234 2923 2365 2953 virtutes
2389 2931 2460 2951 mo·

1393 2972 1490 3007 rales,
1515 2978 1626 3012 utpote
1650 2980 1785 3010 operans
1809 2979 1845 3000 ea
1875 2979 1957 3010 quae
1981 2969 2096 2999 directe
2119 2975 2149 2999 et
2172 2966 2353 2997 immediate
2377 2965 2461 2996 ordi-

1394 3022 1509 3046 nantur
1532 3016 1565 3045 in
1588 3015 1746 3046 honorem
1770 3013 1924 3044 divinum.
1940 3031 1961 3036 -
1985 3014 2026 3044 Et
2044 3011 2077 3044 in
2097 3022 2151 3052 qu.
2169 3022 2220 3042 crv
2234 3011 2261 3047 *,
2283 3009 2462 3040 obedientia

1366 3086 1367 3089 ,
1393 3059 1568 3100 praefertur
1597 3058 1726 3099 reliquis
1748 3057 1917 3089 virtutibus
1944 3057 2134 3087 moralibus:
2159 3056 2250 3096 quia,
2274 3065 2330 3095 per
2354 3064 2386 3084 se
2412 3054 2461 3084 lo-

1393 3104 1543 3145 quendo,
1568 3104 1670 3134 maius
1694 3103 1817 3133 bonum
1847 3109 1976 3142 propter
1998 3102 2104 3132 Deum
2128 3099 2320 3135 contemnit,
2345 3098 2464 3128 scilicet

1393 3148 1555 3189 propriam
1578 3148 1787 3178 voluntatem.
1816 3164 1837 3170 -
1865 3147 1905 3177 Et
1928 3146 1961 3176 in
1985 3156 2039 3186 qu.
2062 3155 2153 3175 cxxur
2169 3145 2199 3180 *,
2225 3144 2316 3174 datur
2338 3143 2460 3183 primus

1391 3193 1482 3223 locus
1505 3200 1579 3233 post
1594 3191 1748 3222 iustitiam
1763 3190 1960 3221 fortitudini:
1985 3190 2060 3230 quia
2078 3197 2124 3220 est
2142 3187 2357 3219 conservativa
2380 3186 2458 3218 boni

1393 3237 1523 3267 rationis
1548 3243 1656 3267 contra
1677 3235 1817 3275 pericula
1836 3234 1958 3270 mortis,
1983 3243 2064 3274 quae
2089 3240 2162 3264 sunt
2185 3232 2332 3262 maxima.
2357 3248 2376 3254 —
2400 3233 2460 3261 Ac—

1394 3281 1476 3311 cedit
1499 3281 1594 3311 etiam
1618 3280 1657 3310 ad
1682 3279 1759 3309 haec
1782 3279 1871 3319 quod
1887 3279 1920 3308 in
1936 3288 1990 3319 qu.
2007 3288 2066 3308 xxx
2081 3278 2107 3314 *‚
2133 3275 2348 3307 misericordia
2371 3285 2460 3315 prae·
2487 3283 2497 3292 ⁸

1393 3325 1498 3365 posita
1528 3332 1574 3355 est
1604 3324 1754 3354 omnibus
1777 3323 1945 3354 virtutibus
1975 3332 2056 3362 quae
2087 3328 2160 3351 sunt
2192 3321 2231 3351 ad
2258 3319 2458 3361 proximum,

1394 3369 1468 3409 quia
1493 3375 1539 3399 est
1562 3368 1695 3408 potioris
1726 3374 1830 3397 actus:
1855 3377 1927 3396 nam
1957 3366 2104 3406 supplere
2131 3364 2289 3395 defectum
2314 3364 2458 3400 alterius,

1394 3457 1468 3498 quia
1491 3457 1609 3487 iustitia
1632 3463 1677 3486 est
1701 3456 1740 3485 ad
1765 3455 1956 3495 proximum,
1979 3454 2121 3494 sequitur
2140 3454 2229 3494 quod
2245 3452 2459 3483 misericordia

1394 3501 1559 3542 praecedat
1582 3500 1750 3531 iustitiam:
1776 3509 1810 3530 ac
1834 3509 1889 3539 per
1912 3499 1984 3535 hoc,
2009 3498 2231 3529 humilitatem.

1450 3545 1548 3576 XXII.
1575 3545 1623 3575 Ad
1642 3545 1784 3584 primam
1800 3544 2015 3584 quaestionem
2031 3543 2048 3562 *
2072 3542 2237 3582 dupliciter
2260 3541 2320 3572 dici
2345 3547 2458 3581 potest.

1368 3597 1369 3606 ¹
1395 3589 1514 3627 Primo,
1539 3589 1627 3630 quod
1651 3588 1813 3619 humilitas
1837 3594 1883 3618 est
1906 3587 1986 3618 circa
2009 3587 2184 3617 secundum
2204 3596 2236 3616 se
2261 3586 2357 3615 ardua
2381 3585 2459 3614 dire-

1397 3641 1455 3671 cte,
1481 3641 1515 3664 ut
1539 3633 1700 3674 propriam
1718 3632 1898 3663 materiam:
1924 3632 1978 3662 sed
2002 3638 2047 3662 est
2064 3631 2143 3661 circa
2159 3630 2266 3660 omnia
2290 3639 2345 3669 per
2359 3639 2457 3669 quan-

2285 3690 2317 3723 39

2492 356 2502 366 ⁸
2516 356 2625 378 conclus.
2640 363 2661 385 3.

2490 1194 2500 1204 ⁴
2514 1193 2612 1215 Aristot.
2625 1193 2702 1216 Ethic.

2489 1219 2531 1241 lib.
2545 1220 2555 1241 1
2578 1226 2605 1242 ea
2624 1227 2666 1248 .11,
2679 1227 2701 1243 n.

2489 1246 2512 1268 8.
2526 1258 2536 1263 -
2550 1236 2576 1269 ὲ.
2629 1263 2635 1269 .
2650 1248 2702 1270 lect.

2488 1279 2623 1322 ²¹⁴Conclns.
2637 1307 2657 1329 3.

2491 1556 2500 1566 ⁸
2505 1555 2540 1577 Cf.
2547 1561 2611 1578 num.
2617 1562 2648 1578 xv
2653 1563 2701 1585 seq.

2489 1769 2499 1778 ⁸
2513 1767 2539 1789 ln
2553 1774 2617 1796 corp.
2632 1774 2674 1792 art.

2493 1909 2502 1918 ⁸
2514 1908 2550 1930 Cf.
2570 1915 2634 1931 num.
2650 1916 2699 1939 seq.

2490 1999 2500 2008 ⁸
2509 1998 2533 2019 1¹²
2544 1998 2599 2026 11²⁸,
2610 2005 2648 2027 qu.
2663 2007 2700 2028 xc,

2489 2028 2532 2046 art.
2548 2031 2564 2047 1.

2490 2176 2500 2185 ⁸
2514 2177 2570 2204 Arg.
2586 2184 2602 2200 1.

2490 2306 2500 2315 ⁸
2510 2305 2545 2327 Cf.
2560 2311 2623 2328 num.
2638 2312 2702 2328 xxm.

2490 2664 2499 2673 ⁸
2509 2663 2545 2685 Cf.
2558 2669 2622 2685 num.
2636 2669 2699 2684 xxrv.

2488 2883 2498 2893 ⁸
2512 2882 2562 2904 Art.
2578 2883 2599 2904 6.

2489 3015 2497 3025 ⁸
2511 3016 2562 3037 Art.
2576 3022 2596 3044 3.

2487 3152 2496 3161 ⁸
2511 3152 2562 3173 Art.
2578 3157 2608 3172 12.

2488 3548 2496 3557 ⁸
2504 3546 2572 3568 Num.
2593 3547 2695 3574 praeced.
