2768 4198
0 1057 9 1102 t

0 1127 9 1151 7
61 1138 141 1155 mvi.

61 2120 73 2132 ⁴
86 2119 152 2142 Vm.
167 2125 195 2148 ¹³·

944 280 1212 326 QUAESTIO
1243 281 1454 328 CLXXIII,

303 359 499 396 assimilari
528 359 702 396 doctrina
728 359 898 395 humana
927 359 1149 395 revelationi
1177 360 1369 408 propheti-

304 425 382 458 cae,
399 424 478 449 non
498 419 626 449 autem
643 418 830 460 quantum
850 411 899 448 ad
918 411 1105 460 primum:
1126 413 1246 449 homo
1268 412 1369 449 enim

303 477 373 502 suo
404 465 588 514 discipulo
618 471 878 513 repraesentat
905 464 1051 513 aliquas
1080 478 1139 502 res
1166 478 1236 514 per
1264 466 1371 514 signa

301 518 552 565 locutionum,
574 530 652 554 non
673 525 802 554 autem
822 525 947 566 potest
965 518 1119 555 interius
1148 519 1370 566 illuminare,

303 570 399 607 sicut
425 570 513 607 facit
531 572 649 608 Deus.
681 571 832 607 Horum
859 579 986 607 autem
1008 573 1172 608 duorum
1201 573 1370 620 primum

273 631 278 638 ’
301 623 546 672 principalius
575 631 631 660 est
659 623 698 660 in
727 624 946 672 prophetia:
983 625 1071 672 quia
1107 625 1287 663 iudicium
1318 633 1373 661 est
1397 629 1399 650 ἒ

163 688 174 703 ε
303 676 580 725 completivum
620 677 858 724 cognitionis.
900 678 948 713 Et
976 677 1086 725 ideo,
1116 679 1146 715 si
1180 678 1240 715 cui
1275 678 1372 714 fiat*

302 728 484 766 divinitus
512 730 810 778 repraesentatio
840 730 1052 779 aliquarum
1073 743 1199 768 rerum
1229 743 1298 780 per
1327 731 1373 767 si-

302 781 533 819 militudines
562 783 817 831 imaginarias,
846 791 888 820 ut
916 784 1147 821 Pharaoni*
1176 792 1212 821 et
1239 785 1372 821 Nabu-

303 835 550 872 chodonosor
568 836 603 881 *;
634 844 698 873 aut
727 837 839 873 etiam
860 849 928 885 per
956 837 1218 875 similitudines
1239 850 1374 886 corpo-

302 889 420 936 rales,
451 888 547 925 sicut
575 890 764 926 Baltassar
782 889 820 926 *z
850 902 928 927 non
958 898 1014 927 est
1046 891 1129 927 talis
1158 891 1373 927 censendus

63 793 74 803 ⁸
87 791 145 813 Gen.
162 797 212 819 cap.
228 797 272 812 ιιι.

63 843 137 867 man.
149 849 198 872 σιμ.
207 849 233 871 ιι,
242 850 272 866 tv.

63 897 73 908 ⁸
86 896 154 923 1bid.,
169 902 219 924 cap.
235 902 256 917 v.

301 942 503 990 propheta,
524 942 596 979 nisi
624 943 856 980 illuminetur
884 943 965 980 eius
994 956 1105 980 mens
1129 945 1177 980 ad
1206 943 1374 980 iudican-
1398 961 1400 974 ι

303 994 415 1054 dum3
436 995 504 1032 sed
523 995 605 1032 talis
625 996 810 1045 apparitio
832 1004 888 1033 est
902 996 1088 1045 quiddam
1109 997 1373 1045 imperfectum

302 1047 341 1084 in
355 1060 494 1095 genere
514 1049 749 1098 prophetiae,
765 1051 868 1087 unde
889 1062 911 1086 a
925 1049 1157 1098 quibusdam
1173 1049 1193 1071 '¹‘
1212 1057 1374 1086 vocatur

302 1112 412 1138 casus
431 1100 443 1127 ἶ
463 1103 697 1150 prophetiae,
719 1102 816 1139 sicut
845 1109 882 1138 et
910 1102 1094 1138 divinatio
1117 1102 1372 1139 somniorum.

63 1052 114 1076 ’.Οἱ
119 1052 272 1081 Rabbffloy..

61 1079 131 1103 Doct.
163 1079 274 1109 Perplex.

61 1105 121 1128 Pan.
149 1106 170 1128 11
179 1122 187 1134 ‚
223 1112 273 1134 cap.

304 1206 385 1244 eius
414 1207 647 1245 illuminetur
675 1208 722 1245 ad
753 1208 1042 1245 diiudicandum
1073 1209 1189 1244 etiam
1211 1220 1255 1244 ea
1274 1220 1373 1255 quae

303 1261 351 1296 ab
381 1261 462 1298 aliis
482 1261 704 1309 imaginarie
722 1261 805 1298 visa
835 1268 940 1297 sunt:
971 1268 1011 1297 ut
1030 1267 1134 1309 patet
1153 1260 1199 1297 de
1220 1261 1372 1309 Ioseph,

298 1314 369 1361 qui
389 1315 564 1363 exposuit
583 1314 778 1351 somnium
798 1314 1008 1350 Pharaonis
1027 1313 1058 1350 ³¹⁸.
1087 1313 1163 1350 Sed
1183 1313 1278 1349 sicut
1297 1315 1374 1349 Au-

303 1367 474 1415 gustinus
503 1367 604 1415 dicit,
633 1367 702 1404 XII
722 1379 835 1415 super
858 1367 951 1404 Gen.
980 1367 1032 1403 ad
1058 1366 1122 1403 litt.
1143 1366 1174 1413 ³¹⁸,
1205 1367 1374 1403 maxime

298 1421 484 1468 propheta
513 1426 566 1457 est
592 1421 658 1469 qui
686 1426 845 1468 utroque
866 1419 1081 1468 praecellit:
1117 1425 1158 1455 ut
1183 1419 1308 1456 videat
1335 1420 1372 1456 in

63 1319 74 1331 ⁸
87 1318 145 1341 Gen.
162 1325 213 1347 cap.
229 1325 274 1341 ιιι.

62 1372 74 1384 ’
87 1371 144 1399 Cap.
159 1377 191 1394 tx.

301 1473 434 1521 spiritu
463 1474 719 1522 corporalium
748 1485 877 1510 rerum
905 1473 1177 1522 significativas
1204 1472 1374 1509 similitu·
1399 1493 1401 1504 ι

159 1539 176 1564 η
302 1526 429 1570 dines,·
455 1533 491 1563 et
517 1539 581 1564 eas
608 1527 807 1563 vivacitate
826 1531 844 1553 η
872 1526 1006 1562 mentis
1034 1525 1228 1574 intelligat.

357 1580 709 1628 Repraesentantur
728 1587 855 1616 autem
872 1578 1053 1616 divinitus
1072 1578 1190 1615 menti
1208 1579 1374 1627 prophe-

302 1639 362 1669 tae
392 1634 627 1682 quandoque
653 1632 812 1681 quidem
839 1632 1034 1670 mediante
1059 1644 1173 1669 sensu
1197 1631 1373 1678 exterius,

303 1685 497 1734 quaedam
513 1687 660 1723 formae
680 1686 894 1723 sensibiles:
916 1685 1012 1722 sicut
1027 1685 1163 1722 Daniel
1176 1684 1272 1722 vidit
1286 1685 1375 1722 scri-

302 1746 456 1787 pturam
484 1739 650 1788 parietis,
676 1747 717 1776 ut
743 1739 880 1787 legitur
906 1739 1005 1776 Dan.
1024 1751 1049 1775 v
1066 1738 1098 1776 ²¹².
1129 1737 1374 1797 Quandoque

303 1799 432 1829 autem
460 1805 531 1852 per
558 1793 701 1830 formas
730 1792 990 1841 imaginarias:
1021 1791 1102 1829 sive
1131 1791 1292 1828 omnino
1320 1791 1374 1829 di-

302 1845 443 1883 vinitus
463 1846 682 1895 impressas,
703 1858 783 1882 non
802 1858 871 1895 per
899 1857 1055 1882 sensum
1076 1853 1263 1894 acceptas,
1283 1853 1375 1904 puta

303 1898 334 1936 si
362 1899 473 1936 alicui
507 1911 623 1936 caeco
654 1906 744 1936 nato
779 1899 1096 1958 imprimerentur
1115 1898 1154 1935 in
1192 1898 1373 1946 imagina-

302 1952 407 1989 tione
436 1953 611 1990 colorum
640 1952 926 1997 similitudine83
960 1953 1022 1989 vel
1051 1951 1164 1988 etiam
1195 1951 1374 1988 divinitus

303 2005 498 2043 ordinatas
527 2018 572 2042 ex
599 2006 658 2043 his
688 2018 786 2054 quae
816 2018 838 2042 a
867 2005 1040 2042 sensibus
1069 2013 1156 2042 sunt
1181 2012 1372 2054 acceptae,

304 2058 400 2096 sicut
419 2059 601 2096 Ieremias
619 2059 714 2096 vidit
730 2059 846 2095 ollam
864 2070 1083 2095 succensam
1103 2070 1127 2095 a
1134 2058 1244 2106 facie
1257 2058 1375 2106 Aqui-

303 2112 420 2158 lonis,
449 2119 491 2149 ut
527 2113 691 2149 habetur
723 2113 859 2149 Ierem.
882 2112 941 2149 1³¹³.
982 2111 1073 2148 Sive
1102 2111 1216 2148 etiam
1245 2110 1375 2160 impri-

304 2165 449 2203 mendo
469 2166 616 2215 species
635 2165 884 2225 intelligibiles
903 2165 974 2214 ipsi
993 2165 1131 2202 menti:
1159 2164 1256 2201 sicut
1273 2172 1377 2214 patet

304 2219 353 2256 de
389 2219 448 2255 his
487 2219 551 2268 qui
588 2219 779 2268 accipiunt
815 2218 1013 2255 scientiam
1047 2219 1110 2255 vel
1148 2218 1375 2267 sapientiam

62 1748 155 1772 ‘Ver-u.
175 1755 199 1777 ¹⁷
221 1754 274 1777 sqq.

21 2275 29 2311 ’ς
63 2279 275 2309 ⁴-111Reemp-‚m
304 2271 482 2319 infusam,
513 2273 608 2310 sicut
637 2273 823 2309 Salomon
841 2271 862 2293 '¹‘
890 2279 927 2308 et
954 2271 1190 2320 Apostoli*

64 2334 87 2346 ⁸·
63 2312 149 2356 4εὲ
163 2313 276 2362 ffpoaetot.

23 2367 34 2388 ξ
65 2365 115 2389 cup.
130 2366 156 2383 ιι.

360 2322 512 2362 Lumen
542 2332 670 2362 autem
700 2324 927 2373 intelligibile
957 2325 1191 2373 quandoque
1220 2324 1375 2373 quidem

303 2378 535 2427 imprimitur
569 2379 688 2415 menti
723 2379 918 2415 humanae
955 2378 1135 2416 divinitus
1164 2377 1213 2415 ad
1242 2377 1377 2415 diiudi-

306 2433 473 2470 candum
503 2445 548 2469 ea
567 2444 666 2481 quae
696 2433 744 2469 ab
774 2431 854 2473 aliis
873 2431 958 2469 visa
977 2439 1081 2468 sunt:
1111 2431 1208 2468 sicut
1232 2431 1376 2468 dictum

359 2547 382 2578 ε)
400 2547 425 2571 si
442 2547 487 2572 cui
497 2546 560 2579 flat.
572 2559 591 2566 —
608 2546 679 2571 sicut
689 2547 746 2579 flat
764 2546 797 2576 Η,
816 2546 886 2570 sicut
897 2546 934 2579 fit
953 2546 981 2572 P.

358 2582 384 2614 ζ)
403 2589 489 2608 casus.
501 2595 520 2601 ·—
537 2581 642 2607 extasis
662 2582 713 2610 Pa‚·
731 2582 773 2607 Al.
791 2588 870 2606 casus
888 2589 980 2613 margo
999 2582 1028 2607 Ρ.

358 2618 385 2650 η)
405 2617 556 2643 vivacitate.
569 2631 587 2637 ·-
606 2617 706 2642 iudicio
725 2617 751 2641 in
769 2621 836 2649 spat.
853 2624 908 2642 vac.
923 2617 954 2648 A,
968 2617 1068 2642 virtute
1080 2617 1112 2647 D,
1126 2617 1239 2642 uiuacite
1256 2617 1285 2646 Β,
1301 2616 1378 2641 uina-

305 2654 357 2679 tice
371 2653 420 2686 pK,
435 2653 543 2678 vivante
556 2653 586 2682 E.
601 2652 706 2678 uniaris
724 2653 754 2681 F,
774 2652 800 2677 in
822 2653 978 2677 necessitate
996 2653 1029 2682 Η,
1045 2653 1150 2677 invasse
1162 2653 1198 2682 L;
1217 2660 1266 2684 pro
1281 2652 1377 2677 intelli-

305 2693 363 2723 gat,
377 2689 530 2722 intelligant
547 2688 758 2720 BDEFLpACK,
778 2688 928 2721 intelligere
946 2688 979 2713 H.

160 1160 176 1190 t
303 1154 384 1190 Erit
421 1162 549 1192 autern
581 1156 771 1204 propheta
809 1155 839 1191 si
875 1155 1124 1192 solummodo
1163 1154 1401 1191 intellectus?

1483 282 1781 319 ART1cuLus
1812 283 1842 318 11
2414 286 2487 333 387

1425 368 1480 397 est
1510 360 1556 398 de
1587 361 1747 409 Ioseph;
1778 368 1814 397 et
1842 361 1938 397 sicut
1964 369 2067 410 patet
2096 361 2141 398 de
2171 362 2380 410 Apostolis,
2411 363 2489 411 qui-

1424 414 1496 450 bus
1516 414 1706 450 Dominus
1726 414 1875 462 aperuit
1890 426 2039 451 sensum
2061 420 2101 450 ut
2123 415 2371 464 intelligerent
2393 417 2491 452 Scri-

1421 472 1565 514 pturas,
1596 475 1637 503 ut
1666 466 1799 503 dicitur
1827 468 1920 504 Luc.
1949 479 2034 504 xxiv
2052 467 2091 513 *ς
2122 475 2157 504 et
2185 468 2234 504 ad
2269 469 2343 505 hoc
2380 469 2491 517 perti-

1426 527 1489 556 net
1518 520 1771 567 interpretatio
1799 532 2028 557 sermonum.
2060 521 2150 557 Sive
2174 521 2293 557 ‘etiam
2322 521 2369 558 ad
2400 522 2492 558 diiu-

1427 572 1632 610 dicandum
1663 573 1876 610 secundum
1906 574 2076 610 divinam
2101 574 2299 611 veritatem
2330 587 2374 610 ea
2395 587 2492 623 quae

1426 638 1538 662 cursu
1568 626 1727 662 naturali
1746 627 1866 662 homo
1896 627 2157 676 apprehendit.
2190 627 2280 664 Sive
2301 627 2413 664 etiam
2445 628 2492 665 ad

1427 678 1714 715 diiudicandum
1730 679 1916 716 veraciter
1931 688 1967 716 et
1987 680 2190 717 efficaciter
2205 693 2249 717 ea
2265 693 2362 729 quae
2382 693 2493 729 agen-

1428 731 1476 768 da
1491 739 1594 768 sunt:
1616 731 1830 768 secundum
1851 733 1943 769 illud
1959 733 2076 769 Isaiae
2092 733 2221 770 LX111*:
2242 734 2401 782 Spiritus
2416 736 2493 771 Do-

1426 785 1522 821 mini
1547 785 1680 821 ductor
1707 786 1786 821 eius
1807 786 1895 832 fuit.

1482 837 1544 874 Sic
1563 837 1671 885 igitur
1689 845 1793 886 patet
1807 839 1911 887 quod
1930 839 2153 887 prophetica
2173 840 2354 876 revelatio
2375 852 2492 888 quan-

1428 891 1557 938 doque
1577 891 1734 938 quidem
1755 891 1798 927 fit
1825 903 1894 939 per
1913 893 2034 928 solam
2064 892 2216 929 luminis
2235 892 2492 930 influentiam:

1427 944 1661 992 quandoque
1682 951 1808 980 autern
1829 956 1898 992 per
1918 945 2064 993 species
2085 946 2130 982 de
2151 958 2255 983 novo
2276 946 2492 994 impressas,

1427 997 1489 1033 vel
1519 997 1625 1033 aliter
1653 996 1857 1033 ordinatas.

1480 1051 1540 1085 Αι)
1569 1061 1707 1086 PR1MUM
1737 1061 1836 1086 ERGO
1866 1061 2051 1087 moENDUM
2079 1051 2196 1099 quod,
2227 1051 2322 1088 sicut
2351 1052 2493 1088 dictum

1429 1109 1484 1138 est
1503 1102 1540 1149 ²¹⁶,
1571 1102 1725 1150 quando
1754 1102 1791 1138 in
1811 1100 1824 1123 θ
1852 1103 2075 1161 prophetica
2101 1104 2332 1140 revelatione
2363 1104 2495 1142 divini-

1427 1163 1486 1191 tus
1515 1155 1738 1191 ordinantur
1766 1155 1912 1203 species
1950 1155 2193 1215 imaginariae
2222 1166 2494 1216 praeacceptae

1428 1220 1450 1244 a
1485 1220 1599 1244 sensu
1635 1208 1847 1244 secundum
1887 1209 2174 1256 congruentiam
2214 1210 2262 1246 ad
2295 1210 2493 1248 veritatem

1427 1260 1687 1306 revelandam,
1708 1268 1798 1297 tunc
1829 1262 2068 1298 conversatio
2098 1263 2331 1310 praecedens
2354 1264 2495 1311 aliquid

1428 1320 1608 1362 operatur
1627 1314 1676 1350 ad
1695 1313 1795 1362 ipsas
1816 1314 2097 1351 similitudines:
2128 1327 2206 1352 non
2226 1323 2354 1352 autem
2374 1329 2494 1364 quan-

1428 1366 1478 1403 do
1508 1366 1670 1402 totaliter
1698 1367 1746 1403 ab
1777 1367 1988 1403 extrinseco
2019 1368 2297 1416 imprimuntur.

1481 1420 1540 1455 AD
1561 1431 1752 1456 SECUNDUM
1771 1431 1955 1456 DICENDUM
1980 1421 2084 1469 quod
2113 1421 2209 1457 visio
2238 1421 2496 1459 intellectualis

1428 1484 1507 1508 non
1534 1472 1578 1508 fit
1606 1472 1818 1508 secundum
1848 1472 1995 1520 aliquas
2024 1473 2289 1510 similitudines
2319 1487 2496 1524 corpora—

1428 1525 1482 1562 les
1511 1532 1548 1561 et
1573 1524 1837 1571 individuales,
1858 1525 1902 1562 fit
1929 1534 2058 1563 tamen
2087 1527 2301 1564 secundum
2329 1528 2495 1576 aliquam

1428 1578 1715 1615 similitudinem
1736 1578 2029 1626 intelligibilem:
2060 1580 2162 1616 unde
2182 1581 2415 1628 Augustinus
2445 1582 2498 1618 di-

1429 1631 1489 1679 cit,
1511 1632 1564 1668 IX
1583 1631 1628 1668 de
1651 1632 1687 1668 T
1683 1632 1755 1668 rin.
1776 1631 1806 1678 ²¹⁶,
1838 1632 1943 1680 quod
1966 1633 2079 1669 habet
2103 1633 2254 1670 animus
2277 1634 2498 1672 nonnullam

1427 1685 1565 1734 speciei
1591 1689 1702 1721 notae
1727 1685 2018 1722 similitudinem.
2050 1686 2160 1732 Quae
2185 1686 2340 1735 quidem
2370 1687 2498 1724 simili-

1428 1738 1522 1776 tudo
1558 1737 1797 1786 intelligibilis
1834 1738 1872 1775 in
1910 1739 2142 1776 revelatione
2177 1740 2401 1788 prophetica
2434 1741 2498 1777 ali-

1429 1791 1585 1840 quando
1607 1790 1828 1828 immediate
1857 1792 1890 1828 a'
1907 1793 1992 1828 Deo
2016 1792 2261 1841 imprimitur:
2292 1793 2496 1842 aliquando

1428 1851 1557 1882 autem
1597 1856 1642 1880 ex
1677 1844 1810 1881 formis
1846 1844 2058 1892 imaginatis
2093 1846 2246 1882 resultat
2284 1847 2496 1884 secundum

1430 1897 1662 1935 adiutorium
1691 1897 1904 1946 prophetici
1936 1898 2107 1945 luminis;
2147 1899 2236 1947 quia
2269 1911 2314 1935 ex
2352 1900 2496 1937 eisdem

1429 1951 1561 1988 formis
1590 1950 1802 1998 imaginatis
1832 1951 2002 1988 subtilior
2026 1952 2254 2000 conspicitur
2272 1953 2412 1990 veritas
2441 1966 2498 1990 se-

1431 2004 1600 2041 cundum
1629 2003 1917 2041 illustrationem
1945 2004 2084 2041 altioris
2113 2005 2278 2042 luminis.

1483 2059 1542 2094 AD
1557 2069 1718 2094 TERTmM
1738 2069 1924 2094 memnon
1944 2058 2049 2106 quod
2070 2070 2332 2107 quascumque
2353 2059 2497 2096 formas

1429 2110 1653 2159 imaginatas
1682 2110 1839 2147 naturali
1859 2110 1997 2147 virtute
2026 2111 2146 2148 homo
2175 2119 2300 2160 potest
2318 2112 2496 2159 formare,

1431 2164 1603 2201 absolute
1632 2163 1852 2201 huiusmodi
1881 2164 2051 2201 formas‘
2081 2164 2380 2202 considerando:
2419 2179 2498 2203 non

1430 2225 1560 2254 tamen
1587 2224 1630 2254 ut
1649 2217 1722 2253 sint
1751 2217 1946 2254 ordinatae
1965 2223 1981 2239 ¹
2010 2219 2058 2254 ad
2078 2218 2416 2266 repraesentandas
2445 2219 2497 2255 in-

1429 2269 1638 2318 telligibiles
1656 2269 1835 2307 veritates
1864 2282 1962 2319 quae
1981 2271 2149 2308 hominis
2177 2271 2408 2308 intellectum
2438 2284 2499 2308 ex—

1431 2323 1583 2370 cedunt,
1604 2323 1672 2360 sed
1692 2323 1740 2359 ad
1768 2324 1843 2360 hoc
1863 2324 2122 2361 necessarium
2153 2333 2208 2362 est
2235 2324 2415 2361 auxilium
2439 2338 2499 2362 su-

1430 2376 1680 2426 pernaturalis
1709 2376 1875 2413 luminis.

1485 2543 1509 2577 0)
1529 2545 1636 2577 quando
1662 2545 1698 2570 in.
1710 2558 1729 2564 -·
1748 2544 1906 2577 quandoque
1924 2544 1950 2568 in
1971 2544 2129 2568 PABFIKsC
2149 2549 2173 2569 et
2192 2552 2217 2574 a,
2237 2545 2396 2577 quandoque
2416 2553 2499 2577 neque

1431 2581 1524 2613 ELpC,
1543 2581 1703 2622 quandoque
1721 2580 1759 2611 D;
1779 2585 1838 2605 ante
1857 2583 1921 2604 tunc
1939 2579 1995 2604 PsC
2014 2580 2111 2604 addunt
2129 2583 2163 2605 et.

1485 2616 1511 2684 3)
1523 2615 2130 2683 ἱᾜῗῆἓξέει.Ῑ-ονίῖΐῖὲῑῖια(ιίιῗ’ΒιῖξιὲιτκιρΑε.

975 2767 1315 2799 Commentaria
1337 2766 1594 2799 Cardinalis
1617 2766 1821 2798 Caietam

336 2859 357 2879 N
381 2848 516 2879 articulo
540 2847 681 2878 secundo
706 2846 849 2877 eiusdem
873 2846 1086 2887 quaestionis,
1111 2853 1188 2876 nota
1210 2846 1280 2877 tria.
1310 2846 1375 2876 Pri-

309 2860 429 2923 Imum
448 2900 503 2928 est,
528 2891 607 2933 quid
626 2892 818 2931 acceptionis
834 2890 965 2921 nomine
981 2893 1103 2921 Auctor
1118 2890 1282 2930 intelligat,
1300 2900 1375 2921 cum

306 2947 400 2977 saepe
423 2936 498 2968 dicit
525 2937 564 2966 ad
589 2935 806 2976 cognitionem
829 2945 1015 2965 concurrere
1039 2935 1121 2971 du0,
1147 2934 1265 2966 scilicet
1288 2944 1375 2965 acce-

307 2981 375 3022 ptio
395 2991 451 3012 seu
467 2980 618 3022 receptio,
636 2987 667 3011 et
681 2979 847 3010 iudicium.
873 2979 1022 3019 Intelligit
1037 2979 1123 3009 enim
1146 2989 1202 3019 per
1218 2980 1374 3019 acceptio-

308 3035 379 3055 nem
402 3026 507 3065 ipsam
530 3025 708 3065 specierum
723 3023 1026 3064 repraesentantium
1050 3023 1279 3063 receptionem:
1305 3033 1376 3063 spe-

308 3069 438 3106 cierum,
461 3070 605 3110 inquam,
629 3070 662 3100 in
677 3075 747 3099 toto
770 3068 820 3098 vel
843 3069 876 3098 in
900 3074 987 3109 parte
1003 3077 1170 3104 novarum,
1187 3068 1237 3098 vel
1252 3068 1376 3098 noviter

309 3113 527 3145 ordinatarum
549 3114 589 3144 ad
613 3114 754 3154 aliquam
777 3112 1005 3153 cognitionem.

365 3157 403 3187 11.
427 3157 612 3188 Secundum
635 3165 700 3195 est,
723 3158 813 3199 quod
841 3156 1089 3198 quadrupliciter
1115 3162 1282 3196 generatur
1304 3166 1375 3196 spe-

311 3199 372 3230 cies
399 3199 604 3241 intelligibilis
634 3203 720 3242 apud
747 3212 816 3232 nos.
849 3201 990 3237 Scilicet,
1023 3211 1060 3231 ex
1089 3200 1180 3231 novis
1211 3199 1375 3240 speciebus

310 3243 530 3282 imaginativae
553 3245 724 3286 impressis,
747 3246 797 3277 vel
814 3257 832 3276 a
847 3256 942 3276 sensu
965 3245 1016 3275 vel
1036 3256 1053 3275 a
1069 3245 1148 3275 Deo.
1174 3244 1215 3274 Et
1238 3244 1288 3274 hic
1303 3254 1374 3274 mo-

311 3287 371 3317 dus
396 3287 476 3318 clare
498 3295 595 3328 patet.

366 3331 426 3361 Vel
447 3341 485 3362 ex
507 3332 780 3371 phantasmatibus
800 3334 931 3372 eisdem,
955 3334 1044 3365 aliter
1066 3340 1172 3363 tamen
1197 3332 1374 3372 dispositis:

311 3375 376 3405 sive
400 3375 459 3406 ista
480 3375 598 3406 variata
621 3377 788 3417 dispositio
812 3378 974 3418 contingat
997 3388 1034 3408 ex
1052 3385 1144 3409 motu
1163 3377 1267 3413 locali,
1288 3383 1324 3407 ut
1342 3376 1375 3406 in

312 3419 543 3450 dormientibus
567 3426 597 3450 et
619 3420 808 3460 phreneticis
831 3429 975 3462 apparet;
1007 3422 1072 3452 sive
1103 3432 1139 3452 ex
1165 3421 1300 3461 imperio
1329 3431 1376 3451 ra-

312 3463 407 3493 tionis
423 3463 583 3503 dirigentis
598 3463 834 3513 imaginativam
849 3466 889 3496 ad
902 3466 1120 3506 cognitionem
1135 3465 1374 3501 intellectivam;

72 3525 193 3548 ⁸Aristot
211 3524 240 3547 de
252 3525 285 3546 Α
312 3507 393 3538 sicut
416 3507 503 3537 enim
527 3507 671 3547 superior
694 3508 826 3558 sphaera
848 3517 957 3541 movet
979 3510 1162 3541 naturaliter
1182 3509 1375 3546 inferiorern,

73 3551 258 3607 gaissush¹¹i³123
244 3552 284 3595 11¹3
311 3551 355 3582 ita
377 3561 449 3592 pars
474 3551 599 3582 animae
622 3552 767 3592 superior
788 3559 898 3584 movet
917 3554 1141 3585 inferiorem*.
1166 3555 1208 3585 Et
1232 3554 1283 3585 hic
1310 3564 1378 3584 mo-

73 3604 98 3627 s
112 3604 157 3627 Th.
170 3585 250 3628 iect'.³
237 3590 284 3627 x'v1
312 3596 372 3626 dus
391 3595 610 3626 manifestatur
625 3606 662 3626 ex
677 3595 809 3626 somniis
828 3603 859 3627 et
877 3597 1081 3636 phreneticis,
1106 3598 1138 3628 in
1158 3599 1274 3639 quibus
1294 3608 1377 3629 nova

1426 2846 1518 2876 valde
1542 2845 1725 2886 apparentia
1749 2844 1793 2875 eis
1818 2840 2050 2885 cognoscimus,
2076 2851 2206 2884 propter
2228 2844 2346 2874 variam
2371 2844 2496 2874 ordina-

1426 2890 1549 2921 tionem
1573 2899 1707 2920 suorum
1731 2889 2000 2929 phantasmatum.
2038 2888 2257 2920 Manifestatur
2284 2889 2435 2925 secundo,
2460 2899 2496 2919 ex

1426 2934 1512 2965 varia
1534 2933 1743 2974 dispositione
1773 2933 1954 2969 literarum,
1983 2943 2082 2973 quarn
2109 2940 2231 2964 constat
2258 2933 2360 2963 varios
2387 2943 2495 2973 parere

1427 2979 1619 3009 intellectus:
1645 2978 1748 3008 simile
1771 2977 1930 3018 siquidem
1954 2977 2108 3017 contingit
2131 2977 2164 3007 in
2183 2977 2268 3008 varia
2288 2977 2495 3017 dispositione

1427 3023 1697 3063 phantasmatum.
1721 3022 1762 3052 Et
1785 3032 1898 3062 negare
1921 3022 1995 3052 hinc
2018 3021 2084 3052 fieri
2107 3021 2206 3052 varias
2226 3021 2438 3063 apparitiones
2461 3021 2494 3051 in

1427 3074 1514 3107 parte
1537 3067 1700 3102 sensitiva,
1730 3073 1776 3097 est
1800 3076 1912 3106 negare
1941 3066 2173 3106 experientiam.
2209 3066 2271 3097 Sed
2294 3066 2383 3106 quod
2407 3066 2493 3105 apud

1426 3112 1585 3152 quosdam
1615 3111 1648 3141 in
1678 3111 1814 3141 dubium
1838 3111 1978 3147 vertitur,
2004 3111 2042 3141 de
2066 3110 2269 3141 resultatione
2300 3109 2494 3140 diversarum

1427 3156 1605 3196 specierum
1628 3155 1874 3195 intelligibilium
1897 3155 1930 3185 in
1953 3155 2129 3190 intellectu,
2154 3153 2372 3184 manifestatur
2395 3164 2432 3184 ex
2455 3163 2494 3184 eo

1428 3200 1530 3240 quod,
1556 3199 1706 3230 existente
1730 3209 1813 3229 nova
1836 3199 2033 3239 apparitione
2056 3199 2088 3229 in
2112 3198 2312 3239 imaginativa
2336 3196 2410 3240 (nisi
2434 3198 2494 3228 im-

1428 3244 1648 3284 pedimentum
1665 3242 1759 3273 adsit:
1777 3243 1827 3273 vel
1843 3250 1972 3283 propter
1987 3243 2110 3274 fluxum
2127 3242 2273 3278 nimium,
2290 3249 2327 3272 ut
2341 3242 2374 3272 in
2390 3242 2495 3282 pueris

1429 3295 1459 3318 et
1482 3287 1574 3318 ebriis
1598 3287 1725 3323 accidit;
1750 3287 1800 3317 vel
1822 3294 1953 3327 propter
1976 3287 2201 3317 hebetudinem
2217 3286 2382 3323 virtutum,
2402 3287 2444 3317 ita
2460 3293 2496 3317 ut

1428 3332 1647 3372 phantasmata
1672 3331 1734 3361 sint
1757 3331 1863 3371 inepta
1887 3332 1926 3361 ad
1950 3331 2011 3362 hoc
2035 3331 2124 3372 quod
2148 3331 2275 3361 luceant
2305 3341 2362 3371 per
2384 3331 2494 3361 lumen

1427 3376 1604 3407 intellectus
1621 3375 1750 3415 agentis,
1765 3382 1800 3405 ut
1815 3375 1927 3406 accidit
1942 3375 2135 3416 quibusdam
2149 3375 2334 3405 hominibus
2351 3375 2406 3416 qui
2424 3375 2494 3405 solo

1429 3421 1492 3451 fere
1516 3420 1646 3450 nomine
1670 3428 1744 3450 sunt
1766 3419 1928 3456 homines;
1952 3420 2002 3450 vel
2025 3426 2153 3459 propter
2176 3419 2336 3450 defectum
2361 3420 2496 3460 applica-

1428 3465 1534 3500 tionis,
1559 3471 1594 3494 ut
1617 3464 1779 3503 occupatis
1804 3463 1883 3494 circa
1900 3464 2040 3504 aliquam
2056 3463 2308 3503 speculationem
2325 3464 2493 3503 contingit;

1430 3516 1460 3540 et
1489 3509 1514 3539 si
1545 3508 1622 3549 quid
1653 3508 1739 3539 aliud
1769 3508 1871 3539 simile
1902 3515 1948 3539 est
1981 3507 2278 3551 impedimentum),
2303 3508 2382 3539 nihil
2409 3508 2494 3538 aliud

1429 3553 1598 3594 requiritur
1620 3553 1660 3583 ad
1683 3552 1920 3592 generationem
1942 3552 2057 3592 speciei
2077 3552 2279 3592 intelligibilis
2302 3553 2362 3582 nisi
2385 3553 2493 3582 lumen

1429 3598 1605 3628 intellectus
1629 3597 1760 3637 agentis,
1784 3597 1889 3637 quod,
1914 3603 2072 3638 quantum
2096 3604 2143 3627 est
2166 3607 2202 3627 ex
2227 3607 2276 3633 se,
2302 3606 2425 3636 semper
2449 3602 2494 3625 est

2521 477 2529 486 ⁸
2544 476 2608 498 Vere.
2624 483 2659 505 45.

2523 741 2534 751 ⁸
2545 740 2611 762 Vera.
2627 747 2659 768 ¹4-

2523 1108 2571 1129 In
2586 1113 2691 1160 οοιόροτε.

2527 1644 2536 1653 “
2550 1643 2606 1671 cap.
2621 1649 2650 1664 ιιι,
