2768 4198
60 1029 72 1040 ⁸
82 1028 93 1051 1
102 1027 137 1050 ad
146 1027 202 1050 Gor.
221 1033 273 1055 cap.

60 1061 93 1083 nx,
107 1060 166 1077 vm.
181 1044 214 1076 ιο).

61 1117 72 1130 ·
84 1116 183 1140 aristot.
197 1114 275 1138 mic.

61 1142 275 1220 ἓξῖὲῗὲιοέἰῑ

72 2097 83 2109 ⁴
95 2094 166 2119 unta.
175 2089 207 2118 ῗιι.
229 2087 231 2089 ’

76 2635 86 2646 ⁰
99 2634 171 2656 Num.
186 2639 210 2660 v,
224 2638 256 2654 vt.

76 2678 88 2690 ⁸
99 2677 171 2701 Nam.
186 2681 223 2698 m.

75 2727 206 2778 mum-vu,
213 2721 292 2751 Qffl'·

913 282 1180 327 QUAESTlO
1212 281 1458 328 CLXXXIV,
1487 282 1786 319 ARTICULUS
1814 282 1900 319 VlII

353 360 520 391 Secundus
536 367 582 391 est
598 360 779 390 excellentia
794 366 1026 389 reservatorum
1041 368 1181 390 actuum.
1202 359 1367 390 Manifeste

298 405 383 435 enim
400 412 529 444 apparet
553 404 642 444 quod
659 404 843 434 excellentes
860 410 957 438 actus,
976 410 1011 433 ut
1027 411 1101 434 sunt
1116 405 1368 434 consecrationes

2415 282 2491 328 465

1421 360 1508 391 venit
1538 368 1647 391 curato
1678 360 1737 390 nisi
1766 370 1822 400 per
1845 360 2005 396 accidens,
2031 367 2066 391 ut
2090 360 2287 400 praedictum
2311 360 2404 390 est*:
2440 361 2494 390 sed

1423 404 1591 445 episcopis,
1615 405 1671 446 qui
1696 405 1755 435 soli
1772 411 1846 435 sunt
1862 411 2003 444 pastores
2028 404 2155 445 proprie
2178 405 2354 445 loquendo,
2373 405 2411 435 de
2427 404 2495 445 qui-

298 459 490 490 sponsarum
512 448 639 483 Christi,
664 447 918 478 consecrationes
935 447 1148 484 ecclesiarum,
1173 456 1203 479 et
1227 449 1286 478 alia
1311 449 1368 478 hu·
1394 451 1396 493 ἶΙ
1423 449 1482 478 bus
1507 449 1660 489 scriptum
1685 449 1776 479 est*:
1801 449 1891 480 Alios
1914 454 2020 479 autem
2039 454 2191 489 pastores
2215 454 2245 480 et
2267 449 2422 479 doctores.

298 493 449 528 iusmodi,
474 493 573 523 solius
597 492 739 532 episcopi
764 501 857 521 curae
881 492 1051 522 commissa
1075 499 1159 523 sunt.

1478 493 1517 523 X.
1542 494 1593 523 Ad
1617 493 1740 524 obiecta
1762 501 1870 524 autem
1894 500 2002 524 contra
2027 494 2119 524 tertio
2143 494 2218 524 loco
2241 493 2363 524 dictum
2386 493 2418 523 in
2443 493 2496 523 lit-

359 538 487 567 Tertius
517 543 564 567 est
598 535 802 576 praedicatio,
837 536 921 566 Nam
951 536 1194 575 praedicationis
1226 536 1370 567 officium
1395 532 1397 551 “
1423 543 1505 573 tera,
1529 537 1647 568 scilicet
1677 538 1766 578 quod
1794 539 1991 577 comparatio
2016 539 2076 569 ista
2104 539 2299 579 intelligitur
2320 538 2494 568 secundum

299 581 452 621 episcopo
471 580 504 610 in
522 590 580 610 sua
595 579 831 610 consecratione
855 579 1031 619 iniungitur
1055 588 1089 611 ut
1113 581 1324 612 necessarium
1341 588 1371 611 et
1396 589 1397 611 ι
1423 591 1529 622 genus
1551 582 1706 621 operis*,
1732 583 1957 622 respondetur:
1983 589 2013 612 et
2036 583 2075 612 ad
2099 582 2242 623 primum
2265 582 2380 612 dicitur
2406 582 2495 622 quod

299 625 476 665 proprium.
500 625 567 654 Nec
591 624 696 654 obstat
719 624 808 664 quod
832 624 865 654 in
889 624 1088 655 ordinatione
1111 627 1370 666 presbyterorum
1396 632 1398 665 ξ
1425 635 1462 655 ex
1485 625 1547 655 hoc
1570 626 1640 666 ipso
1664 627 1754 667 quod
1778 636 1852 656 cura
1872 626 2051 657 animarum
2068 627 2217 658 convenit
2233 626 2386 667 episcopo
2410 626 2496 666 prin-

299 669 422 699 dicatur
453 668 542 708 quod
566 667 796 708 presbyterum
821 673 944 708 oportet
966 669 1171 709 praedicare.
1206 670 1370 707 Quoniam
1396 670 1398 674 ⁴

1398 745 1399 758 ἶ
1425 724 1525 753 genus
1549 714 1654 753 operis
1677 715 1798 754 proprii
1823 715 1958 756 utrique.
1983 716 2076 752 Nam,
2094 723 2130 746 ut
2153 723 2239 755 patet
2255 726 2292 746 ex
2309 715 2399 746 dictis
2414 715 2442 751 *,
2461 724 2497 744 ex
2525 718 2534 727 ⁸

300 757 483 787 dicandum.
506 757 581 786 Non
606 756 692 786 enim
715 757 878 797 presbyter
901 766 938 786 ex
954 767 1011 787 sua
1027 757 1226 788 ordinatione
1248 765 1373 788 tenetur
1398 763 1399 793 ἶ
1425 758 1486 788 hoc
1510 758 1580 797 ipso
1605 759 1693 799 quod
1718 759 1784 789 duo
1808 760 1930 799 agentia
1946 767 2117 791 occurrunt
2141 767 2176 791 ut
2199 760 2372 800 principale
2396 766 2427 790 et
2451 769 2498 789 se-

299 801 340 831 ad
363 800 626 841 praedicandum:
652 801 706 830 sed
730 807 847 839 potest,
871 801 896 830 si
921 801 979 831 sibi
1000 802 1229 832 committatur.
1253 803 1319 832 Nec
1336 812 1373 832 ex
1427 802 1626 838 cundarium,
1651 802 1713 833 hoc
1733 810 1779 833 est
1795 811 1829 834 ut
1846 803 2010 843 perficiens
2027 811 2057 835 et
2071 805 2234 841 adiuvans,
2251 805 2394 845 sequitur
2407 804 2497 844 quod

1399 859 1400 882 3
1427 846 1514 876 aliud
1538 854 1583 877 est
1607 857 1690 886 opus
1719 847 1887 887 proprium
1921 848 2110 888 perficientis
2138 856 2168 880 et
2192 849 2279 879 aliud
2309 848 2497 880 adiuvantis.

301 889 398 926 cium,
423 889 484 920 nisi
507 899 564 929 per
586 888 740 924 accidens,
766 889 884 919 scilicet
907 889 932 919 si
957 889 1034 920 sciat
1058 890 1254 930 praedicare:
1283 891 1374 921 cuius
1400 899 1401 926 j
1427 890 1489 920 Sed
1513 890 1588 931 quia
1612 901 1694 931 opus
1710 891 1887 923 adiuvantis
1905 892 2068 923 ordinatur
2089 894 2128 923 ad
2149 903 2232 933 opus
2257 892 2446 934 perficientis
2463 899 2498 923 ut

1400 958 1402 966 s
1428 935 1468 964 ad
1491 934 1598 971 finem,
1619 935 1691 965 ideo
1712 936 1750 965 ab
1770 935 1853 966 illius
1874 936 1976 967 forma
1992 937 2087 967 etiam
2103 938 2343 968 denominatur:
2362 944 2398 968 ut
2412 942 2500 978 patet

302 978 415 1010 dicare.
448 978 510 1009 Sed
533 979 614 1008 bene
637 977 771 1017 exigitur
798 977 861 1008 hoc
884 978 923 1007 ab
947 977 1117 1019 episcopo:
1152 986 1187 1010 ut
1211 986 1296 1019 patet
1319 990 1375 1020 per
1400 978 1402 988 ²

299 722 355 753 per
378 713 441 742 hoc
465 722 532 742 non
555 712 725 742 denotatur
748 712 807 741 nisi
832 719 971 752 potestas
995 714 1085 753 quasi
1102 714 1196 753 ligata
1219 714 1259 743 ad
1283 724 1371 754 prae-

300 846 362 876 hoc
385 845 475 886 quod
498 843 534 875 fit
558 851 696 880 curatus,
721 844 932 875 committitur
955 845 1014 875 sibi
1039 846 1280 886 praedicationis
1305 846 1373 877 offi—

301 934 430 975 signum
454 939 501 964 est
523 934 613 974 quod
637 943 704 963 non
719 933 889 974 requiritur
904 943 922 963 a
939 940 1048 964 curato
1072 935 1162 975 quod
1185 935 1262 965 sciat
1285 945 1374 975 prae-

302 1023 500 1063 Apostolum
524 1022 682 1053 dicentem
697 1022 727 1052 *:
759 1022 822 1052 Vae
845 1023 928 1052 enim
954 1023 1033 1053 mihi
1054 1029 1100 1054 est
1129 1025 1192 1054 nisi
1214 1025 1375 1065 evangeli-

302 1076 439 1110 zavero:
469 1068 641 1098 necessitas
663 1068 747 1098 enim
772 1067 851 1097 mihi
873 1067 1036 1098 incumbit.
1073 1068 1171 1105 Quod
1198 1075 1306 1099 autem
1330 1075 1377 1098 est
1402 1083 1403 1109 ;
1430 1067 1631 1104 animarum,
1657 1068 1731 1108 quia
1755 1078 1852 1108 opera
1876 1079 1932 1099 sua
1963 1070 2088 1100 ordinat
2111 1071 2151 1100 ad
2175 1081 2284 1101 curam
2307 1070 2498 1106 animarum,

1402 1112 1404 1150 ᾗ
1430 1122 1512 1152 quae
1537 1118 1583 1142 est
1606 1112 1774 1152 proprium
1799 1123 1881 1152 opus
1906 1114 2057 1154 episcopi.
2081 1114 2121 1144 Et
2145 1125 2200 1155 per
2219 1115 2290 1151 hoc,
2316 1115 2429 1146 dicitur
2452 1125 2499 1145 se—

1403 1190 1405 1199 }
1431 1156 1600 1192 cundario,
1626 1166 1681 1186 seu
1706 1167 1762 1196 per
1786 1158 1920 1187 modum
1945 1158 2138 1195 adiuvantis,
2164 1159 2278 1190 habere
2302 1169 2411 1190 curam
2433 1159 2500 1189 ani-

305 1207 335 1233 et
357 1212 389 1232 νι
412 1211 482 1242 cap.
497 1201 620 1232 Eccles.
637 1201 746 1239 Hier.‚
771 1207 833 1231 tres
857 1207 932 1231 sunt
956 1199 1083 1230 ordines
1108 1199 1322 1237 efficientium,
1348 1208 1378 1231 et
1404 1202 1405 1205 ’

303 1253 366 1277 tres
391 1245 644 1286 suscipientium,
668 1252 813 1286 respectu
837 1245 934 1276 trium
954 1251 1084 1275 actuum
1099 1244 1377 1276 hierarchicorum.
1404 1253 1406 1283 ᾗ

1405 1307 1406 1319 ;
1434 1288 1510 1318 dicit
1532 1295 1657 1319 tantum
1681 1299 1783 1319 unum
1808 1300 1908 1330 genus
1932 1291 2053 1330 operis,
2086 1292 2139 1321 sed
2169 1291 2243 1322 dicit
2269 1292 2370 1322 multa
2397 1292 2501 1332 operis

294 1332 386 1365 (ordo
402 1335 658 1371 immundorum,
669 1345 810 1375 quorum
825 1341 872 1365 est
878 1335 1033 1375 purgari.
1055 1333 1220 1364 Secundus
1237 1341 1283 1364 est
1299 1335 1379 1364 ordo
1405 1334 1407 1371 ζ
1433 1341 1563 1372 genera:
1589 1339 1667 1372 puta
1683 1334 1825 1365 laborare
1841 1345 1897 1374 per
1913 1336 2048 1365 modum
2064 1335 2261 1375 perficientis,
2281 1336 2423 1366 laborare
2447 1346 2502 1375 per

298 1379 580 1421 presfflerorum,
594 1389 735 1420 quorum
752 1386 798 1410 est
813 1379 1000 1410 illuminare
1006 1388 1069 1418 per
1084 1388 1122 1408 ea
1137 1388 1221 1418 quae
1235 1379 1382 1409 tribuunt
1406 1395 1407 1399 =

303 1122 359 1153 per
381 1112 536 1146 accidens,
561 1111 751 1152 relinquitur
775 1111 813 1141 ab
838 1117 902 1141 arte
917 1110 945 1142 *.

363 1157 510 1194 Quartus
533 1164 580 1187 est
603 1155 747 1187 officium
770 1155 965 1196 perfectoria
997 1155 1099 1192 Nam,
1124 1163 1160 1186 ut
1187 1162 1274 1196 patet
1297 1167 1333 1186 ex
1356 1168 1376 1186 v

304 1290 433 1327 Primus
446 1291 730 1328 θῦεάὶᾶεοηονιιηι,
744 1299 886 1331 quorum
902 1296 948 1320 est
952 1297 1124 1330 purgare:
1143 1289 1194 1319 cui
1207 1290 1380 1329 respondet

304 1429 532 1455 sacramenta:
554 1424 605 1454 cui
629 1424 800 1464 respondet
817 1423 961 1464 populus
979 1428 1257 1454 sacramentorum
1273 1433 1380 1454 susce-

307 1609 338 1633 et
361 1602 508 1642 exemplo
533 1603 617 1633 duci.
642 1602 689 1632 Ex
712 1602 830 1643 quibus
853 1609 940 1642 patet
963 1602 1051 1643 quod
1076 1601 1291 1641 perfectorum
1311 1601 1381 1632 offi-

307 1647 404 1683 cium,
429 1657 484 1678 seu
508 1657 575 1678 esse
598 1646 820 1687 perfectorem,
845 1647 934 1688 quod
958 1656 1123 1677 summum
1141 1654 1248 1677 actum
1267 1646 1380 1677 hierar·

307 1691 436 1723 chicum
454 1692 616 1732 importat,
638 1692 752 1732 procul
768 1691 868 1722 dubio
892 1691 1083 1732 requisitum
1099 1691 1139 1721 ad
1162 1691 1382 1732 complemen-

307 1743 379 1768 tum
403 1746 498 1768 curae
520 1736 711 1772 animarum,
732 1746 797 1767 non
822 1744 943 1772 curato,
968 1736 1023 1767 sed
1047 1736 1199 1777 episcopo
1224 1736 1381 1767 convenit.

368 1781 542 1819 Quintum,
568 1781 658 1822 quod
682 1791 719 1811 ex
743 1781 894 1812 omnibus
919 1780 1010 1811 dictis
1033 1781 1194 1822 sequitur,
1219 1787 1266 1811 est
1292 1782 1383 1822 quod

308 1835 400 1867 agere
432 1826 547 1857 directe
578 1826 617 1856 ad
649 1826 784 1856 salutem
817 1825 997 1856 animarum
1025 1833 1072 1856 est
1102 1825 1270 1866 proprium
1298 1835 1382 1866 opus

309 1869 467 1912 episcopi:
498 1870 542 1902 ita
573 1870 663 1911 quod
691 1870 872 1901 animarum
903 1869 1007 1906 salus,
1031 1879 1114 1911 quae
1138 1876 1185 1900 est
1215 1869 1319 1900 forma
1344 1871 1382 1900 ab

309 1921 422 1956 agente
444 1925 554 1946 curam
575 1915 755 1945 animarum
779 1914 993 1955 principaliter
1009 1914 1138 1951 intenta,
1164 1922 1210 1945 est
1234 1914 1383 1956 proprius

309 1958 382 1993 finis
404 1969 497 1993 curae
511 1959 612 1999 ipsius
628 1959 787 2000 episcopi;
811 1959 893 1990 sicut
912 1959 1016 1990 forma
1032 1960 1149 1990 domus
1170 1965 1216 1990 est
1235 1959 1385 2000 proprius

310 2003 382 2037 finis
406 2003 668 2040 domificationis,
700 2010 731 2034 et
760 2003 988 2035 domificatoris
1017 2010 1052 2034 ut
1075 2003 1130 2035 sic.

365 2047 406 2079 Et
428 2048 472 2080 sic
496 2055 582 2091 patet
605 2049 744 2079 secunda
768 2049 933 2079 conclusio
956 2048 1087 2079 litterae.

367 2092 450 2124 VIlI.
476 2093 528 2123 Ad
551 2093 674 2124 obiecta
698 2103 773 2133 ergo
795 2093 827 2123 in
845 2093 1034 2134 oppositum
1049 2093 1066 2111 *
1090 2092 1233 2122 ordinate
1256 2102 1386 2134 respon·
1412 2102 1414 2107 ·

312 2137 430 2174 dendo,
454 2137 570 2168 dicitur
599 2137 736 2178 primam
765 2137 940 2174 rationem,
965 2136 1099 2173 scilicet,
1123 2137 1311 2178 Religiosus
1333 2137 1386 2167 ob·
1413 2141 1415 2166 ὲ
1438 2135 1579 2167 muniter
1610 2145 1676 2166 non
1705 2142 1842 2176 possunt
1871 2134 2037 2175 perficere,
2069 2134 2133 2165 dati
2157 2140 2231 2164 sunt
2254 2134 2298 2164 eis
2325 2133 2511 2164 huiusmodi

311 2182 396 2224 ligat
411 2187 511 2213 totam
529 2183 629 2213 vitam
645 2192 739 2213 suam
759 2182 803 2213 ad
819 2182 962 2213 studium
980 2181 1193 2222 perfectionis
1208 2188 1279 2218 etc„
1305 2188 1388 2212 stare

311 2226 450 2258 solidam
474 2234 504 2259 et
526 2227 675 2258 validam.
699 2227 742 2257 Et
764 2237 840 2258 cum
864 2227 988 2263 dicitur,
1012 2226 1199 2267 Religiosus
1221 2226 1316 2257 habet
1334 2236 1388 2257 cu-

313 2281 385 2303 ram
407 2272 460 2303 sui
483 2272 595 2312 ipsius,
620 2276 756 2303 curatus
777 2277 885 2303 autem
905 2271 1035 2312 populi:
1063 2270 1276 2310 respondetur
1298 2271 1388 2311 quod

314 2315 429 2347 habere
453 2326 562 2347 curam
586 2316 701 2357 populi
720 2316 876 2357 contingit
890 2315 1072 2358 dupliciter:
1097 2314 1215 2346 scilicet
1230 2316 1388 2356 principa-

312 2361 387 2397 lem,
404 2370 460 2391 seu
480 2360 709 2402 principaliter;
734 2361 784 2391 vel
802 2371 859 2402 per
874 2361 1011 2391 modum
1026 2359 1214 2391 adiuvantis.
1239 2360 1281 2391 Et
1299 2361 1388 2401 quod

313 2405 430 2436 habere
460 2415 570 2436 curam
600 2405 715 2446 populi
744 2405 952 2446 principalem
988 2412 1019 2436 et
1048 2404 1263 2445 principaliter
1293 2405 1389 2446 longe

314 2450 430 2481 melius
453 2456 502 2483 est
523 2460 561 2481 ex
584 2460 644 2481 suo
668 2460 782 2490 genere
813 2460 913 2491 quam
936 2449 1051 2480 habere
1076 2459 1186 2480 curam
1214 2450 1264 2480 sui
1287 2449 1390 2490 ipsius
1416 2466 1417 2470 =

314 2501 454 2526 tantum:
475 2495 531 2525 sed
545 2495 608 2526 hoc
624 2504 691 2525 non
708 2494 856 2526 convenit
873 2501 994 2526 curato.
1014 2495 1140 2525 Habere
1155 2501 1263 2525 autem
1281 2504 1389 2525 curam

316 2549 372 2580 per
394 2539 534 2570 modum
555 2539 744 2576 adjuvantis,
769 2539 877 2570 minus
897 2546 943 2570 est
966 2549 1066 2580 quam
1089 2539 1203 2569 habere
1219 2547 1335 2571 votum
1350 2540 1390 2569 ad

316 2582 546 2624 perfectionem
578 2589 772 2624 perpetuum
799 2583 832 2613 in
858 2583 975 2624 seipso.
1011 2583 1062 2614 Sic
1085 2590 1194 2614 autem
1217 2594 1251 2614 se
1273 2583 1392 2615 habent

317 2627 457 2667 religiosi
480 2633 511 2657 et
534 2627 649 2658 curati:
674 2634 711 2658 ut
733 2634 821 2668 patet
844 2637 882 2658 ex
905 2627 995 2658 dictis
1011 2627 1038 2658 *.

373 2672 427 2702 IX.
452 2672 503 2702 Ad
527 2672 650 2702 obiecta
665 2681 742 2702 vero
759 2678 869 2703 contra
885 2671 1059 2703 secundam
1074 2671 1231 2702 rationem
1242 2671 1260 2691 *
1276 2671 1392 2703 dicitur

318 2717 419 2758 quod,
436 2722 472 2747 ut
487 2722 574 2756 patet
597 2726 634 2747 ex
656 2716 825 2757 Dionysio,
841 2715 916 2747 loco
939 2716 1150 2756 praeallegato
1161 2716 1189 2752 *‚
1209 2715 1327 2747 falsum
1346 2723 1393 2747 est

318 2761 409 2803 quod
431 2762 578 2792 sacerdos
601 2760 854 2801 non-episcopus
884 2761 998 2791 habeat
1021 2770 1134 2791 omnes
1162 2766 1250 2791 actus
1278 2760 1393 2791 hierar-

319 2805 437 2838 chicos.
462 2806 627 2843 Quoniam
651 2805 710 2836 sibi
726 2805 814 2836 deest
836 2815 1015 2846 supremus,
1032 2805 1087 2846 qui
1111 2811 1158 2835 est
1181 2804 1340 2845 perficere.

375 2850 417 2880 Et
439 2860 515 2881 cum
539 2849 668 2887 dicitur,
693 2850 823 2892 Perficit
845 2850 1007 2881 docendo:
1036 2849 1247 2889 respondetur
1269 2849 1392 2889 primo,

319 2894 409 2937 quod
433 2905 499 2925 non
523 2894 690 2936 quodlibet
712 2895 825 2925 docere
856 2893 971 2931 sufficit
994 2894 1034 2924 ad
1057 2893 1303 2934 perficiendum:
1337 2894 1393 2924 sed

319 2939 491 2980 requiritur
518 2940 608 2981 quod
631 2939 671 2970 sit
703 2939 816 2970 docere
847 2946 884 2969 ea
916 2948 999 2979 quae
1029 2945 1104 2969 sunt
1127 2937 1167 2968 ad
1189 2937 1393 2978 perfectionis

319 2990 439 3016 statum
462 2991 493 3015 et
516 2990 737 3025 augmentum.
763 2984 861 3021 Quod
885 2983 1017 3023 quidem
1040 2982 1213 3023 episcope,
1238 2989 1392 3023 tanquam

320 3028 567 3070 perfectissimo,
591 3029 660 3060 iure
684 3028 848 3060 convenit:
877 3038 944 3058 non
967 3035 1076 3059 autem
1099 3033 1225 3063 curato,
1251 3026 1302 3057 cui
1325 3037 1393 3057 non

321 3074 470 3105 convenit
493 3075 607 3105 docere
631 3074 692 3104 nisi
714 3072 849 3103 minima
873 3072 1042 3114 quaedam,
1067 3079 1144 3112 puta
1167 3071 1298 3112 quando
1318 3077 1394 3102 sunt

321 3118 445 3159 vigiliae
460 3118 666 3155 ieiuniorum,
690 3117 821 3159 quando
836 3116 924 3153 festa,
949 3123 980 3147 et
1003 3116 1171 3158 quomodo
1191 3115 1306 3146 debent
1325 3115 1392 3146 sine

322 3163 450 3194 mortali
479 3170 610 3205 peccato
643 3163 683 3193 ad
715 3168 909 3193 sacramenta
938 3160 1061 3197 venire,
1093 3159 1331 3191 communicare
1362 3166 1394 3190 et

323 3207 477 3239 confiteri.

379 3252 605 3292 Respondetur
627 3252 780 3288 secundo,
796 3251 886 3292 quod
902 3250 1015 3281 docere
1031 3248 1215 3290 simpliciter
1233 3257 1300 3278 non
1317 3257 1393 3278 con-

1425 669 1566 709 cipaliter
1589 677 1620 700 et
1643 677 1752 700 curato
1777 671 1974 707 secundario,
2000 671 2142 712 sequitur
2161 671 2250 712 quod
2266 682 2331 702 non
2349 677 2395 701 est
2410 671 2494 700 idem

1429 986 1459 1009 et
1482 979 1514 1008 in
1538 979 1743 1015 naturalibus,
1769 987 1799 1010 et
1821 981 1853 1010 in
1874 981 2020 1020 exemplo
2046 982 2119 1012 dato
2145 982 2183 1012 de
2203 982 2282 1012 duce
2299 989 2329 1012 et
2345 981 2499 1012 militibus

1429 1030 1573 1062 respectu
1596 1024 1745 1054 victoriae
1759 1023 1786 1054 *.
1817 1025 1857 1055 Et
1881 1025 1924 1055 sic
1952 1032 2078 1056 curatus
2110 1026 2224 1057 dicitur
2246 1026 2362 1056 habere
2390 1036 2499 1056 curam

1432 1209 1574 1230 marum:
1600 1210 1666 1230 non
1690 1201 1779 1241 quod
1803 1211 1876 1231 cura
1901 1202 2080 1232 animarum
2104 1202 2143 1233 sit
2167 1203 2234 1233 eius
2257 1213 2350 1243 opus.

1488 1245 1539 1274 Ad
1563 1243 1840 1276 confirmationem
1865 1245 1978 1276 dicitur
2001 1247 2090 1287 quod
2114 1247 2263 1278 laborare
2279 1248 2311 1277 in
2326 1257 2410 1288 agro
2433 1257 2499 1277 non

1433 1377 1571 1407 modum
1594 1377 1802 1417 disponentis,
1827 1379 1968 1409 laborare
1993 1390 2049 1419 per
2072 1381 2207 1410 modurn
2231 1380 2423 1416 adiuvantis,
2442 1388 2501 1410 etc.

1406 1454 1407 1459 ¹
1433 1421 1475 1451 Et
1498 1428 1665 1461 propterea
1689 1431 1726 1451 ex
1749 1422 1810 1452 hoc
1834 1423 1904 1463 ipso
1931 1424 2018 1463 quod
2044 1424 2141 1454 curati
2166 1432 2239 1455 sunt
2263 1425 2301 1454 de
2325 1424 2435 1454 ordine
2458 1425 2502 1454 la-

299 1470 422 1510 ptivus,
458 1468 586 1499 Tertius
619 1475 666 1499 est
695 1470 928 1509 episcoporum,
961 1477 1103 1508 quorum
1135 1467 1303 1508 proprium
1334 1474 1382 1498 est
1406 1470 1408 1505 ξ
1433 1465 1618 1496 borantium
1641 1465 1674 1495 in
1698 1476 1783 1506 agro,
1810 1477 1875 1497 non
1898 1467 2029 1498 habetur
2048 1469 2137 1509 quod
2154 1469 2295 1499 eiusdem
2312 1469 2441 1499 rationis
2466 1468 2504 1498 sit

301 1513 479 1555 perficere:
502 1513 553 1544 cui
577 1514 748 1553 respondet
767 1513 847 1544 ordo
864 1513 1097 1553 religiosorum,
1118 1522 1260 1553 quorum
1277 1519 1323 1543 est
1342 1514 1380 1543 ab
1407 1509 1408 1520 ¹

306 1557 465 1598 episcopis
482 1558 610 1599 perfici,
628 1558 691 1588 hoc
710 1565 766 1594 est,
783 1558 823 1588 ad
846 1556 1075 1598 perfectionem
1099 1566 1214 1587 eorum
1238 1557 1381 1588 doctrina
1407 1576 1409 1600 i

1433 1510 1525 1540 labor
1548 1520 1626 1541 suus
1650 1520 1725 1540 cum
1748 1511 1856 1541 labore
1880 1511 2064 1552 episcopali.

1490 1555 1542 1585 Ad
1566 1554 1717 1585 ultimum
1742 1555 1856 1586 dicitur
1880 1557 2026 1596 negando
2054 1557 2258 1593 antecedens,
2283 1557 2414 1587 scilicet:
2442 1557 2506 1586 Cu—

1435 1601 1502 1630 rati
1523 1605 1600 1630 sunt
1628 1604 1664 1630 ut
1681 1599 1892 1640 perfectores.
1930 1601 1971 1630 Et
1993 1601 2033 1630 ad
2064 1601 2285 1640 probationem
2310 1601 2421 1631 dicitur
2445 1601 2505 1630 dis-

1435 1644 1612 1684 tinguendo
1641 1645 1730 1684 quod
1755 1653 1880 1676 curatos
1912 1654 1978 1675 esse
2009 1644 2158 1675 officiales
2186 1645 2373 1685 perfectivos
2403 1652 2508 1684 potest

1435 1688 1567 1729 intelligi
1592 1688 1776 1729 dupliciter,
1802 1689 1920 1720 scilicet
1950 1689 2183 1729 principaliter,
2208 1689 2257 1719 vel
2288 1699 2343 1729 per
2372 1690 2508 1719 modum

1436 1733 1614 1764 adiuvantis
1628 1742 1635 1763 ε
1661 1740 1691 1764 et
1714 1734 1802 1774 quod
1820 1734 1919 1764 curati
1936 1743 2002 1764 non
2017 1741 2091 1764 sunt
2108 1733 2269 1774 perfectivi
2284 1733 2507 1774 principaliter,

1408 1805 1410 1817 ,
1437 1778 1492 1808 sed
1515 1788 1572 1819 per
1595 1777 1731 1808 modum
1754 1778 1932 1809 adiuvantis
1956 1785 2092 1810 tanturn.
2117 1778 2309 1809 Perfectores
2325 1784 2432 1809 autem
2449 1778 2509 1808 soli

1409 1847 1411 1859 ,,
1437 1829 1511 1853 sunt
1534 1822 1591 1863 qui
1614 1829 1689 1853 sunt
1711 1822 1926 1863 principaliter
1945 1822 2119 1863 perfectivi,
2139 1829 2174 1853 ut
2193 1829 2267 1853 sunt
2290 1822 2444 1862 episcopi..

1490 1867 1533 1897 Et
1547 1867 1626 1898 scito
1643 1867 1743 1908 quod,
1759 1877 1834 1898 cum
1850 1867 1963 1898 dicitur
1979 1874 2104 1898 curatos
2121 1877 2188 1897 esse
2203 1866 2352 1897 officiales
2369 1877 2425 1897 seu
2441 1876 2510 1897 coa-

1437 1911 1577 1942 diutores
1601 1912 1845 1952 episcoporum,
1869 1911 2054 1952 intelligitur
2076 1912 2165 1952 quod
2189 1918 2263 1942 sunt
2286 1910 2434 1942 officiales
2458 1921 2508 1941 or-

1437 1956 1560 1993 dinarii,
1578 1957 1779 1987 coadiutores
1802 1956 1961 1993 ordinarii,
1978 1963 2008 1988 et
2031 1957 2119 1987 velut
2141 1956 2350 1986 instrumenta
2372 1956 2510 1985 animata

1412 2033 1413 2040 ἵ
1438 2001 1606 2032 ordinaria.
1642 2001 1805 2033 Adiuvant
1835 2001 1919 2032 enim
1953 2010 2115 2042 opemque
2146 2000 2252 2031 ferunt
2284 2000 2440 2040 episcopis
2471 2000 2510 2030 ad

1438 2045 1609 2086 perfectam
1628 2055 1737 2076 curam
1754 2045 1943 2081 animarum,
1968 2056 2067 2087 quam
2090 2051 2236 2076 tenentur
2252 2045 2366 2075 habere
2381 2051 2411 2076 et
2426 2054 2509 2075 exer-

1439 2101 1507 2121 cere
1523 2091 1584 2131 ipsi
1601 2090 1753 2132 episcopi.
1779 2090 1863 2128 Quia
1879 2090 1965 2121 enim
1989 2100 2045 2131 per
2061 2090 2182 2130 seipsos
2198 2089 2316 2129 integre
2333 2099 2403 2120 eam
2424 2099 2510 2119 com-

1439 2180 1609 2211 adiutores.
1634 2180 1676 2210 Et
1696 2190 1752 2220 per
1770 2179 1833 2210 hoc
1849 2179 1998 2210 differunt
2020 2180 2060 2209 ab
2085 2178 2283 2210 adiutoribus
2307 2177 2466 2218 delegatis.

1494 2225 1548 2256 XI.
1573 2225 1608 2255 In
1632 2224 1748 2255 eodem
1771 2223 1922 2260 articulo,
1947 2224 1980 2254 in
2004 2224 2143 2254 secunda
2167 2223 2405 2264 comparatione
2431 2222 2512 2252 inter

1414 2269 1416 2292 ἓ
1440 2269 1627 2309 religiosum
1651 2276 1682 2300 et
1705 2275 1861 2305 curatum,
1887 2269 1995 2310 quoad
2015 2268 2233 2299 difficultatem
2252 2268 2332 2298 bene
2348 2266 2513 2308 operandi,

1415 2328 1417 2360 ξ
1441 2314 1578 2345 dubium
1601 2314 1691 2355 quod
1715 2319 1909 2350 occurreret,
1934 2313 2053 2344 scilicet
2075 2312 2151 2353 quia
2174 2322 2248 2343 cura
2272 2311 2452 2342 animarum
2475 2320 2512 2341 ex

1441 2358 1596 2389 arduitate
1620 2358 1725 2398 operis
1750 2365 1797 2388 est
1820 2357 1977 2389 difficilior
2000 2367 2098 2399 quam
2123 2356 2321 2388 observantia
2344 2355 2512 2396 regulariS,

1442 2404 1506 2434 iarn
1530 2410 1630 2434 cessat
1653 2413 1691 2434 ex
1710 2409 1781 2433 ante
1797 2403 1814 2421 ’⁸‘
1833 2402 2010 2434 declaratis:
2035 2402 2153 2432 scilicet
2169 2411 2206 2432 ex
2222 2411 2260 2431 eo
2285 2401 2374 2442 quod
2397 2400 2513 2431 falsum

1443 2455 1489 2479 est
1512 2457 1622 2478 curam
1646 2447 1825 2478 animarum
1850 2457 1916 2478 esse
1937 2457 2020 2487 opus
2037 2446 2146 2482 curati,
2171 2445 2230 2476 nisi
2253 2444 2387 2475 finaliter
2410 2451 2441 2475 et
2464 2444 2515 2474 de-

1443 2492 1652 2523 nominative.

1497 2537 1634 2578 Reliqua
1657 2543 1765 2567 autem
1795 2546 1877 2576 quae
1901 2535 1934 2566 in
1957 2535 2017 2566 hac
2040 2534 2279 2574 comparatione
2310 2533 2422 2564 diffuse
2452 2539 2513 2563 tra-

1443 2582 1564 2613 duntur
1579 2581 1612 2611 in
1628 2580 1739 2617 littera,
1757 2580 1791 2610 in
1806 2579 2069 2620 responsionibus
2092 2585 2356 2619 argumentorum
2367 2577 2394 2614 *,
2419 2576 2514 2607 stabi-

1443 2625 1530 2657 litate
1553 2624 1671 2666 ingenii
1695 2631 1801 2665 egent,
1827 2631 1863 2655 ut
1885 2634 1951 2654 non
1976 2623 2108 2654 divertat
2131 2622 2202 2663 quis
2226 2632 2244 2652 a
2268 2621 2449 2652 difficultate
2473 2621 2512 2651 ab

1442 2670 1624 2706 intrinseco,
1649 2670 1711 2700 hoc
1735 2675 1781 2699 est
1805 2678 1841 2699 ex
1860 2668 1931 2708 ipso
1951 2677 2073 2708 genere,
2098 2667 2138 2697 ad
2161 2665 2379 2696 difficultatem
2402 2665 2441 2695 ab
2461 2675 2511 2695 ex-

1443 2715 1590 2751 trinseco,
1614 2713 1677 2744 hoc
1700 2720 1747 2744 est
1770 2723 1807 2743 ex
1823 2712 2028 2743 exterioribus
2043 2709 2292 2751 impedimentis:
2317 2716 2348 2740 et
2370 2708 2513 2740 similiter

1418 2789 1421 2796 ,
1444 2770 1512 2790 non
1535 2759 1668 2789 divertat
1698 2767 1717 2788 a
1740 2756 1958 2797 magnitudine
1980 2755 2104 2786 virtutis
2128 2755 2289 2790 absolute,
2321 2754 2360 2783 ad
2384 2754 2512 2793 signum

1444 2802 1672 2844 magnitudinis
1695 2801 1829 2832 virtutis.
1861 2801 1896 2831 ln
1920 2800 2072 2841 religiosis
2096 2799 2255 2840 siquidem
2285 2797 2442 2829 difficilius
2466 2804 2514 2828 est

1445 2858 1528 2889 opus
1552 2849 1590 2878 ab
1610 2846 1796 2878 intrinseco:
1821 2852 1852 2876 et
1875 2852 2040 2886 propterea
2057 2853 2207 2884 magnam
2221 2843 2366 2874 absolute
2380 2841 2510 2883 requirit

1443 2893 1604 2923 virtutem.
1635 2891 1669 2921 In
1694 2890 1808 2921 curatis
1831 2896 1939 2920 autem
1961 2888 2189 2929 impedimenta
2213 2886 2388 2917 difficiliora
2411 2896 2511 2927 quan-

1445 2938 1554 2978 doque
1577 2941 1764 2971 occurrunt,
1790 2944 1887 2975 quae,
1913 2934 1937 2964 si
1961 2933 2142 2969 vincantur,
2167 2941 2316 2972 magnam
2339 2930 2513 2961 ostendunt

1443 2981 1610 3017 virtuterm
1635 2987 1666 3010 et
1689 2979 1715 3010 si
1739 2988 1806 3009 non
1830 2983 2010 3014 occurrunt,
2035 2976 2114 3007 nihil
2137 2976 2327 3011 ostendunt;
2355 2982 2386 3006 et
2409 2975 2434 3004 si
2459 2984 2511 3005 oc-

1445 3032 1577 3057 currunt
1599 3031 1630 3055 et
1653 3024 1800 3059 vincunt,
1832 3022 1990 3053 minorem
2012 3019 2075 3064 [aut
2098 3020 2221 3051 nullam
2252 3019 2431 3060 significant
2452 3019 2512 3049 vir-

1444 3077 1558 3102 tutem.

1500 3115 1542 3144 Et
1564 3113 1642 3143 haec
1665 3111 1823 3143 sufficiant
1849 3111 1888 3141 de
1913 3109 2150 3151 comparatione
2177 3115 2370 3139 curatorum.
2404 3107 2511 3145 Quam

1445 3159 1471 3189 si
1494 3157 1620 3199 plenius
1643 3156 1690 3187 vis
1714 3154 1916 3196 perscrutari,
1940 3154 2009 3194 lege
2032 3156 2205 3184 Auctorem
2229 3153 2262 3182 in
2285 3151 2405 3183 ultimis
2429 3151 2512 3192 capi-

1445 3202 1520 3235 tulis
1535 3207 1685 3232 tractatus
1702 3200 1751 3231 sui
1767 3200 1807 3231 de
1821 3198 2022 3240 Perfectione
2039 3198 2128 3228 Vitae
2142 3197 2329 3238 spiritualis
2339 3196 2368 3234 *,
2386 3195 2441 3227 ubi
2457 3205 2515 3237 per

1447 3246 1547 3277 multa
1572 3245 1711 3285 capitula
1734 3243 1846 3274 diffuse
1870 3242 2033 3274 materiam
2057 3248 2233 3282 pertractat.

1149 3420 1676 3458 -ῇοέιξορ-

469 3667 580 3692 Ξωηιᾼε
598 3666 700 3692 Timor..
714 3648 752 3692 D.
764 3665 879 3691 Tnonae
899 3665 930 3691 T.
948 3666 1002 3691 Vll.

2339 3658 2371 3691 59

2523 362 2618 393 '‘Num.
2626 368 2667 389 vn,
2679 363 2737 384 Ter-

2523 391 2576 410 true.

2523 451 2674 479 ⁴AdEphes„
2685 457 2735 479 cap.

2523 484 2554 504 iv,
2570 484 2627 499 vers.
2645 484 2669 499 n.

2524 586 2534 596 ⁸
2547 585 2618 607 Num.
2634 591 2663 606 iv⁴

2548 717 2620 738 Num.
2634 723 2657 738 v.

2527 1029 2536 1037 ⁶
2551 1026 2609 1048 Ibid.

2540 2406 2550 2416 ³
2563 2405 2633 2427 Num.
2646 2403 2750 2433 praeced.

2539 2573 2551 2585 ’
2563 2573 2601 2595 Ad
2615 2579 2630 2600 ι,
2644 2579 2664 2600 2,
2679 2572 2700 2594 6.

2541 3198 2551 3208 ⁸
2565 3198 2620 3225 Cap.
2640 3203 2679 3218 xxi
2700 3203 2751 3225 sqq.
