2768 4198
75 565 85 576 ⁸
94 565 132 586 Ad
146 564 230 586 obieet.
243 565 287 586 ι’*ω

75 595 136 613 cont.
152 592 254 613 conclus.
267 597 287 619 3.

84 3135 104 3157 S

87 3401 123 3423 ad.
140 3407 155 3423 ι.

85 3111 94 3120 “
109 3109 159 3131 Lib.
174 3108 204 3135 Χ,
219 3109 247 3130 ad
261 3109 294 3131 lit.

315 305 390 341 286

315 383 472 415 hementia
495 384 546 414 vel
568 383 713 414 firmitate
737 389 899 423 operatur:
929 379 1094 410 crudelitas
1117 387 1191 407 vero
1217 386 1252 406 ex
1280 375 1378 405 animi

315 428 489 468 asperitate.
514 429 606 459 Unde
626 428 679 458 illa
703 427 898 461 irascibilem,
916 425 973 454 ista
989 423 1187 452 voluntatem
1211 419 1376 455 deformat,

314 479 350 502 ut
373 473 541 512 proprium
565 472 751 502 subiectum.

371 516 409 547 II.
434 517 469 546 In
493 517 607 546 eodem
631 515 772 550 articulo,
797 514 828 542 in
853 510 1058 551 responsione
1082 509 1120 539 ad
1145 508 1297 549 primurn,
1321 508 1378 537 du-

315 560 404 590 bium
428 571 463 590 ex
487 560 635 597 Murano,
659 559 775 589 ibidem
790 558 816 593 *,
842 554 987 590 occurrit,
1005 560 1154 593 arguente
1178 559 1296 583 contra.
1321 552 1380 582 Per

315 605 513 635 dulcedinem
538 611 567 635 et
591 603 801 633 austeritatem
825 599 920 630 animi
937 598 1157 637 intelliguntur
1175 597 1235 637 ipsi
1254 596 1380 626 habitus

315 649 497 679 clementiae
521 655 550 678 et
574 646 777 677 crudelitatis:
809 652 863 674 aut
887 643 1011 684 aliquae
1039 641 1265 683 dispositiones
1289 647 1380 671 natu-

313 693 392 723 rales
408 693 447 722 ad
464 699 560 722 actus.
577 692 650 721 Non
668 689 857 720 secundum:
877 687 952 728 quia
969 693 1052 717 extra
1070 686 1272 726 propositum
1289 691 1380 715 esset.
1407 694 1409 698 ⁴

313 737 397 776 Ergo
421 736 570 775 primum.
595 734 656 765 Sed
677 740 795 764 contra.
821 732 935 763 Omnis
958 730 1084 761 habitus
1101 730 1235 771 pertinet
1251 730 1290 759 ad
1308 740 1381 760 ean·
1408 734 1410 738 ’

315 781 387 811 dem
405 780 552 810 virtutem
577 779 614 808 ad
639 787 736 818 quam
763 783 881 816 spectat
904 786 981 806 suus
1011 782 1098 806 actus
1126 774 1285 815 proprius.
1319 774 1380 805 Sed

313 824 363 855 isti
387 824 510 854 habitus
542 832 606 852 non
631 828 772 862 spectant
795 822 834 851 ad
850 820 1002 851 iustitiam
1021 826 1051 850 et
1073 819 1270 850 iniustitiam.
1295 819 1380 858 Ergo
1409 838 1410 843 ,

312 869 428 898 habent
450 867 611 897 interiores
635 873 722 896 actus
746 865 802 906 qui
830 875 887 895 nec
916 865 955 894 ad
979 864 1132 895 iustitiam
1156 874 1213 894 nec
1237 863 1276 893 ad
1300 863 1381 894 iniu-

313 912 429 942 stitiam
455 911 620 951 pertinent.

368 956 418 986 Ad
440 956 502 985 hoc
525 954 648 991 dicitur,
674 953 974 994 praedistinguendo
991 953 1080 994 quod
1103 952 1248 984 habitum
1268 953 1382 983 habere

311 1000 491 1030 interiorem
515 1005 622 1029 actum
646 998 703 1029 sibi
727 998 904 1039 proprium,
920 1005 1026 1038 potest
1047 998 1180 1039 intelligi
1205 997 1381 1038 dupliciter.

312 1045 385 1074 Uno
410 1044 520 1079 modo,
545 1043 577 1073 in
605 1053 717 1083 genere
742 1050 888 1074 naturae:
923 1049 1000 1083 puta
1024 1042 1165 1083 aliquam
1193 1042 1381 1073 volitionem

311 1088 353 1118 ita
378 1098 468 1118 suam
493 1088 581 1128 quod
605 1088 726 1118 illamet
750 1098 815 1118 non
840 1094 967 1128 oportet
986 1088 1074 1129 quod
1098 1087 1268 1118 informata
1284 1087 1324 1118 sit
1339 1088 1382 1117 al-

310 1139 377 1163 tero
402 1132 521 1163 habitu.
546 1133 587 1162 Et
603 1132 647 1163 sic
670 1132 786 1163 falsum
803 1139 850 1163 est
865 1142 997 1162 omnem
1016 1131 1161 1163 habitum
1176 1132 1290 1162 habere
1305 1142 1382 1172 ope·
1410 1131 1412 1139 '

310 1176 466 1207 rationem
490 1176 548 1207 sibi
566 1177 738 1217 propriam.
764 1177 804 1208 Et
829 1177 916 1207 nulla
940 1176 1021 1207 forte
1045 1184 1091 1207 est
1106 1177 1218 1207 volitio
1242 1176 1383 1207 virtuosa
1410 1183 1412 1190 '

311 1231 392 1262 quae
416 1221 542 1251 duobus
567 1221 678 1252 saltem
695 1221 854 1252 habitibus
874 1231 940 1252 non
965 1228 1064 1261 egeat.
1088 1239 1108 1244 —
1131 1221 1205 1252 Alio
1222 1222 1333 1258 modo,
1350 1221 1383 1252 in

311 1275 424 1306 genere
448 1265 556 1296 moris.
582 1266 623 1296 Et
642 1267 686 1296 sic
709 1276 820 1296 verum
838 1273 884 1297 est
899 1266 989 1307 quod
1013 1266 1118 1296 omnis
1141 1265 1267 1296 habitus
1290 1266 1384 1297 habet

311 1317 419 1341 actum
442 1310 500 1342 sibi
524 1310 692 1351 proprium
722 1311 765 1342 ita
788 1311 893 1352 quod,
918 1317 954 1341 ut
976 1310 1037 1346 sic,
1062 1310 1124 1341 hoc
1148 1317 1195 1341 est
1225 1317 1260 1341 ut
1283 1310 1383 1342 infor-

311 1362 416 1385 matus
440 1354 496 1385 illo
521 1355 640 1391 habitu,
665 1365 731 1385 non
755 1362 801 1386 est
825 1355 952 1386 alterius
976 1355 1114 1386 habitus.
1188 1383 1191 1385 .

368 1400 419 1429 Ad
442 1408 667 1439 argumentum
691 1409 766 1440 ergo
791 1399 906 1430 dicitur
929 1400 1018 1440 quod
1037 1402 1161 1430 Auctor
1183 1399 1330 1439 intelligit
1345 1400 1385 1430 de

312 1443 387 1484 ipsis
411 1443 570 1475 habitibus
598 1444 722 1475 virtutis
751 1444 937 1475 clementiae
965 1451 996 1475 et
1017 1444 1085 1475 vitii
1109 1444 1310 1475 crudelitatis.
1344 1444 1385 1475 Et

313 1498 387 1518 cum
412 1488 540 1525 dicitur,
563 1489 706 1520 Habitus
729 1494 760 1520 et
786 1494 878 1520 actus
901 1490 1060 1530 proprius
1089 1489 1132 1519 ad
1155 1489 1288 1520 eandem
1312 1498 1383 1530 spe-

313 1538 401 1563 ctant
434 1534 600 1571 virtutem,
627 1533 811 1564 conceditur
835 1534 873 1564 de
897 1540 968 1564 actu
999 1533 1032 1563 in
1062 1543 1176 1573 genere
1204 1533 1313 1564 moris.
1345 1534 1386 1564 Et

313 1587 387 1608 curn
411 1578 556 1608 subditur
579 1578 668 1619 quod
690 1577 741 1608 isti
764 1578 890 1608 habitus
914 1588 979 1608 non
1004 1584 1146 1618 spectant
1169 1579 1208 1608 ad
1232 1578 1385 1609 iustitiam

313 1629 344 1652 et
366 1621 572 1653 iniustitiam:
599 1622 783 1653 conceditur
805 1622 895 1663 quod
919 1633 984 1653 non
1009 1629 1083 1653 sunt
1106 1622 1231 1653 habitus
1250 1622 1385 1653 iustitiae
1413 1644 1414 1648 ,

313 1673 344 1697 et
359 1666 540 1698 iniustitiae.
564 1667 606 1697 Et
623 1677 697 1698 cum
713 1667 856 1704 infertur,
879 1667 972 1708 Ergo
993 1667 1109 1698 habent
1128 1672 1220 1697 actus
1234 1669 1386 1708 proprios

313 1712 368 1752 qui
392 1721 450 1742 nec
472 1712 516 1742 ad
539 1712 693 1742 iustitiam
711 1721 768 1742 nec
790 1712 834 1742 ad
853 1713 1040 1742 iniustitiam
1059 1712 1235 1752 pertinent,
1253 1722 1384 1752 respon-

314 1756 406 1786 detur
429 1756 519 1797 quod
542 1756 659 1786 habent
675 1762 763 1786 actus
787 1755 935 1796 proprios
959 1755 992 1785 in
1015 1765 1128 1795 genere
1144 1756 1243 1786 moris
1266 1756 1333 1796 qui,
1351 1763 1387 1787 ut

314 1800 367 1836 sic,
386 1810 443 1831 nec
459 1801 498 1831 ad
515 1800 668 1831 iustitiam
692 1810 749 1831 nec
764 1800 803 1830 ad
822 1799 1008 1830 iniustitiam
1033 1799 1204 1840 pertinent:
1230 1810 1304 1831 cum
1319 1810 1386 1841 quo

314 1851 419 1875 tamen
445 1852 504 1875 stat
527 1845 617 1886 quod
639 1844 752 1875 illimet
774 1851 877 1880 actus,
901 1844 934 1874 in
961 1854 1075 1884 genere
1101 1851 1250 1880 naturae,
1275 1845 1387 1875 adiun-

314 1896 397 1920 ctam
419 1889 537 1920 habent
565 1889 660 1919 aliam
688 1889 899 1920 moralitatem
931 1899 968 1919 ex
997 1888 1116 1920 iustitia
1144 1888 1193 1919 vel
1223 1888 1386 1920 iniustitia.

314 1934 409 1964 Verbi
432 1934 545 1974 gratia,
570 1933 627 1964 iste
651 1940 739 1964 actus
770 1933 826 1974 qui
858 1940 904 1964 est
933 1933 1014 1964 velle
1039 1933 1217 1964 diminuere
1247 1943 1388 1974 poenam

314 1988 409 2015 nunc,
426 1978 487 2015 hic,
505 1985 575 2014 etc.‚
593 1978 771 2009 secundum
790 1985 909 2009 rectam
925 1978 1095 2017 rationem,
1113 1985 1159 2008 est
1175 1988 1193 2008 a
1209 1978 1387 2017 clementia,

314 2033 372 2063 pro
396 2029 518 2063 quanto
541 2022 604 2053 hoc
619 2022 698 2053 velle
723 2033 760 2053 ex
783 2022 881 2053 animi
902 2022 1029 2053 lenitate
1053 2022 1212 2063 procedit:
1234 2030 1264 2054 et
1287 2023 1388 2054 isdem

314 2074 402 2098 actus
426 2074 472 2098 est
495 2067 534 2097 ab
558 2067 725 2108 aequitate,
750 2077 809 2107 pro
834 2075 955 2108 quanto
980 2077 1016 2098 ex
1040 2067 1205 2098 voluntate
1230 2067 1389 2098 conformi

314 2111 483 2142 intentioni
507 2111 695 2152 legislatoris
719 2112 871 2152 procedit.
901 2112 943 2143 Et
969 2111 1111 2143 similiter
1134 2112 1193 2143 iste
1220 2119 1309 2143 actus
1333 2113 1389 2154 qui

315 2163 362 2187 est
383 2156 465 2187 velle
489 2156 556 2187 sine
580 2157 679 2187 modo
704 2156 828 2197 punire,
849 2167 908 2197 pro
931 2163 1054 2197 quanto
1078 2167 1115 2187 ex
1139 2156 1319 2188 austeritate
1343 2164 1390 2188 est

315 2201 430 2236 animi,
455 2201 646 2232 crudelitatis
670 2208 730 2232 est:
760 2211 820 2241 pro
844 2207 966 2242 quanto
995 2209 1042 2232 est
1065 2201 1221 2232 ablativus
1250 2201 1348 2232 invite
1371 2212 1390 2232 a

316 2246 463 2285 proximo
480 2245 569 2286 quod
593 2255 689 2276 suurn
709 2252 765 2282 est,
782 2245 952 2276 iniustitiae
977 2252 1032 2276 est.
1057 2246 1196 2276 Possunt
1220 2245 1306 2276 enim
1329 2245 1390 2276 vir-

317 2296 400 2320 tutes
423 2296 454 2320 et
477 2289 553 2320 vitia
576 2290 608 2320 in
632 2300 736 2320 unum
751 2290 936 2321 interiorem
959 2297 1066 2320 actum
1083 2290 1166 2320 coire
1190 2290 1320 2320 diversis
1343 2300 1390 2320 ra-

993 299 1260 347 QUAESTIO
1292 298 1428 343 CLIX,
1458 296 1758 333 ARTICULUS
1788 297 1820 333 Il

1433 374 1590 405 tionibus:
1623 381 1653 405 et
1677 385 1743 405 non
1767 375 1873 406 solum
1897 375 1929 405 in
1954 386 2055 406 unum
2081 383 2188 407 actum
2218 375 2404 406 exteriorem
2429 386 2505 406 con-

1434 418 1548 449 venire.

1490 463 1541 493 III.
1568 463 1603 492 In
1620 463 1731 494 eadem
1748 464 1957 504 responsione
1973 465 2013 494 ad
2029 465 2181 505 primum,
2203 466 2269 495 duo
2289 464 2387 495 dubia
2402 465 2506 495 adhuc

1435 514 1606 538 occurrunt
1635 508 1675 538 ad
1699 508 1876 539 hominem.
1906 510 2050 540 Primum
2076 517 2123 540 est
2145 510 2234 550 quod
2258 519 2507 550 superexcessus

1431 561 1624 591 poenarum,
1641 558 1796 592 quantum
1820 553 1863 584 ad
1886 554 1919 584 id
1943 554 2029 594 quod
2055 556 2200 585 exterius
2222 555 2347 595 agitur,
2362 555 2506 594 pertinet

1435 595 1478 626 ad
1494 597 1693 627 iniustitiam.
1719 597 1792 628 Hoc
1808 597 1894 628 enim
1910 598 2091 629 adversatur
2106 609 2201 639 supra
2217 599 2317 629 dictis.
2343 598 2507 636 Quoniam

1435 640 1538 680 posita
1562 647 1609 671 est
1633 640 1804 672 differentia
1826 642 1908 672 inter
1931 643 2131 674 clementiam
2160 651 2190 674 et
2216 643 2506 682 mansuetudinem,

1435 684 1467 714 in
1491 691 1547 716 art.
1578 696 1587 715 1
1617 695 1671 726 qu.
1694 696 1785 722 chn,
1809 687 1899 727 quod
1922 689 2135 719 mansuetudo
2151 695 2198 719 est
2218 688 2413 719 moderativa
2437 698 2507 728 pas-

1436 729 1534 759 sionis
1557 729 1631 765 irae,
1658 729 1823 761 clementia
1846 737 1954 761 autem
1978 739 2024 762 est
2047 733 2242 763 moderativa
2266 732 2427 763 exterioris
2451 743 2509 773 pu-

1437 773 1577 805 nitionis.
1607 774 1785 811 Quomodo
1813 781 1896 805 stant
1925 775 2001 806 haec
2032 777 2097 807 duo
2131 777 2242 807 simul:
2273 777 2391 808 scilicet
2419 778 2508 818 quod

1437 818 1571 849 exterior
1587 819 1712 858 punitio
1729 819 1780 849 hic
1797 829 1863 850 non
1880 820 2065 857 crudelitati,
2083 821 2138 851 sed
2154 821 2325 852 iniustitiae
2340 822 2507 858 tribuatur,

1436 863 1480 893 ibi
1503 873 1578 893 vero
1604 861 1812 894 clementiae?
1844 864 1965 894 Eadem
1990 865 2075 895 enim
2099 865 2179 896 ratio
2203 866 2241 896 de
2273 867 2455 898 crudelitate
2479 874 2510 897 et

1437 907 1603 938 clementia
1628 915 1683 938 est.

1493 952 1676 983 Secundum
1700 952 1832 983 dubium
1863 959 1910 984 est
1933 953 2008 994 quia
2031 956 2154 984 Auctor
2177 953 2227 985 hic
2251 955 2343 995 ponit
2375 954 2509 986 crudeli-

1437 1003 1534 1027 tatem
1563 997 1678 1028 directe
1707 997 1831 1038 opponi
1859 997 2057 1029 clementiae:
2089 1005 2120 1029 et
2151 1005 2259 1029 tamen
2290 999 2452 1039 superius,
2477 999 2510 1030 in

1438 1051 1492 1082 qu.
1518 1052 1607 1078 cvm,
1632 1048 1688 1072 art.
1716 1052 1748 1078 2,
1773 1042 1813 1072 ad
1840 1043 1875 1078 3,
1900 1042 1992 1082 ponit
2023 1042 2241 1074 crudelitatem
2265 1050 2295 1074 et
2322 1044 2510 1084 oppositum

1437 1086 1551 1117 vitium
1576 1086 1744 1123 contraria,
1771 1094 1807 1117 ut
1834 1093 1971 1117 extrema
2001 1087 2122 1124 medio,
2148 1087 2254 1118 virtuti
2277 1087 2509 1119 vindicationis,

1438 1131 1616 1169 Quomodo
1640 1137 1723 1161 stant
1751 1131 1809 1162 ista
1833 1132 1899 1162 duo
1924 1130 2040 1162 simul?
2071 1132 2272 1172 Impossibile
2301 1142 2442 1174 namque
2466 1141 2512 1163 est

1437 1176 1526 1217 quod
1551 1186 1654 1206 unum
1669 1175 1784 1206 vitium
1808 1176 1847 1206 sit
1871 1183 2048 1207 extremum
2067 1183 2211 1217 respectu
2231 1177 2369 1207 duarum
2393 1177 2511 1208 medie-

1438 1227 1542 1251 tatum
1564 1220 1706 1251 virtutis:
1736 1220 1882 1261 quamvis
1907 1221 2030 1261 possint
2048 1231 2130 1252 ⁴esse
2153 1221 2290 1262 plurima
2315 1229 2452 1252 extrema
2475 1232 2513 1252 ex

1439 1275 1503 1296 una
1528 1272 1624 1305 parte,
1643 1265 1821 1295 secundum
1837 1265 1959 1295 diversa
1982 1272 2099 1302 tamen,
2116 1273 2260 1306 respectu
2285 1266 2381 1297 unius
2405 1266 2511 1303 medii,

1438 1316 1475 1340 ut
1499 1310 1538 1340 de
1562 1309 1707 1340 extremis
1731 1310 2000 1349 magnanimitatis
2024 1317 2163 1351 apparet.

1497 1355 1548 1385 IV.
1574 1355 1624 1384 Ad
1635 1355 1780 1394 primum
1797 1354 1928 1385 dubium
1953 1354 2067 1385 dicitur
2083 1355 2182 1396 quod,
2199 1355 2275 1395 quia
2298 1355 2443 1386 medium
2466 1365 2513 1386 re-

1438 1399 1541 1430 latum
1557 1399 1597 1429 ad
1614 1409 1717 1429 unum
1737 1405 1912 1430 extremum
1935 1399 2040 1430 induit
2059 1399 2220 1440 reliquum
2234 1399 2262 1436 *,
2285 1400 2359 1430 ideo
2375 1400 2512 1431 clemen-

1439 1443 1491 1480 tia,
1517 1450 1700 1484 comparata
1723 1444 1763 1474 ad
1786 1443 2085 1481 mansuetudinem,
2110 1444 2215 1475 induit
2237 1445 2328 1486 quod
2351 1451 2399 1476 est
2423 1444 2513 1476 iusti-

1440 1488 1511 1525 tiae,
1532 1488 1650 1519 scilicet
1672 1488 1830 1518 moderari
1854 1488 2039 1519 exteriorem
2063 1488 2284 1530 punitionem;
2308 1496 2339 1520 et
2361 1489 2457 1521 relata
2473 1490 2515 1520 ad

1440 1533 1604 1570 iustitiam,
1621 1532 1725 1564 induit
1748 1533 1837 1574 quod
1853 1533 1944 1574 quasi
1968 1540 2014 1564 est
2030 1533 2293 1571 mansuetudinis,
2311 1533 2430 1565 scilicet
2443 1543 2514 1565 mo-

1442 1577 1541 1609 derari
1565 1577 1748 1608 interiorem
1773 1582 1889 1608 actum.
1913 1578 1956 1609 Et
1978 1585 2146 1619 propterea
2170 1584 2298 1619 oportet
2317 1578 2515 1610 considerare

1442 1623 1481 1653 ad
1497 1622 1587 1663 quod
1603 1622 1807 1662 propositum
1827 1632 1933 1653 sermo
1955 1621 2019 1659 fiat,
2037 1629 2068 1653 et
2083 1633 2158 1654 sane
2173 1623 2348 1663 intelligere
2371 1633 2454 1664 quae
2469 1622 2516 1654 di-

1443 1674 1574 1698 cuntur:
1598 1673 1629 1697 et
1645 1667 1689 1697 sic
1706 1667 1874 1698 cessabunt
1890 1667 2133 1698 contrarietates.
2162 1667 2348 1698 Secundum
2364 1668 2451 1698 enim
2465 1677 2517 1699 ve—

1441 1711 1576 1747 ritatem,
1593 1711 1720 1751 punitio
1745 1711 1880 1742 exterior
1902 1718 1938 1742 ut
1962 1711 2171 1743 diminuibilis
2195 1722 2233 1743 ex
2255 1712 2353 1743 animi
2377 1712 2516 1749 lenitate,

1442 1756 1481 1786 ad
1505 1755 1726 1792 clementiam,
1751 1763 1781 1786 et
1804 1763 1840 1786 ut
1864 1756 2106 1796 augmentabilis
2135 1766 2172 1788 ex
2195 1756 2294 1787 animi
2324 1756 2516 1794 austeritate,

1441 1801 1482 1830 ad
1506 1800 1724 1831 crudelitatem
1749 1807 1886 1841 spectat:
1911 1800 2057 1832 absolute
2081 1807 2202 1838 autem,
2228 1801 2267 1831 ad
2290 1800 2444 1832 iustitiam
2467 1802 2517 1832 vel

1442 1844 1641 1875 iniustitiam.

1498 1889 1550 1919 Ad
1571 1889 1747 1920 secundum
1771 1889 1903 1919 dubium
1933 1889 2048 1920 dicitur
2070 1889 2174 1930 quod,
2198 1896 2329 1930 propter
2351 1890 2519 1931 penuriam

1441 1933 1686 1969 vocabulorum,
1704 1933 1907 1964 crudelitatis
1921 1934 2054 1964 nomine
2076 1943 2231 1964 vocamus
2246 1940 2313 1964 tam
2328 1934 2444 1965 vitium
2460 1944 2518 1976 op-

1442 1978 1585 2019 positum
1601 1977 1808 2008 vindicationi
1831 1987 1887 2018 per
1904 1987 2078 2015 excessum,
2095 1988 2195 2019 quam
2211 1977 2307 2010 etiam
2330 1978 2520 2019 oppositum

1441 2033 1498 2063 per
1521 2032 1686 2054 excessum
1718 2022 1914 2054 clementiae.
1945 2022 2194 2063 Distinguuntur
2224 2022 2384 2064 siquidem
2416 2023 2520 2064 speeie

1442 2068 1519 2098 haec
1539 2066 1629 2098 vitia:
1654 2067 1730 2108 quia
1746 2067 1914 2098 crudelitas
1934 2067 2084 2108 opposita
2101 2067 2297 2104 clementiae,
2314 2067 2443 2108 respicit
2460 2077 2520 2108 pu-

1443 2112 1598 2143 nitionem
1623 2118 1659 2142 ut
1673 2111 1944 2152 augmentabilem
1969 2121 2005 2143 ex
2021 2112 2119 2143 animi
2142 2111 2326 2153 asperitate3
2352 2112 2520 2145 crudelitas

1442 2167 1518 2187 vero
1543 2156 1693 2197 opposita
1715 2156 1932 2194 vindicationi,
1953 2157 2080 2198 respicit
2103 2156 2306 2198 punitionem
2328 2156 2520 2188 immodera-

1443 2208 1510 2232 tam
1532 2208 1569 2232 ut
1592 2201 1809 2232 conferentem
1825 2201 1864 2231 ad
1887 2201 2125 2232 immunitatem
2148 2211 2303 2243 personae
2319 2201 2520 2233 vindicantis.

1443 2246 1527 2276 Nam
1551 2252 1582 2276 et
1604 2245 1674 2286 ipsa
1697 2245 1918 2276 vindicationis
1941 2246 2041 2277 virtus
2072 2246 2132 2278 sub
2162 2246 2217 2278 tali
2240 2246 2363 2278 ratione
2394 2245 2522 2288 respicit

1445 2290 1644 2321 moderatam
1668 2289 1882 2330 punitionem,
1907 2297 1944 2321 ut
1966 2290 2113 2332 superius
2129 2290 2147 2310 ¹⁸
2170 2297 2267 2332 patet.

1093 2445 1414 2487 ARTICULUS
1445 2444 1746 2487 SECUNDUS

754 2547 911 2579 UTRUM
936 2547 1212 2579 CRUDELITAS
1235 2549 1264 2578 A
1288 2547 1490 2579 SAEvrrlA
1514 2547 1607 2578 srva
1631 2547 1851 2578 FERITATE
1875 2547 2095 2578 DIFFERAT

1191 2637 1281 2669 Supra,
1301 2644 1346 2669 qu.
1366 2643 1445 2668 cnvn,
1464 2641 1511 2662 art,
1535 2644 1555 2666 ι,
1575 2637 1607 2661 ad
1629 2635 1651 2662 3.

355 2741 416 2785 >5:33³
437 2743 455 2776 l
471 2748 511 2794 5<
667 2779 673 2785 .
919 2779 925 2785 .
947 2779 954 2786 .
1033 2780 1040 2786 .
1189 2779 1196 2785 .

349 2768 506 2840 ’μῗᾼῗιξῆ
537 2779 735 2817 crudelitas
772 2792 795 2816 a
824 2787 980 2816 saevltia
1013 2791 1095 2816 swe
1130 2779 1275 2816 feritate
1313 2791 1392 2816 non

340 2830 462 2891 ᾖν,
476 2822 504 2881 ἦ
518 2830 524 2835 “
537 2832 696 2870 differat.
726 2832 802 2870 Uni
831 2832 933 2870 enim
953 2833 1091 2879 virtuti,
1113 2845 1158 2870 ex
1177 2845 1254 2870 una
1272 2841 1391 2881 parte,

380 2877 657 2923 &unum
685 2885 822 2923 vitium
850 2886 1003 2924 videtur
1041 2898 1123 2924 esse
1156 2886 1390 2936 oppositum.

322 2940 399 2977 Sed
429 2939 652 2976 clementiae
680 2951 749 2988 per
768 2940 1159 2988 superabundantiam
1185 2940 1393 2990 opponitur

322 3001 358 3030 et
387 2992 589 3030 crudelitas
619 3001 655 3030 et
675 2993 844 3030 saevitia.
875 2994 977 3041 Ergo
1006 2993 1158 3031 videtur
1183 2994 1286 3043 quod
1311 3006 1391 3031 sae-

322 3046 412 3084 vitia
441 3053 477 3082 et
506 3046 706 3083 crudelitas
736 3046 808 3083 sint
836 3046 951 3084 idem.

378 3112 412 3137 2.
435 3101 671 3147 PRAETEREA,
688 3099 854 3137 Isidorus
875 3100 974 3144 dicit,
996 3099 1034 3136 in
1054 3100 1150 3137 libro
1170 3100 1338 3149 Etymol.
1358 3100 1389 3148 ³¹⁸,

323 3154 429 3201 quod
456 3164 608 3191 severus
636 3153 771 3191 dicitur
799 3153 909 3202 quasi
932 3165 1067 3191 saevus
1095 3159 1132 3191 et
1155 3165 1280 3200 verus,
1303 3154 1391 3203 quia

322 3207 402 3243 sine
423 3207 561 3254 pietate
594 3212 691 3244 tenet
718 3207 917 3244 iustitiam.-
951 3214 987 3244 et
1019 3207 1072 3244 sic
1100 3207 1258 3244 saevitia
1285 3207 1392 3245 vide—

324 3267 384 3296 tur
413 3260 609 3298 excludere
639 3260 904 3297 remissionem
923 3273 1138 3309 poenarum
1167 3261 1205 3298 in
1233 3260 1391 3308 iudiciis,

327 3314 429 3361 quod
454 3313 615 3362 pertinet
643 3313 692 3351 ad
712 3314 903 3362 pietatem.
935 3314 1021 3351 Hoc
1050 3322 1179 3351 autem
1200 3319 1217 3335 α
1247 3314 1391 3352 dictum
1419 3307 1421 3314 '

89 3375 162 3396 ’Art
185 3374 299 3403 praeced„
329 3373 383 3402 est
400 3365 420 3387 *

448 3366 497 3403 ad
531 3367 791 3405 crudelitatem
821 3367 1020 3416 pertinere.
1060 3368 1162 3416 Ergo
1192 3367 1393 3405 crudelitas

329 3425 384 3456 est
412 3418 512 3456 idem
541 3420 646 3468 quod
674 3420 842 3458 saevitia.

385 3472 419 3509 3.
441 3473 682 3520 PRAETEREA,
709 3473 804 3510 sicut
831 3473 958 3511 virtuti
996 3474 1201 3523 opponitur
1237 3474 1392 3523 aliquod

458 2754 481 2767 f.
534 2737 557 2763 D
573 2737 765 2763 SECUNDUM
780 2737 833 2763 sm
853 2737 1095 2764 PROCEDITUR.
1113 2725 1272 2763 Videtur
1286 2725 1392 2774 quod
1418 2723 1421 2775 1
1445 2724 1582 2762 vitium
1603 2725 1642 2762 in
1671 2737 1841 2772 excessu,
1862 2725 1914 2762 ita
1943 2725 2055 2762 etiam
2083 2732 2119 2763 et
2146 2725 2186 2763 in
2214 2725 2384 2763 defectu:
2414 2725 2521 2774 quod

1446 2779 1605 2827 quidem
1625 2778 1875 2816 contrariatur
1895 2786 1932 2816 et
1948 2778 2090 2826 virtuti,
2112 2791 2211 2828 quae
2231 2786 2288 2816 est
2311 2778 2350 2816 in
2377 2778 2520 2826 medio,

1448 2840 1484 2869 et
1510 2832 1604 2870 vitio
1635 2833 1741 2882 quod
1770 2840 1826 2869 est
1854 2832 1892 2870 in
1931 2844 2102 2870 excessu.
2142 2833 2220 2870 Sed
2249 2832 2351 2876 idem
2385 2831 2520 2870 vitium

1447 2886 1497 2923 ad
1527 2886 1718 2923 defectum
1748 2886 1943 2935 pertinens
1963 2886 2171 2936 opponitur
2201 2893 2237 2923 et
2256 2885 2464 2923 crudelitati
2484 2893 2521 2922 et

1447 2940 1648 2987 saevitiae,
1677 2939 1856 2978 videlicet
1885 2939 2058 2977 remissio
2086 2940 2150 2977 vel
2180 2938 2396 2976 dissolutio:
2433 2938 2521 2976 dicit

1448 2993 1551 3030 enim
1575 2993 1793 3042 Gregorius,
1815 2994 1888 3030 XX
1907 2993 2052 3031 Moral.
2073 2992 2114 3030 *ε
2144 2993 2200 3029 Sit
2216 3004 2339 3038 amor,
2359 2992 2426 3029 sed
2443 3004 2518 3030 non

1446 3047 1657 3084 emolliens:
1685 3047 1732 3084 sit
1758 3047 1879 3097 rigor,
1902 3047 1969 3084 sed
1995 3059 2070 3084 non
2109 3057 2352 3094 exasperans.
2382 3045 2439 3082 Sit
2463 3058 2520 3095 {e-

1446 3101 1516 3147 lus,
1536 3101 1603 3138 sed
1630 3112 1703 3138 non
1734 3100 1981 3139 immoderate
2006 3099 2198 3138 saeviens:
2225 3100 2273 3136 sit
2295 3099 2428 3148 pietas,
2456 3099 2523 3136 sed

1447 3166 1522 3192 non
1545 3154 1635 3204 plus
1662 3165 1777 3203 quam
1810 3153 1986 3203 expediat
2014 3164 2189 3202 parcens.
2229 3152 2332 3201 Ergo
2362 3152 2521 3190 saevitia

1448 3215 1504 3245 est
1532 3207 1636 3245 idem
1665 3206 1886 3245 crudelitati.

1502 3262 1576 3298 SED
1598 3272 1745 3298 CONTRA
1764 3271 1831 3298 Εετ
1849 3259 1955 3309 quod
1976 3260 2124 3296 Seneca
2144 3258 2244 3307 dicit,
2260 3259 2299 3296 in
2321 3260 2352 3296 11
2373 3259 2420 3297 de
2438 3258 2519 3297 Cle-

1447 3320 1559 3352 ment.
1582 3315 1613 3361 ¹²,
1634 3315 1740 3362 quod
1769 3313 1831 3350 ille
1857 3313 1924 3361 qui
1949 3324 2024 3349 non
2052 3312 2174 3349 laesus
2193 3311 2219 3360 β,
2242 3324 2311 3350 nec
2327 3312 2524 3362 peccatori
2548 3319 2559 3330 ·

1419 3414 1421 3423 μ
1448 3368 1635 3413 irascitur,
1646 3378 1721 3403 non
1737 3366 1872 3403 dicitur
1891 3365 2063 3412 crudelis,
2073 3366 2140 3403 sed
2146 3367 2262 3414 serus
2280 3367 2359 3404 sive
2372 3377 2520 3404 saevus.

1501 3422 1728 3458 Responnso
1757 3431 1942 3457 metianum
1971 3420 2076 3468 quod
2105 3432 2250 3458 nornen
2276 3419 2455 3458 saevitiae
2485 3426 2522 3456 et

1419 3457 1421 3519 ζ
1433 3473 1603 3522 feritatis
1638 3485 1662 3510 a
1698 3471 1941 3518 similitudine
1966 3473 2151 3521 ferarum
2189 3473 2387 3523 accipitur,
2422 3484 2521 3522 quae

386 3626 412 3658 αι)
431 3629 529 3651 autem.
541 3638 560 3646 ι-
578 3626 658 3651 etiam
677 3626 897 3652 ABCEFHIKLa.

1502 3625 1527 3659 β)
1548 3627 1642 3652 laesus.
1655 3640 1674 3646 -
1691 3630 1731 3652 est
1750 3627 1837 3652 laesus
1856 3627 1907 3653 PD.

2541 1407 2755 1431 *Ari-tondeam-

2539 1441 2592 1463 na,
2607 1435 2679 1458 lib.11
2702 1440 2729 1456 σι
2747 1450 2754 1456 .

2539 1468 2573 1490 xi,
2583 1468 2607 1485 ιι.
2619 1467 2646 1484 ιι.
2654 1473 2664 1478 -
2674 1451 2699 1485 ἑ.
2708 1440 2755 1483 Tii.

2541 1490 2593 1512 leet.
2607 1494 2674 1511 xxm.

2546 2271 2620 2322 :Qm
2635 2271 2704 2300 eim,
2718 2274 2760 2294 nrt.

2547 3001 2558 3032 ’ξ
2570 3000 2627 3029 (Ἃρ.
2638 3006 2661 3029 v,
2670 3001 2699 3023 ιΙ.
2710 3006 2762 3028 vm,

2547 3033 2572 3050 ιιι
2586 3031 2632 3050 vet.
2646 3033 2680 3050 vi.
