2768 4198
133 1390 140 1403 s
168 1388 175 1397 ·
212 1389 218 1395 ·
265 1379 352 1403 sent:
378 1370 502 1401 dicente
519 1366 700 1402 Aristotele,
717 1365 750 1395 in
767 1365 808 1395 111
822 1363 967 1395 Ethic.*:
992 1364 1224 1404 Principaliter
1238 1370 1347 1395 autem
1374 1362 1376 1405 ἴ,

230 1416 237 1423 “
266 1418 377 1458 utique
399 1414 526 1446 dicetur
540 1411 644 1454 fortis
666 1411 723 1451 qui
745 1410 832 1441 circa
856 1409 972 1439 bonam
992 1414 1127 1440 mortem
1153 1410 1347 1449 impavidus,
1375 1409 1376 1422 ¹

266 1466 297 1493 et
318 1465 550 1502 quaecumque,
571 1456 740 1496 repentina
763 1455 947 1491 existentia,
965 1453 1113 1495 inferunt
1136 1459 1282 1485 mortem.
1308 1454 1350 1486 Et
1375 1458 1377 1480 ἰ·

24 1774 222 1799 ·cr.nnn.vn.

912 233 1181 279 QUAESTIO
1212 232 1389 279 CXXIII,
1418 231 1719 268 ARTICULUS
1747 231 1815 267 Vll

2426 243 2467 279 l7

945 345 1281 378 Commentariis
1304 344 1558 378 Oaxfflnalis
1581 345 1784 378 Caietani

292 443 312 463 N
336 430 470 463 articulo
494 428 632 468 septimo
654 427 798 457 eiusdem
822 426 1029 467 quaestionis,
1046 427 1276 457 advertendum
1293 434 1339 457 est
1364 431 1366 436 '

265 445 382 518 Iquod
406 473 570 506 conclusio
594 472 715 503 litterae
739 478 938 512 acceptatur,
964 481 1038 502 cum
1063 471 1266 502 distinctione
1294 479 1339 502 ta-
1365 486 1368 493 ν

261 532 346 553 men.
371 518 585 559 Distinguitur
608 516 786 557 siquidem,
812 524 842 547 et
865 516 981 546 dicitur
1004 516 1095 557 quod
1117 515 1189 546 finis
1212 516 1339 547 habitus

262 709 318 741 per
342 697 565 738 operationem
588 695 715 726 habitus
733 695 886 736 consequi
903 695 1110 726 intendimus.
1136 696 1177 726 Et
1200 695 1251 726 hic
1270 695 1343 726 finis

262 790 351 820 illam
375 785 614 826 consequimur,
640 793 718 825 puta
741 795 801 825 pax
826 785 954 825 patriae.

318 833 445 864 Distant
461 837 568 861 autem
585 830 617 860 hi
633 840 651 860 a
663 830 793 860 veritate
810 837 840 860 et
855 832 996 861 Auctore
1012 830 1046 860 in
1063 830 1202 860 duobus.
1220 829 1342 866 Primo,
1370 823 1372 855 ἶ

263 879 296 909 in
319 879 382 908 hoc
405 875 496 918 quod
520 885 557 905 ex
580 875 718 915 propriis
742 884 809 905 non
833 874 1047 906 determinant
1070 873 1266 905 fortitudinis
1290 884 1344 904 na-

263 930 380 959 turam,
406 921 461 953 sed
485 930 523 950 ex
546 920 677 950 remotis
700 926 732 950 et
755 929 821 950 non
845 919 1037 955 necessariis,
1063 919 1172 960 qualia
1196 925 1271 949 sunt
1294 928 1346 948 ex·
1371 934 1373 958 3

263 967 399 999 trinseca
426 966 513 996 bona
541 975 624 1005 quae
654 974 711 1004 per
734 963 958 995 fortitudinem
982 963 1223 1004 consequimur.
1248 981 1267 985 —
1291 963 1345 993 Se·
1372 965 1373 974 ³

264 1013 383 1048 cundo,
399 1013 433 1042 in
447 1010 506 1040 ista
523 1010 677 1050 negativa,
703 1009 822 1040 scilicet
845 1009 935 1049 quod
958 1008 1097 1048 perfecta
1113 1007 1257 1047 operatio
1282 1006 1346 1037 for-

263 1056 409 1089 titudinis
429 1065 496 1086 non
510 1054 560 1090 sit,
585 1064 643 1084 nec
666 1053 767 1095 possit
790 1063 858 1084 esse
881 1052 953 1083 finis
977 1052 1183 1092 praestitutus
1199 1059 1346 1092 respectu
1372 1059 1374 1070 ¹

264 1103 392 1134 habitus
416 1099 612 1132 fortitudinis
635 1105 666 1129 et
690 1098 789 1130 fortis.
821 1098 894 1128 Hoc
917 1096 1004 1127 enim
1035 1096 1153 1127 falsum
1178 1106 1246 1126 esse
1270 1105 1347 1126 con·
1373 1103 1374 1106 ’

265 1154 341 1179 stat:
366 1144 526 1187 quoniam
548 1150 655 1185 potest
670 1143 779 1174 solum
798 1141 992 1173 fortitudinis
1009 1140 1131 1172 morale
1148 1141 1273 1171 bonum
1288 1140 1348 1170 im·
1373 1165 1375 1171 ,

264 1191 416 1233 pugnari;
441 1196 478 1220 ut
501 1190 526 1219 si
543 1195 698 1230 tyrannus
715 1187 840 1228 aliquiS,
857 1187 897 1216 ad
914 1186 977 1216 hoc
991 1186 1098 1217 solum
1123 1192 1159 1215 ut
1183 1195 1239 1216 eos
1263 1195 1348 1225 quos

264 1247 338 1268 vere
367 1236 466 1267 fortes
496 1241 527 1265 et
557 1232 738 1274 impavidos
767 1230 915 1270 intelligit
945 1240 1030 1266 esse,
1056 1230 1225 1261 tormentis
1255 1229 1348 1260 variis

264 1281 378 1314 mortis
395 1279 595 1317 afficerenut
613 1275 808 1308 fortitudinis
824 1276 913 1306 bono
933 1275 1082 1315 privaret.
1107 1274 1243 1305 Constat
1259 1285 1348 1305 nam-

264 1324 444 1368 quequod
466 1322 523 1360 issi,
547 1321 736 1354 sustinendo
759 1320 842 1352 sicut
865 1326 1003 1360 oportet,
1021 1327 1092 1357 etc.,
1117 1318 1282 1350 fortissimi
1302 1330 1349 1350 es-

266 1513 375 1538 tamen
401 1503 436 1534 hi
464 1511 521 1543 per
550 1499 774 1531 fortitudinem
805 1505 835 1529 et
865 1498 1061 1529 fortitudinis
1084 1506 1193 1530 actum
1221 1499 1350 1530 nullum

266 1549 355 1583 aliud
383 1549 510 1579 bonum
539 1543 695 1585 consequi
722 1543 894 1574 intendunt
926 1543 985 1574 nisi
1014 1543 1212 1575 fortitudinis
1241 1551 1349 1575 actum

265 1594 444 1636 perfectum
458 1590 657 1626 continuare,
681 1589 771 1630 quod
787 1595 834 1619 est
857 1587 890 1618 in
913 1587 1110 1619 fortitudinis
1134 1589 1222 1619 bono
1246 1599 1351 1630 perse-

265 1648 384 1671 verare.

322 1683 530 1722 Quapropter
552 1678 706 1710 solvenda
729 1684 805 1708 sunt
828 1684 1016 1717 argumenta
1039 1678 1178 1715 Martini,
1203 1688 1286 1720 quae
1310 1678 1351 1709 ad

266 1727 469 1770 probandam
479 1724 597 1755 dictam
613 1722 794 1764 negativam
804 1721 917 1752 falsam
929 1722 1028 1759 affert,
1041 1723 1075 1754 in
1088 1733 1143 1764 qu.
1156 1734 1198 1760 vr,
1213 1724 1311 1755 dub.3
1322 1723 1349 1754 *.
1377 1724 1378 1732 ¹

323 1772 362 1804 11.
386 1771 504 1802 Probat
526 1779 602 1809 ergo
630 1768 776 1810 quinque
806 1767 920 1798 mediis
935 1767 952 1786 *
975 1767 1131 1799 intentam
1160 1768 1350 1809 negativam,

267 1817 399 1850 scilicett
424 1814 574 1857 Perfecta
590 1814 736 1855 operatio
752 1811 963 1853 fortitudinis
982 1822 1046 1843 non
1063 1818 1111 1844 est
1123 1813 1220 1854 finis,
1236 1823 1350 1844 secun-

266 1863 344 1895 dum
362 1860 659 1902 praes-titutionem,
684 1858 785 1898 ipsius
807 1857 944 1888 habitus.
970 1857 1090 1894 Primo,
1116 1858 1170 1889 sic.
1195 1860 1295 1889 Actus
1321 1864 1352 1888 et
1377 1855 1379 1864 ¹

267 1907 395 1939 habitus
414 1905 532 1936 habent
548 1903 688 1934 eundem
705 1902 804 1933 finem
827 1901 1063 1942 praestitutum.
1090 1902 1151 1933 Sed
1175 1909 1264 1933 actus
1288 1902 1351 1933 for·
1378 1903 1379 1931 ἰ

267 1951 415 1984 titudinis
438 1959 506 1980 non
528 1955 575 1979 est
598 1947 670 1978 finis
685 1954 775 1978 actus
799 1956 856 1986 per
878 1946 1166 1986 praestitutionem.
1192 1947 1278 1988 Ergo
1295 1957 1353 1978 nec
1378 1940 1380 1951 ¹

269 1996 410 2028 habitus.

326 2039 488 2072 Secundo.
511 2036 629 2068 Nullus
653 2035 737 2067 elicit
752 2035 949 2067 fortitudinis
965 2043 1072 2067 actum
1091 2036 1299 2068 conformiter
1314 2037 1354 2067 ad

270 2092 392 2118 rectam
415 2083 584 2118 rationem,
607 2081 668 2112 nisi
690 2080 790 2121 gratia
813 2080 948 2111 alicuius
964 2080 1103 2117 alterius,
1128 2082 1219 2123 quod
1243 2091 1355 2112 conse-

271 2131 327 2172 qui
350 2127 487 2161 intendit
510 2137 566 2168 per
591 2133 698 2157 actum
722 2125 826 2156 illum.
853 2125 948 2166 Ergo.

331 2175 450 2206 Tertio.
474 2171 507 2203 Si
530 2181 597 2202 non
621 2176 703 2201 esset
727 2179 854 2200 necesse
870 2170 1079 2209 praestituere
1094 2170 1236 2211 aliquem
1254 2169 1352 2200 finem

271 2219 367 2256 actui,
383 2222 570 2259 sequeretur
583 2214 673 2256 quod
687 2214 794 2245 liceret
810 2214 939 2245 duobus
956 2214 1154 2255 principibus
1169 2214 1252 2246 inter
1270 2225 1354 2256 quos

271 2264 362 2296 nulla
383 2269 431 2294 est
454 2261 494 2292 de
521 2261 590 2292 iure
620 2259 672 2290 vel
695 2259 811 2289 iniuria
839 2258 1023 2296 contentio,
1048 2268 1241 2300 congregare
1263 2269 1351 2291 exer-

272 2309 354 2341 citus
369 2314 400 2339 et
420 2315 565 2348 pugnare
584 2310 716 2345 propter
734 2303 958 2335 fortitudinem
973 2304 1193 2346 exercendam.
1218 2305 1292 2336 Hoc
1308 2311 1355 2336 est

272 2353 399 2385 falsum.
425 2351 522 2391 Ergo.
546 2367 567 2374 -
591 2349 681 2380 Patet
704 2348 849 2389 sequela:
874 2349 951 2390 quia
970 2356 1059 2380 actus
1074 2349 1120 2380 illi
1144 2356 1277 2390 possent
1300 2349 1355 2380 ha-

272 2399 346 2430 bere
369 2406 483 2428 omnes
499 2393 751 2426 circumstantias
765 2394 931 2436 requisitas
951 2394 991 2424 ad
1015 2401 1124 2425 actum
1147 2394 1354 2431 fortitudinis,

272 2453 310 2474 ex
332 2452 400 2484 quo
425 2451 492 2472 non
509 2438 680 2480 requiritur
703 2438 784 2469 alius
808 2438 880 2469 finis
903 2438 1120 2479 praestitutus.
1147 2457 1166 2462 -
1189 2439 1256 2470 Nec
1272 2440 1356 2471 valet

247 2505 252 2507 -
273 2487 376 2519 dicere
399 2486 492 2527 quod
510 2491 599 2516 actus
623 2483 752 2514 haberet
774 2483 965 2515 iniustitiam
981 2494 1147 2520 annexam,
1172 2491 1251 2524 puta
1267 2495 1354 2516 mor-

44 3382 52 3391 ·
65 3382 91 3403 ln
106 3387 143 3403 re·
161 3395 168 3402 .
182 3381 256 3403 adra-

40 3407 99 3430 tion.
113 3407 145 3430 du
164 3422 170 3429 .

42 3437 52 3446 ⁸
66 3435 124 3463 Arg.
138 3434 188 3457 Sed
200 3440 256 3457 con—

40 3463 89 3484 tra.

272 2539 340 2564 tem
361 2531 589 2562 innocentum:
614 2527 691 2569 quia
714 2528 960 2569 respondebitur
982 2529 1072 2569 quod
1096 2530 1216 2560 volenti
1231 2539 1295 2560 non
1309 2530 1343 2571 fi

236 2617 247 2623 ·
273 2577 396 2608 iniuria
411 2575 439 2606 *.
1332 2594 1335 2598 .

333 2621 471 2658 Quarto.
509 2619 743 2659 Quaecumque
766 2617 811 2649 ita
838 2627 872 2648 se
892 2617 1010 2649 habent
1033 2619 1123 2659 quod
1153 2625 1356 2659 postremum

236 2671 248 2676 ·
275 2666 389 2697 ordine
403 2671 517 2695 natum
533 2669 581 2694 est
602 2662 711 2693 haberi
735 2672 792 2703 per
813 2662 967 2702 primum,
984 2669 1015 2693 et
1037 2663 1181 2704 primum
1205 2673 1272 2695 non
1296 2674 1356 2704 po—

275 2717 403 2742 neretur
426 2709 452 2740 si
477 2714 680 2749 postremum
703 2707 771 2738 sine
787 2717 826 2738 eo
850 2707 1029 2744 haberetur,
1053 2715 1131 2739 tunc
1154 2716 1357 2749 postremum

276 2762 323 2786 est
345 2764 440 2785 verus
463 2752 536 2783 finis
559 2752 685 2793 prioris.
719 2751 782 2783 Sed
813 2751 986 2793 prohibitio
1010 2753 1144 2784 iniuriae
1174 2760 1210 2784 ut
1233 2761 1357 2794 postre-

276 2809 379 2836 mum,
397 2805 428 2830 et
443 2804 532 2829 actus
552 2796 748 2828 fortitudinis
770 2803 804 2827 ut
827 2796 981 2837 primum,
997 2797 1041 2828 ita
1057 2808 1090 2828 se
1106 2798 1234 2829 habent.
1258 2799 1356 2839 Ergo.

276 2862 298 2869 -
320 2844 430 2876 Minor
444 2849 546 2883 patet:
571 2842 648 2883 quia
671 2841 846 2882 prohibitio
861 2841 995 2872 iniuriae
1010 2850 1084 2874 nata
1100 2850 1147 2874 est
1169 2843 1277 2874 haberi
1301 2853 1358 2884 per

277 2896 385 2921 actum
401 2887 615 2923 fortitudinis;
646 2894 677 2918 et
700 2896 767 2917 non
795 2893 959 2927 oporteret
983 2885 1206 2918 fortitudinem
1222 2888 1357 2919 exerceri

277 2934 304 2965 si
325 2932 502 2974 prohibitio
525 2931 660 2963 iniuriae
690 2931 758 2962 sine
786 2937 858 2962 actu
883 2931 951 2962 eius
981 2931 1090 2962 haberi
1119 2939 1246 2972 posset;
1277 2939 1358 2964 esset

277 2979 364 3010 enim
380 2977 575 3013 temeritatis,
591 2987 659 3007 non
678 2975 875 3007 fortitudinis
891 2982 990 3007 actus.
1014 2994 1036 2999 -
1059 2977 1164 3007 Maior
1186 2978 1357 3017 probatur:

278 3023 354 3066 quia
377 3032 475 3054 omne
499 3021 561 3053 tale
585 3028 632 3052 est
654 3021 754 3061 gratia
777 3020 868 3052 cuius
892 3020 1014 3061 aliquid
1036 3020 1082 3052 fit.

337 3068 467 3105 Quinto.
500 3066 619 3097 Nullus
642 3073 732 3097 actus
755 3066 861 3096 bonus
886 3073 916 3096 et
938 3065 1108 3096 laudabilis
1131 3075 1198 3107 quo
1221 3066 1359 3097 laeditur

279 3112 456 3154 proximus,
479 3112 575 3142 habet
598 3111 742 3152 seipsum
765 3121 824 3151 pro
849 3109 912 3141 fine
937 3120 974 3141 ex
997 3110 1258 3151 praestitutione:
1283 3111 1359 3152 quia

279 3157 404 3188 laedere
426 3156 614 3197 proximum
637 3166 704 3187 non
721 3163 768 3186 est
791 3165 829 3186 ex
845 3165 878 3186 se
901 3156 1037 3191 bonum,
1062 3155 1117 3185 sed
1141 3162 1267 3186 tantum
1290 3165 1358 3196 gra-

280 3201 324 3232 tia
335 3201 470 3232 alicuius
484 3201 614 3232 alterius
629 3211 647 3231 a
662 3211 705 3232 se.
729 3200 792 3231 Sed
810 3210 867 3240 per
883 3207 991 3231 actum
1007 3199 1203 3231 fortitudinis
1225 3200 1361 3231 laeditur

280 3245 462 3286 proximus:
487 3246 564 3287 quia
578 3246 772 3282 vulneratur,
789 3245 955 3285 spoliatur,
971 3245 1136 3276 occiditur.
1161 3245 1247 3285 Ergo
1271 3255 1359 3285 prae-

282 3298 328 3321 ter
351 3296 459 3321 actum
479 3290 607 3331 ipsum,
631 3300 759 3321 necesse
783 3297 831 3321 est
853 3300 921 3321 esse
944 3289 1044 3321 alium
1067 3289 1166 3320 finem
1189 3290 1359 3330 proprium

282 3345 319 3366 ex
342 3334 595 3375 praestitutione.

336 3379 452 3419 Arguit
467 3388 599 3420 quoque
614 3379 701 3410 idem
711 3379 878 3415 Martinus,
891 3379 1011 3410 ibidem
1019 3379 1047 3415 *,
1061 3386 1171 3410 contra
1187 3379 1358 3420 expositio-

283 3434 359 3454 nem
374 3423 570 3454 auctoritatis
593 3423 772 3455 Aristotelis
787 3424 821 3454 in
836 3423 939 3455 littera
962 3424 1074 3455 allatae
1089 3424 1117 3461 *‚
1138 3424 1246 3455 dicens
1269 3425 1359 3465 quod

283 3468 367 3499 male
383 3468 554 3508 exponitur
568 3467 685 3499 bonum
701 3479 760 3509 pro
776 3468 851 3506 fine,
864 3476 895 3500 et
901 3468 1068 3510 fortitudo
1083 3479 1143 3509 pro
1160 3469 1358 3509 operatione,
1385 3480 1387 3510 ς

284 3523 359 3544 cum
383 3513 508 3549 dicitur,
532 3512 625 3543 Eorti
645 3518 754 3544 autem
764 3513 933 3554 fortitudo
955 3514 1090 3552 bonum,
1124 3521 1160 3544 ut
1182 3516 1359 3545 Auctorem
1385 3518 1386 3521 ’

283 3557 426 3598 accipere
449 3557 535 3588 dicit.
566 3557 610 3588 Et
630 3557 746 3597 probat
768 3558 823 3589 sic.
852 3558 1040 3589 Aristoteles
1063 3558 1133 3590 vult
1155 3558 1199 3589 ibi
1223 3559 1359 3599 probare

284 3603 374 3644 quod
397 3601 553 3633 fortitudo
573 3608 724 3642 operatur
741 3602 840 3642 gratia
862 3603 954 3633 boni:
978 3603 1020 3634 ita
1044 3603 1163 3634 scilicet
1178 3604 1268 3644 quod
1283 3613 1359 3644 ope-

428 3665 539 3689 Stnuma
557 3663 660 3688 Tnaot.
679 3663 711 3688 D.
723 3663 840 3688 Tamus
858 3663 891 3688 Τ.
909 3664 964 3689 Vll.

1392 427 1473 458 ratio
1498 425 1712 458 fortitudinis*
1722 425 1758 457 fit
1781 425 1914 456 alicuius
1938 425 2037 465 gratia
2061 424 2149 455 boni.
2182 424 2280 461 Quod
2305 435 2474 466 nunquam

1393 479 1501 513 posset
1513 471 1640 512 probari
1655 481 1711 511 per
1723 471 1786 501 hoc
1798 470 1888 512 quod
1904 469 2048 510 operatio
2062 469 2257 500 fortitudinis
2270 476 2316 499 est
2325 469 2397 499 finis
2412 469 2475 500 for-

1366 517 1367 536 *
1393 517 1442 548 tis.
1467 517 1508 547 Et
1531 516 1622 557 quod
1637 516 1790 556 loquatur
1805 515 1847 546 ibi
1865 515 1903 546 de
1921 514 1983 545 fine
1997 513 2210 554 operationis,
2225 521 2311 554 patet
2328 524 2365 544 ex
2388 521 2475 544 textu

262 574 309 598 est
324 564 451 605 duplex.
477 563 570 594 Unus
587 560 817 592 connaturalis:
844 567 875 591 et
899 561 949 591 hic
966 568 1013 592 est
1031 560 1175 601 operatio
1200 561 1339 601 propria.
1366 558 1368 598 ζ

262 612 303 642 Et
326 610 370 641 sic
392 609 494 639 littera
518 605 705 637 verificatur.
730 623 751 629 -
775 605 863 636 Alter
888 606 1094 646 praestitutus
1118 607 1156 636 ab
1177 613 1339 646 operante.
1367 623 1369 648 ss

262 656 303 687 Et
325 655 376 686 hic
400 660 447 684 est
470 661 569 693 quem
593 651 704 681 dicunt
727 650 827 691 quod,
845 660 882 680 ex
902 651 1142 690 praestitutione
1167 650 1340 691 operantiS,
1368 650 1369 653 ’

1368 709 1370 727 ῑ
1395 702 1448 726 tet.
1474 695 1515 725 Et
1538 702 1574 726 ut
1599 695 1680 725 clare
1701 704 1749 725 res
1773 701 1839 725 tam
1855 694 1981 724 occulta
1997 693 2155 724 elucescat
2171 692 2336 729 omnibus,
2361 692 2476 733 triplici

263 754 330 776 non
353 749 400 775 est
424 741 568 782 operatio
593 739 731 780 perfecta
755 740 966 771 fortitudinis:
992 741 1047 771 sed
1070 740 1151 770 illud
1174 741 1264 781 quod
1288 750 1344 789 per
1369 766 1371 791 ἴ

1394 561 1549 592 rotundo:
1575 561 1678 598 Finis,
1698 560 1804 601 inquit
1821 558 1847 597 ²⁸,
1868 561 1972 590 omnis
1994 560 2197 599 operationis.
2216 564 2262 590 est
2284 560 2340 599 qui
2362 568 2475 590 secun-

1395 607 1471 637 dum
1495 606 1650 636 habitum.

1451 651 1504 681 111.
1528 651 1579 681 Ad
1604 650 1796 680 evidentiam
1811 649 1908 680 huius
1924 648 2132 690 quaestionis,
2154 647 2248 678 altius
2266 647 2363 678 ordiri
2380 658 2477 688 opor—

1398 739 1600 770 distinctione
1625 747 1763 770 utemur.
1788 739 1895 769 Prima
1916 746 1963 769 est
1978 738 2018 768 de
2032 737 2095 768 fine
2112 738 2245 778 proprio
2261 744 2350 768 actus
2366 747 2478 768 secun-

1399 785 1477 815 dum
1502 794 1544 821 se,
1569 784 1620 814 vel
1643 794 1700 824 per
1723 784 1822 814 aliud.
1854 783 1942 814 Finis
1966 783 2053 814 enim
2076 783 2227 823 proprius
2251 789 2340 813 actus
2364 792 2478 813 secun-

1399 830 1479 860 dum
1502 839 1535 859 se
1559 836 1606 859 est
1627 828 1681 859 ille
1698 828 1754 870 qui
1771 835 1817 859 est
1834 828 1984 868 proprius
2008 827 2080 858 finis
2097 834 2228 868 propter
2243 837 2342 868 quem
2358 827 2479 858 habens

1371 890 1372 893 =
1398 874 1495 905 talem
1520 873 1666 904 habitum
1690 880 1852 913 operatur.
1884 872 1972 902 Finis
1996 879 2104 903 autem
2135 872 2280 903 eiusdem
2311 882 2368 912 per
2391 872 2480 903 aliud

1400 926 1446 949 est
1469 918 1702 958 quodcumque
1726 917 1814 947 aliud
1838 924 1969 957 propter
1993 918 2083 958 quod
2107 917 2226 948 faciens
2249 917 2348 947 talem
2371 923 2480 948 actum

1400 970 1559 1003 operatur.
1586 962 1681 992 Verbi
1705 961 1814 1001 gratia,
1839 961 1871 991 in
1895 961 1989 997 vitiis,
2013 961 2085 991 finis
2110 969 2198 992 actus
2216 961 2341 992 furandi
2365 969 2413 992 est
2427 961 2480 992 ine

1372 1005 1374 1045 ᾗ
1399 1014 1531 1047 propter
1554 1016 1654 1047 quern
1678 1005 1739 1042 fur,
1764 1013 1800 1036 ut
1823 1005 1878 1042 sic,
1905 1012 2071 1045 operatur:
2096 1005 2169 1036 finis
2189 1013 2296 1036 autem
2313 1016 2369 1047 per
2393 1006 2480 1036 aliud

1372 1047 1374 1052 ⁴
1400 1058 1447 1082 est
1470 1051 1703 1091 quodcumque
1728 1050 1815 1080 aliud
1839 1057 1970 1090 propter
1993 1051 2082 1090 quod
2106 1050 2221 1091 aliquis
2245 1050 2378 1087 furatur,
2403 1057 2481 1091 puta

1401 1102 1436 1126 ut
1454 1095 1644 1126 luxurietur.
1670 1095 1775 1125 Tanta
1792 1094 1866 1125 hinc
1883 1095 1924 1124 ad
1941 1095 2147 1135 propositum
2164 1094 2338 1126 differentia
2355 1102 2482 1126 emanat

1402 1147 1438 1171 ut
1461 1140 1542 1171 sicut
1565 1141 1621 1180 qui
1635 1139 1781 1180 furatur
1806 1145 1840 1170 ut
1863 1139 2058 1177 moechetur,
2081 1140 2188 1180 magis
2211 1140 2360 1170 moechus
2382 1150 2480 1180 quam

1374 1187 1375 1203 ³
1393 1184 1459 1225 fiar
1481 1186 1533 1221 sit,
1552 1184 1609 1225 qui
1625 1192 1734 1214 autem
1758 1183 1882 1214 furatur
1905 1191 1941 1214 ut
1964 1184 2107 1214 alienum
2132 1183 2264 1221 auferat,
2289 1184 2341 1214 ille
2363 1194 2436 1215 vere
2452 1191 2483 1215 et

1374 1238 1375 1264 3
1401 1229 1532 1270 proprie
1556 1229 1607 1260 fur
1637 1228 1678 1260 sit
1700 1229 1717 1247 *
1746 1227 1886 1271 (primus
1910 1238 2050 1269 namque
2074 1238 2111 1259 ex
2136 1228 2198 1258 alio
2223 1228 2397 1269 principiO,
2423 1229 2482 1259 sci-

1374 1289 1376 1317 ζ
1401 1274 1474 1305 licet
1497 1273 1684 1304 inclinativo
1709 1273 1749 1303 ad
1774 1272 1967 1310 moechiam,
1992 1280 2022 1303 et
2046 1283 2083 1304 ex
2105 1273 2169 1303 alio
2189 1272 2264 1311 fine,
2289 1273 2407 1304 scilicet
2431 1274 2483 1304 de—

1374 1328 1376 1360 }
1401 1319 1538 1350 lectabili
1555 1328 1703 1354 venereo,
1721 1318 1844 1348 furtum
1865 1317 2053 1348 committit:
2079 1318 2156 1348 alter
2172 1325 2281 1348 autem
2298 1328 2335 1348 ex
2350 1318 2482 1358 proprio

1403 1363 1530 1395 furandi
1547 1362 1705 1404 principio
1723 1370 1753 1393 et
1770 1361 1833 1393 fine
1850 1362 1972 1393 furtum
1990 1360 2186 1404 committit),
2207 1362 2250 1393 ita
2266 1363 2300 1393 in
2316 1370 2388 1394 actu
2405 1370 2484 1394 tem-

1403 1408 1581 1449 perantiae,
1607 1407 1803 1438 fortitudinis
1827 1414 1859 1438 et
1882 1407 2016 1437 aliarum
2041 1414 2087 1438 est
2110 1407 2276 1438 virtutum.
2309 1407 2375 1445 Qui
2399 1407 2484 1438 enim

1403 1453 1600 1485 fortitudinis
1617 1459 1725 1483 actum
1742 1451 1816 1483 facit
1831 1459 1963 1493 propter
1979 1459 2193 1492 temperatum
2210 1462 2277 1482 esse
2292 1459 2347 1483 aut
2363 1452 2485 1483 iustum

1404 1509 1482 1535 esse,
1498 1498 1600 1538 magis
1617 1505 1664 1528 est
1679 1504 1875 1537 temperatus
1892 1503 1947 1527 aut
1959 1496 2063 1527 iustus
2079 1507 2180 1538 quam
2196 1497 2302 1528 fortis:
2328 1498 2485 1538 quoniam

1404 1554 1441 1575 ex
1464 1543 1529 1575 alio
1553 1542 1712 1584 principio
1737 1549 1767 1573 et
1790 1541 1854 1572 alio
1870 1541 1934 1572 fine
1950 1541 2066 1572 fortem
2082 1549 2189 1572 actum
2207 1542 2290 1577 facit,
2315 1542 2434 1573 scilicet
2449 1553 2487 1572 ex

1404 1588 1563 1630 principio
1587 1587 1773 1618 inclinativo
1789 1586 1822 1617 in
1839 1586 2082 1627 temperantiam
2103 1594 2134 1617 et
2153 1586 2238 1618 illius
2263 1587 2394 1627 proprio
2412 1586 2485 1624 fine,

1376 1639 1377 1644 ¹
1404 1634 1455 1665 vel
1484 1632 1671 1664 inclinativo
1702 1632 1735 1662 in
1765 1631 1920 1662 iustitiam
1951 1639 1981 1662 et
2003 1631 2088 1662 illius
2112 1631 2244 1672 proprio
2268 1631 2346 1668 fine,
2370 1632 2486 1663 fortem

1376 1675 1378 1710 ἱ
1404 1685 1513 1710 actum
1530 1677 1614 1709 facit.
1640 1677 1705 1714 Qui
1722 1686 1798 1707 vero
1816 1676 2012 1708 fortitudinis
2036 1683 2145 1707 actum
2161 1684 2283 1708 exercet
2308 1684 2343 1708 ut
2364 1676 2487 1708 fortiter

1404 1731 1486 1764 agat,
1510 1723 1564 1753 ille
1587 1732 1660 1753 vere
1685 1729 1715 1752 et
1739 1721 1867 1762 proprie
1892 1721 1982 1752 fortis
2006 1729 2069 1752 est:
2094 1721 2170 1762 quia
2194 1732 2231 1752 ex
2254 1721 2412 1762 principio
2437 1722 2486 1752 in-

1405 1768 1556 1800 clinativo
1579 1767 1613 1798 in
1638 1767 1834 1798 fortitudinis
1858 1776 1966 1807 opera,
1991 1773 2022 1797 et
2044 1774 2176 1807 propter
2195 1766 2364 1807 proprium
2388 1765 2486 1797 finem

1406 1822 1544 1854 operum
1569 1811 1776 1847 fortitudinis,
1793 1818 1944 1852 operatur
1968 1821 2024 1850 per
2039 1821 2072 1842 se
2093 1811 2210 1851 primo,
2227 1819 2257 1842 et
2274 1821 2339 1842 non
2357 1819 2487 1852 propter

1405 1858 1493 1889 aliud
1518 1864 1553 1888 ut
1578 1856 1746 1897 proprium
1770 1855 1877 1886 finem.
1902 1856 1992 1886 Patet
2015 1865 2091 1896 ergo
2116 1855 2217 1892 facile,
2242 1856 2428 1887 inducendo
2453 1857 2485 1887 in

1405 1902 1489 1933 vitiis
1513 1909 1544 1933 et
1566 1901 1747 1937 virtutibus,
1772 1901 1850 1931 haec
1874 1900 1976 1941 prima
2000 1900 2173 1932 distinctio.

1461 1947 1515 1978 IV.
1539 1946 1687 1977 Secunda
1711 1945 1872 1976 distinctio
1897 1952 1943 1976 est
1967 1945 2006 1975 de
2030 1945 2217 1986 operatione
2238 1945 2371 1982 virtutis,
2396 1946 2486 1986 quod

1407 1991 1576 2032 dupliciter
1599 1991 1639 2021 de
1663 2001 1699 2021 ea
1722 1990 1814 2031 loqui
1838 1998 2029 2030 possumus:
2062 1990 2185 2030 primo,
2218 1991 2257 2021 de
2281 1990 2350 2031 ipsa
2373 2001 2486 2031 opera-

1405 2037 1495 2068 tione
1518 2036 1698 2067 secundum
1721 2045 1814 2065 suam
1838 2030 2058 2071 substantiam,
2084 2042 2172 2075 puta,
2196 2035 2228 2065 in
2244 2035 2423 2076 proposito,
2448 2036 2487 2066 de

1407 2082 1529 2116 timere,
1554 2080 1681 2116 audere,
1699 2079 1864 2115 sustinere,
1890 2086 1965 2115 etc.;
1991 2080 2144 2116 secundo,
2169 2080 2208 2110 de
2223 2079 2292 2119 ipsa
2308 2081 2487 2111 secundum

1407 2126 1548 2157 formam
1572 2124 1798 2156 conditionum
1822 2134 1902 2164 quas
1919 2123 2049 2155 sortitur
2064 2134 2101 2154 ex
2116 2124 2226 2155 habitu
2246 2124 2332 2155 illius
2351 2124 2486 2156 virtutis.

1407 2170 1509 2202 Valde
1533 2169 1620 2200 enim
1643 2168 1736 2199 refert
1759 2168 1850 2209 loqui
1875 2169 1913 2199 de
1938 2168 2108 2199 sustinere:
2140 2169 2191 2199 vel
2214 2169 2306 2209 loqui
2331 2169 2369 2200 de
2393 2169 2488 2200 susti-

1408 2225 1482 2246 nere
1506 2214 1638 2255 quando
1655 2220 1793 2254 oportet,
1812 2213 1866 2244 ubi
1884 2220 2022 2253 oportet,
2039 2223 2122 2254 quae
2139 2220 2276 2254 oportet,
2294 2214 2375 2245 sicut
2391 2224 2488 2255 opor-

1409 2267 1462 2296 tet,
1479 2266 1538 2290 etc.
1562 2259 1604 2289 Et
1619 2259 1701 2289 hanc
1717 2257 1967 2294 distinctionem,
1993 2265 2105 2298 utpote
2126 2258 2253 2295 claram,
2279 2269 2344 2289 non
2361 2266 2490 2299 oportet

1409 2305 1498 2336 aliter
1529 2303 1739 2335 manifestari:
1772 2303 1828 2334 sed
1859 2313 1896 2334 ex
1920 2313 1956 2333 ea
1980 2303 2021 2333 ad
2048 2303 2255 2344 propositum
2279 2303 2358 2334 scire
2381 2304 2488 2345 quod,

1410 2360 1485 2381 cum
1509 2348 1654 2389 operatio
1672 2348 1851 2379 secundum
1867 2348 2077 2379 substantiam
2094 2348 2134 2379 sit
2150 2359 2167 2378 a
2184 2348 2328 2388 potentia
2344 2348 2489 2385 naturali,

1410 2402 1487 2436 puta
1511 2394 1676 2434 imperare,
1703 2393 1827 2432 eligere,
1852 2393 1973 2429 timere,
1999 2393 2132 2430 audere,
2161 2393 2327 2429 sustinere,
2352 2393 2489 2433 aggredi,

1410 2447 1441 2471 et
1457 2438 1676 2470 universaliter
1692 2438 1758 2479 pati
1775 2445 1806 2468 et
1822 2447 1913 2477 agere
1929 2437 2126 2474 voluntaria3
2148 2438 2290 2469 conditio
2309 2445 2417 2469 autem
2433 2448 2490 2469 seu

1411 2484 1547 2526 qualitas
1570 2483 1639 2514 eius
1662 2483 1701 2513 sit
1725 2483 1764 2513 ab
1788 2483 1910 2519 habim,
1935 2490 2013 2523 puta
2036 2483 2179 2524 quando,
2197 2493 2290 2524 quae,
2314 2483 2406 2520 sicut,
2423 2483 2489 2519 ubi,

1411 2535 1542 2571 propter
1564 2528 1643 2569 quid
1667 2534 1810 2568 oportet:
1836 2527 1918 2558 sicut
1940 2527 2068 2558 habitus
2091 2538 2124 2558 se
2141 2527 2236 2558 habet
2255 2528 2296 2558 ad
2312 2529 2490 2569 potentiam

1411 2574 1590 2606 naturalem
1614 2579 1650 2604 ut
1673 2572 1777 2603 forma
1800 2573 1840 2603 ad
1860 2572 2036 2609 materiam,
2060 2573 2103 2603 ita
2119 2582 2152 2603 se
2169 2572 2264 2603 habet
2278 2572 2311 2602 id
2328 2573 2419 2613 quod
2433 2583 2491 2613 per

1411 2619 1558 2650 habitum
1581 2617 1616 2649 fit
1639 2624 1671 2648 et
1694 2624 1741 2648 est
1764 2617 1804 2648 ad
1829 2617 2067 2658 operationem,
2095 2617 2138 2648 ita
2162 2618 2252 2658 quod
2276 2617 2420 2657 operatio
2444 2623 2491 2648 est

1412 2664 1544 2695 materia
1567 2663 1636 2694 eius
1660 2662 1750 2703 quod
1774 2663 1953 2693 secundum
1976 2662 2123 2693 habitum
2146 2661 2182 2692 fit
2206 2669 2236 2693 et
2261 2669 2315 2693 est.
2341 2662 2382 2692 Et
2405 2672 2488 2703 quo-

1411 2709 1498 2740 niam
1523 2707 1654 2739 materia
1678 2714 1724 2738 est
1748 2714 1879 2747 propter
1899 2707 2048 2743 formam,
2074 2714 2104 2738 et
2119 2706 2191 2737 finis
2206 2707 2420 2746 generationis
2444 2714 2491 2738 est

1411 2754 1526 2791 forma,
1551 2760 1587 2784 ut
1611 2758 1698 2793 patet
1722 2761 1758 2782 ex
1775 2752 1801 2782 II
1817 2752 1992 2793 Physic.*;
2017 2752 2091 2782 ideo
2116 2751 2266 2792 proprius
2282 2750 2354 2782 finis
2378 2762 2489 2792 opera-

1410 2798 1508 2830 tionis
1533 2797 1766 2837 cuiuscumque
1790 2796 1915 2827 virtutis
1932 2803 1979 2828 est
1994 2797 2026 2827 id
2043 2797 2134 2838 quod
2150 2797 2327 2827 secundum
2344 2796 2490 2827 habitum

1410 2844 1497 2874 illius
1520 2842 1645 2873 virtutis
1662 2841 1695 2872 in
1711 2841 1899 2882 operatione
1922 2841 1967 2873 fit.
1993 2842 2033 2872 Et
2056 2842 2119 2872 hoc
2135 2848 2182 2872 est
2198 2842 2287 2882 quod
2304 2841 2490 2872 Aristoteles

1411 2889 1445 2920 in
1462 2888 1503 2919 111
1518 2887 1623 2918 Ethic.
1638 2887 1781 2922 assumit,
1797 2886 1905 2917 dicens
1919 2886 1952 2917 in
1971 2900 1986 2915 «
1997 2893 2085 2917 textu
2102 2887 2243 2917 rotundo
2254 2895 2282 2916 »:
2298 2886 2390 2917 Finis
2405 2888 2489 2917 enim

1411 2934 1516 2965 omnis
1529 2933 1726 2973 operationis
1740 2937 1788 2962 est
1802 2933 1858 2972 qui
1876 2931 2052 2962 secundum
2069 2931 2223 2962 habitum.
2249 2931 2321 2961 Hoc
2339 2938 2386 2962 est
2401 2931 2490 2972 quod

1412 2981 1535 3009 Auctor
1558 2977 1652 3007 docet
1675 2976 1708 3006 in
1732 2976 1852 3013 littera,
1883 2977 2037 3016 ponendo
2061 2976 2228 3017 proprium
2261 2975 2359 3006 finem
2382 2975 2488 3012 fortis,

1412 3033 1479 3053 non
1504 3021 1736 3062 operationem,
1762 3028 1797 3052 ut
1821 3031 1956 3062 arguens
1985 3021 2069 3051 male
2092 3021 2316 3061 interpretatus
2340 3027 2403 3057 est,
2435 3020 2491 3051 sed

1411 3066 1656 3098 similitudinem
1681 3076 1736 3096 seu
1753 3067 2008 3097 convenientiam
2033 3066 2160 3097 habitus
2178 3065 2210 3095 in
2229 3065 2415 3106 operatione
2431 3075 2490 3106 po-

1413 3112 1517 3148 sitam,
1542 3121 1625 3152 quae
1650 3111 1729 3141 nihil
1752 3110 1839 3141 aliud
1863 3118 1910 3141 est
1937 3121 2036 3151 quam
2066 3110 2168 3141 forma
2198 3110 2249 3140 vel
2273 3109 2364 3150 quasi
2387 3109 2491 3140 forma

1414 3155 1619 3197 operationis,
1645 3156 1758 3186 saltem
1781 3155 1814 3185 in
1839 3165 1905 3186 esse
1930 3155 2055 3186 morali.

1467 3201 1506 3232 V.
1532 3200 1640 3231 Tertia
1665 3200 1825 3231 distinctio
1843 3207 1889 3230 est
1906 3199 2036 3240 propria
2059 3199 2134 3230 huic
2150 3199 2318 3230 materiae:
2344 3205 2376 3230 et
2390 3206 2437 3229 est
2453 3199 2492 3229 de

1413 3245 1476 3276 fine
1500 3245 1710 3280 fortitudinis,
1743 3251 1773 3275 et
1797 3245 1836 3275 de
1858 3243 1922 3274 fine
1945 3243 2095 3274 materiae
2123 3243 2330 3275 fortitudinis.
2361 3244 2491 3274 Bonum

1414 3290 1574 3331 siquidem
1598 3290 1637 3320 de
1661 3299 1728 3330 quo
1753 3295 1800 3319 est
1830 3299 1939 3329 pugna
1964 3287 2138 3330 (quidquid
2166 3288 2247 3320 illud
2271 3288 2327 3320 sit:
2356 3288 2423 3319 sive
2453 3288 2493 3319 sit

1414 3334 1501 3365 aliud
1525 3344 1543 3364 a
1566 3334 1655 3364 bono
1680 3333 1887 3369 fortitudinis,
1913 3340 1949 3364 ut
1972 3333 2102 3370 iustitia,
2127 3340 2202 3370 etc.;
2232 3333 2297 3364 sive
2321 3333 2362 3364 sit
2383 3333 2493 3374 ipsum

1385 3415 1386 3419 Ἰ
1414 3379 1587 3420 proprium
1617 3379 1742 3409 bonum
1773 3378 1969 3409 fortitudinis
2000 3378 2195 3419 inquantum
2222 3385 2269 3409 est
2297 3379 2423 3409 bonum
2453 3378 2492 3408 de

1412 3434 1480 3466 quo
1495 3431 1543 3455 est
1558 3422 1682 3466 pugna)
1707 3433 1773 3453 non
1790 3430 1836 3454 est
1852 3423 2003 3464 proprius
2018 3422 2090 3454 finis
2110 3423 2321 3454 fortitudinis:
2347 3423 2402 3454 sed
2418 3433 2491 3463 pro-

1413 3469 1502 3510 prius
1524 3468 1597 3499 finis
1612 3468 1761 3499 materiae
1786 3468 1868 3499 circa
1884 3478 1983 3509 quam
1999 3474 2047 3499 est
2062 3468 2229 3505 fortitudo,
2246 3468 2381 3499 reddens
2404 3467 2492 3498 illam

1413 3515 1533 3545 bonam
1557 3524 1614 3544 seu
1639 3513 1808 3553 optimam.
1839 3513 1936 3544 Verbi
1959 3513 2075 3553 gratia,
2108 3520 2192 3544 extat
2215 3513 2338 3544 bellum
2361 3519 2492 3553 propter

1413 3559 1631 3599 repellendam
1653 3558 1807 3589 iniustam
1823 3558 1943 3598 patriae
1958 3558 2176 3589 vexationem:
2202 3558 2287 3588 salus
2310 3557 2429 3598 patriae
2445 3562 2492 3586 est

1413 3604 1528 3634 directe
1546 3603 1696 3644 proprius
1712 3601 1784 3633 finis
1799 3610 1932 3644 propter
1947 3613 2046 3644 quem
2070 3603 2211 3643 pericula
2228 3602 2340 3633 mortis
2356 3602 2389 3632 in
2405 3600 2490 3631 bello

2333 3662 2347 3687 3

2504 568 2514 578 ⁸
2522 567 2578 590 Loc.
2586 568 2626 590 cit.
2634 568 2692 589 ibid.

2510 1237 2518 1248 '
2531 1237 2568 1258 Cf.
2578 1237 2677 1259 Aristot-
2690 1237 2724 1259 Ε-

2510 1263 2566 1285 thie.
2577 1263 2618 1285 lib.
2629 1263 2660 1290 V,
2670 1270 2696 1285 ea
2719 1280 2726 1285 .

2510 1296 2536 1317 u,
2552 1296 2576 1312 n.
2585 1297 2610 1317 4.
2620 1302 2631 1306 -
2642 1290 2666 1313 S.
2677 1271 2724 1312 tii.

2511 1318 2563 1339 lect.
2580 1323 2616 1339 ιιι.

2518 2762 2526 2770 ”
2543 2760 2601 2788 cap.
2617 2767 2658 2787 vn,
2669 2767 2692 2782 n.
2709 2766 2731 2808 ἃ,

2518 2787 2707 2841 ἵέεῗῗῑῖἰῗζῗϊτ
2727 2804 2731 2809 “
