2768 4198
170 1286 226 1308 ἀ.ιά
231 1292 281 1308 ean.

123 1291 181 1335 ἐξ

70 1502 280 1533 ’ὴηιμιά3-

69 1770 81 1783 “
93 1769 164 1795 unm.
177 1775 195 1794 ι.

73 1909 233 1952 mi&

73 3107 84 3117 '⁴
97 3105 168 3128 Num.
185 3112 209 3128 ιι,

75 3291 85 3300 ·
99 3289 169 3312 Num.
191 3297 214 3317 v,
229 3290 288 3312 Dixi

74 3317 200 3339 semmua
226 3323 287 3339 com-

75 3349 173 3365 munem.

1012 265 1280 311 QUAESTIO
1311 264 1447 312 CLIV,
1476 264 1774 302 ARTlCULUS
1805 265 1816 300 l

312 353 440 386 peccato
464 345 591 376 mortali
616 355 652 375 ex
676 344 805 385 propria
835 344 957 375 ratione
981 344 1203 374 continentur:

312 391 490 421 secundum
513 389 591 430 quid
614 389 722 429 plures
746 389 809 419 sint
833 389 963 429 species.

367 434 456 471 Dixi,
480 434 656 471 secundum
680 438 936 464 consummatum
962 433 1049 463 illius
1073 438 1179 463 actum
1207 433 1382 465 secundum

309 480 461 519 seipsum.
493 478 656 516 Quoniam
682 488 719 508 ex
743 479 804 508 hoc
829 478 929 517 capite
947 477 1030 507 idem
1056 485 1150 517 patet.
1182 478 1274 513 Nam,
1292 484 1327 508 ut
1351 477 1411 507 in

1238 343 1384 384 quamvis

309 524 412 554 littera
435 523 494 553 hac
517 523 642 558 dicitur,
667 529 697 553 et
721 523 780 553 sub
803 522 872 552 aliis
896 522 998 552 verbis
1021 522 1052 552 in
1079 529 1133 552 art.
1162 523 1178 552 3
1204 532 1257 562 qu.
1282 533 1321 552 xv
1345 522 1384 552 de
1410 554 1411 562 ἶ

1409 566 1411 604 ξ
1438 573 1468 596 et
1484 566 1637 596 feminam
1654 565 1727 596 fecit
1744 573 1774 596 et
1789 565 1957 601 benedixit,
1975 575 2041 595 non
2054 565 2192 595 habetur
2215 565 2304 605 quod
2321 571 2455 604 uterque
2472 564 2512 594 sit

309 569 413 606 Malo,
427 567 596 608 dupliciter
611 567 766 607 contingit
782 577 922 607 peccare,
940 577 995 597 seu
1013 566 1289 597 deordinationem
1305 576 1382 602 esse,

310 613 344 642 in
366 613 576 643 delectatione
599 621 742 642 venerea.
766 612 895 648 Primo,
921 622 957 642 ex
982 618 1070 652 parte
1093 619 1182 642 actus
1206 612 1382 642 secundum

310 657 472 697 seipsum:
497 657 560 687 hoc
585 663 641 693 est,
666 657 756 696 quod
779 664 867 687 actus
892 662 1151 692 consummatus,
1175 655 1256 686 idest
1288 656 1383 686 semi·
1409 651 1411 690 J

310 701 397 732 natio
417 701 605 737 voluntaria,
630 702 808 732 secundum
833 702 975 742 seipsum
999 708 1045 731 est
1068 701 1289 736 inordinatus;
1315 710 1381 737 seu,

311 753 346 776 ut
368 746 401 776 in
425 746 527 777 littera
551 745 675 782 dicitur,
701 756 742 776 ex
760 751 858 786 parte
881 747 1038 776 materiae
1061 747 1161 786 ipsius
1184 750 1284 776 actus.
1309 745 1383 775 Alio
1409 746 1411 769 ἵ

310 791 421 826 modo,
446 800 484 821 ex
507 797 594 831 parte
618 790 842 821 conditionum
859 800 914 821 seu
933 790 1219 830 concupiscentiae.
1245 790 1285 820 Et
1309 790 1383 830 quia

310 834 527 866 deformitates
558 845 613 865 seu
642 842 769 875 peccata
799 835 900 876 ipsius
928 842 1016 865 actus
1047 835 1225 865 secundum
1249 845 1282 864 se
1310 841 1384 864 sunt

309 880 495 920 simpliciter
506 887 643 920 peccata,
657 880 717 910 alia
734 887 841 910 autem
858 887 932 910 sunt
948 886 1076 920 peccata
1093 880 1270 910 secundum
1288 879 1381 919 quid;
1409 889 1411 899 ¹

309 924 392 960 ideo,
418 924 608 964 assignando
632 925 751 964 species
776 931 980 964 peccatorum
998 924 1150 960 luxuriae,
1167 923 1239 954 illae
1258 930 1382 954 tanturn

308 978 364 999 sex
386 969 516 999 fuerunt
539 969 745 1009 assignandae
769 979 851 1010 quae
875 979 907 999 se
931 975 1039 999 tenent
1062 979 1099 998 ex
1122 976 1210 1008 parte
1227 974 1314 998 actus
1337 978 1382 998 se-

309 1014 454 1044 cundum
477 1013 629 1053 seipsum,
654 1014 729 1054 quia
749 1014 822 1044 illae
839 1014 925 1044 solae
941 1013 1141 1044 constituunt
1163 1020 1291 1052 peccata
1306 1012 1381 1042 sim-

310 1058 448 1098 pliciter:
472 1058 551 1088 aliae
575 1065 683 1089 autem
700 1058 829 1098 species,
854 1065 967 1097 utpote
990 1058 1030 1087 ad
1053 1064 1180 1097 peccata
1205 1057 1382 1086 secundum

310 1102 388 1143 quid
413 1109 600 1143 spectantes,
626 1103 773 1134 dimissae
797 1109 882 1134 sunt.

361 1147 445 1186 Dixi,
461 1148 638 1178 secundum
654 1156 853 1178 communem
869 1147 1049 1176 doctrinam
1067 1145 1304 1175 rationabiliter
1319 1149 1383 1174 tra-

309 1192 420 1223 ditam.
445 1192 608 1230 Quoniam
633 1201 700 1222 non
721 1191 813 1221 latuit
829 1194 1003 1221 Auctorem
1027 1189 1105 1230 quin
1130 1189 1237 1229 plures
1261 1188 1382 1228 potuis-

310 1243 380 1267 sent
396 1237 546 1276 assignari
562 1236 691 1276 species
717 1236 779 1266 Sed
797 1234 954 1276 quoniam
971 1234 1119 1273 Magister
1134 1233 1380 1269 Sententiarum,

309 1281 343 1312 in
357 1291 413 1320 114
423 1281 627 1319 distinetione
643 1279 766 1316 Quarti,
781 1287 811 1309 et
827 1278 1006 1313 Gratianus,
1022 1278 1166 1313 XXXVI,
1179 1287 1234 1318 qu.
1248 1287 1259 1306 1
1270 1277 1296 1313 *,
1314 1277 1382 1307 sine

288 1324 559 1356 *contradictione
573 1324 630 1354 has
651 1324 863 1354 introduxisse
885 1323 1034 1353 videntur
1057 1322 1194 1362 species;
1218 1321 1292 1351 ideo
1316 1323 1383 1352 Au-

308 1376 388 1406 ctor,
405 1368 498 1399 solita
515 1378 573 1398 sua
589 1367 762 1398 reverentia
786 1375 888 1403 utens,
907 1377 972 1397 non
997 1374 1063 1398 tam
1079 1366 1199 1401 docuit,
1217 1376 1314 1406 quam
1334 1376 1381 1396 ra-

198 1424 222 1436 m
261 1441 263 1443 .
310 1414 431 1445 tionem
453 1412 589 1444 reddidit
604 1421 702 1454 quare
717 1412 776 1442 hae
793 1412 880 1443 solae
896 1412 1016 1452 species
1039 1411 1161 1451 positae
1178 1417 1262 1441 sunt.
1289 1411 1382 1442 Unde

306 1456 341 1490 et
362 1457 572 1498 sacrilegium,
597 1467 665 1498 quo
689 1457 846 1497 polluitur
867 1466 1005 1497 persona
1029 1456 1148 1486 habens
1164 1462 1277 1486 votum
1293 1455 1383 1485 casti-

309 1503 391 1540 tatis,
408 1503 448 1533 ad
464 1502 657 1533 adulterium
673 1501 797 1532 reduxit
810 1502 844 1532 *:
871 1511 944 1532 curn
962 1508 1068 1531 tamen
1085 1500 1245 1530 evidenter
1261 1506 1384 1530 constet

307 1549 400 1589 quod
431 1546 634 1587 distinguitur
663 1546 767 1587 specie
791 1547 830 1576 ab
853 1545 1027 1582 adulterio,
1052 1546 1133 1576 sicut
1157 1545 1266 1584 religio
1295 1554 1312 1574 a
1335 1545 1383 1574 iu·
1410 1555 1412 1564 ι

307 1593 404 1624 stitia.
437 1591 680 1623 Rationabiliter
711 1597 819 1622 autem
849 1590 998 1621 doctores
1028 1590 1084 1620 has
1115 1597 1240 1620 tantum
1265 1589 1384 1629 species

309 1637 525 1668 tradiderunt:
549 1636 635 1677 quia,
659 1643 696 1666 ut
710 1636 832 1666 dictum
850 1642 905 1671 est,
926 1635 966 1664 ad
986 1633 1129 1665 mortalia
1148 1640 1285 1674 peccata,
1302 1643 1384 1675 quae

310 1682 379 1712 sola
402 1688 478 1712 sunt
505 1680 691 1721 simpliciter
713 1687 857 1720 peccata,
883 1686 913 1710 et
940 1680 1099 1710 luxuriam
1130 1678 1316 1718 simpliciter
1339 1678 1386 1709 re-

310 1733 490 1767 spexerunt.

367 1771 420 1802 VI.
447 1771 496 1801 Ad
526 1770 669 1810 primum
700 1779 776 1809 ergo
805 1769 941 1799 dubium
959 1768 976 1787 ‘⁹‘
1003 1768 1119 1799 dicitur
1147 1769 1238 1809 q'uod
1266 1767 1408 1808 species'

311 1814 678 1855 luxuriaesimpliciter,
704 1823 760 1844 seu
791 1823 829 1844 ex
852 1820 941 1854 parte
964 1820 1052 1844 actus
1075 1813 1247 1843 inordinati
1275 1822 1385 1843 secun-

311 1861 390 1892 dum
413 1869 458 1896 se,
481 1866 654 1890 sumuntur
677 1868 714 1889 ex
738 1865 826 1899 parte
850 1858 1017 1889 materiae:
1048 1858 1087 1888 de
1110 1857 1176 1888 istis
1200 1857 1286 1887 enim
1310 1857 1386 1887 solis

264 1941 268 1945 ,
310 1904 456 1946 loquitur
478 1907 610 1935 Auctor.
634 1904 675 1934 Et
698 1903 978 1933 adxobiectionem
997 1903 1036 1932 de
1056 1909 1187 1942 peccato
1205 1908 1315 1932 contra
1331 1911 1385 1931 na—

311 1956 417 1980 turam
439 1959 478 1980 ex
500 1955 589 1989 parte
612 1948 712 1984 modi,
732 1948 943 1988 respondetur
967 1947 1056 1988 quod
1072 1947 1190 1977 modus
1206 1953 1316 1977 contra
1331 1956 1386 1976 na-

311 2001 417 2026 turam
441 2001 488 2024 est
511 1993 646 2034 duplex:
672 2002 766 2028 unus,
791 2001 858 2033 quo
883 1998 995 2027 stante,
1019 1998 1125 2031 potest
1144 1991 1233 2032 sequi
1257 2000 1385 2031 genera-

311 2039 371 2076 tio;
396 2039 482 2075 alter,
503 2048 571 2079 quo
588 2043 700 2075 stante,
718 2046 784 2067 non
808 2043 914 2076 potest
933 2036 1024 2076 sequi
1040 2036 1211 2076 generatio.
1236 2035 1278 2066 Et
1296 2036 1385 2076 quod

310 2083 511 2125 quicumque
531 2083 650 2112 modus
666 2087 776 2112 contra
792 2087 939 2111 naturam
955 2090 992 2111 ex
1007 2090 1074 2121 quo
1090 2090 1157 2111 non
1173 2087 1279 2120 potest
1295 2080 1386 2121 sequi

311 2127 487 2169 generatim
511 2126 672 2157 reducitur
695 2126 735 2156 ad
758 2125 1029 2156 inordinationem
1052 2135 1089 2155 ex
1113 2132 1200 2164 parte
1224 2125 1383 2156 materiae.

311 2173 396 2203 Nam
418 2172 444 2202 si
469 2181 535 2202 non
559 2177 700 2202 servatur
722 2179 776 2200 vas
796 2170 950 2206 debitum,
967 2179 1034 2200 non
1049 2176 1096 2200 est
1109 2169 1152 2199 ibi
1168 2170 1300 2200 materia
1315 2180 1385 2211 par-

311 2217 394 2248 tialis
417 2216 535 2247 debita:
559 2215 717 2257 quoniam
740 2214 856 2245 mulier
879 2223 945 2244 non
970 2213 1079 2254 recipit
1102 2214 1280 2244 secundum
1296 2214 1385 2244 illam

311 2268 436 2302 partem
458 2270 523 2302 qua
545 2261 638 2291 debet
661 2269 728 2290 esse
748 2258 888 2290 materia.
913 2259 954 2289 Et
973 2258 1117 2289 similiter
1133 2259 1158 2288 si
1175 2258 1290 2299 aliquis
1305 2267 1387 2290 esset

311 2307 431 2337 modus
453 2315 522 2346 quo
543 2304 705 2345 generatio
725 2302 941 2344 impediretur,
967 2303 1007 2333 ad
1030 2303 1196 2334 materiam
1220 2303 1385 2344 partialem

311 2359 379 2382 non
402 2351 618 2381 reduceretur:
649 2348 724 2390 quia
747 2348 864 2379 scilicet
895 2357 962 2378 non
986 2355 1091 2388 potest
1114 2348 1252 2388 recipere
1276 2358 1386 2379 semen

309 2395 344 2426 in
367 2395 421 2425 illa
446 2401 532 2435 parte
554 2393 696 2424 interiori
719 2393 752 2423 in
775 2403 839 2434 qua
864 2399 976 2423 natum
999 2399 1046 2423 est
1068 2393 1175 2434 recipi.

367 2440 415 2470 De
439 2439 539 2469 modo
563 2445 671 2469 autem
695 2437 865 2468 innaturali
897 2447 963 2468 non
988 2437 1182 2479 impediente
1209 2438 1385 2478 generatio-

311 2493 396 2521 nem,
420 2483 545 2520 dicitur,
569 2483 620 2514 vel
643 2483 733 2523 quod
757 2489 877 2522 spectat
900 2483 940 2512 ad
961 2482 1082 2522 species
1105 2483 1284 2513 secundum
1307 2483 1386 2523 quid

310 2535 342 2559 et
365 2535 494 2568 peccata
517 2537 584 2558 non
603 2527 750 2558 mortalia
774 2537 811 2557 ex
834 2536 948 2567 genere
964 2535 1041 2557 suo:
1067 2534 1097 2557 et
1119 2534 1288 2567 propterea
1307 2528 1386 2558 nihil

312 2574 418 2603 obstat
441 2573 531 2613 quod
553 2573 607 2602 illa
630 2571 772 2602 luxuriae
792 2571 912 2611 species
935 2571 975 2602 sit
998 2571 1126 2608 omissa,
1151 2572 1233 2603 sicut
1248 2572 1328 2602 aliae
1344 2572 1384 2603 si-

311 2617 413 2648 miles.
439 2616 636 2648 Huiusmodi
660 2616 745 2646 enim
770 2623 895 2655 peccata
921 2625 987 2646 non
1004 2616 1183 2647 consistunt
1205 2617 1237 2647 in
1260 2617 1385 2647 deordi-

311 2661 440 2692 natione
464 2669 553 2692 actus
576 2661 754 2691 secundum
778 2660 938 2700 seipsum,
963 2661 1018 2691 sed
1042 2661 1220 2691 secundum
1243 2661 1385 2702 aliquam

309 2706 380 2737 ‘eius
395 2706 624 2738 conditionem.
650 2707 750 2736 Actus
767 2705 853 2735 enim
874 2704 1014 2744 coniugii
1037 2715 1074 2735 ex
1089 2715 1155 2746 quo
1173 2713 1278 2746 potest
1294 2707 1384 2747 sequi

312 2751 483 2792 generatio,
509 2761 545 2781 ex
569 2751 632 2780 hoc
655 2750 726 2780 solo
750 2749 955 2780 deordinatus
979 2750 1068 2790 quod
1091 2749 1262 2780 innaturali
1283 2752 1383 2782 modo

311 2795 357 2832 fit,
379 2806 447 2826 non
463 2802 510 2826 est
532 2795 711 2825 secundum
726 2794 869 2834 seipsum
885 2794 1100 2830 deordinatus‚
1126 2795 1182 2825 sed
1205 2796 1384 2826 secundum

311 2840 400 2871 illam
423 2840 642 2870 conditionem
668 2845 801 2869 tantum.
836 2839 878 2869 Et
900 2839 973 2868 ideo
1002 2845 1086 2868 extra
1109 2839 1166 2869 has
1190 2839 1308 2879 species
1332 2840 1385 2870 illa

272 2888 277 2893 '
312 2885 437 2916 luxuria
459 2884 590 2915 venialis
615 2891 669 2915 est.
694 2901 715 2906 -
742 2883 808 2920 Vel,
833 2891 863 2913 et
887 2883 1012 2919 melius,
1037 2883 1150 2913 dicitur
1178 2887 1268 2924 quod
1293 2886 1384 2915 redu-

313 2929 392 2960 ctive
415 2936 536 2969 spectat
559 2930 598 2959 ad
617 2929 732 2959 vitium
749 2935 859 2958 contra
875 2934 1032 2963 naturam,
1057 2927 1139 2958 sicut
1160 2927 1384 2968 imperfectum

312 2973 474 3005 reducitur
504 2974 544 3004 ad
575 2973 713 3014 spec-iem
744 2972 890 3013 perfecti:
915 2972 1049 3008 scilicet,
1073 2978 1209 3011 praeter
1231 2978 1383 3004 naturam

312 3019 474 3049 reducitur
495 3019 536 3048 ad
558 3023 672 3049 contra
696 3023 860 3048 naturam.
893 3017 966 3047 Hoc
990 3016 1076 3046 enim
1100 3017 1238 3057 perfecte
1261 3024 1384 3048 contra·

312 3063 410 3094 riatur
433 3070 578 3093 naturae:
604 3063 685 3093 illud
709 3062 892 3103 imperfecte
916 3061 1094 3102 opponitur
1116 3068 1256 3093 naturae.

369 3107 436 3138 Vll.
457 3108 509 3138 Ad
525 3108 648 3138 obiecta
664 3114 774 3138 contra
790 3106 968 3137 secundum
985 3106 1107 3136 dictum
1118 3106 1146 3144 *‚
1162 3106 1279 3137 scilicet
1296 3108 1384 3148 quod

313 3151 390 3182 illae
411 3153 532 3192 species
562 3153 669 3194 magis
692 3161 734 3182 ex
751 3157 849 3192 parte
864 3151 1014 3192 feminae
1036 3156 1228 3188 sumuntur,
1254 3161 1383 3192 respon-

312 3195 421 3226 detur:
446 3203 478 3226 et
499 3197 539 3226 ad
562 3197 704 3238 primum
724 3196 840 3227 dicitur
862 3196 951 3236 quod
977 3195 1093 3225 falsum
1117 3195 1237 3226 assumi
1265 3209 1279 3223 ι
1298 3203 1384 3236 patet

313 3239 520 3270 discurrendo
536 3253 566 3271 ».
590 3241 676 3278 Quia
691 3248 800 3281 raptus
816 3239 1031 3271 communiter
1047 3240 1218 3270 attenditur
1242 3249 1278 3270 ex
1298 3247 1385 3280 parte

314 3284 467 3315 feminae:
492 3291 528 3316 ut
550 3292 635 3325 patet
657 3286 774 3325 legenti
797 3285 831 3315 in
847 3284 987 3315 Decretis
1010 3284 1044 3314 in
1066 3285 1140 3315 loco
1166 3285 1300 3324 allegato
1312 3285 1338 3315 *.

369 3329 421 3359 Ad
445 3329 622 3360 secundum
645 3330 760 3360 dicitur
783 3329 872 3370 quod
895 3329 948 3359 illa
974 3330 1169 3369 propositio,
1194 3330 1290 3359 Duae
1307 3339 1385 3369 per-

314 3383 414 3403 sonae
442 3374 605 3404 humanae
633 3382 721 3404 sexu*
745 3374 932 3415 differentes
961 3379 1039 3404 sunt
1062 3375 1199 3405 materia
1223 3375 1385 3405 naturalis

314 3423 407 3448 actus
423 3419 549 3448 venerei
563 3417 709 3456 humani,
725 3425 772 3449 est
786 3418 880 3450 falsa:
906 3426 936 3450 et
959 3419 1106 3459 probatio
1123 3419 1190 3449 eins
1206 3418 1384 3455 falsissima,

315 3462 448 3498 scilicet,
473 3462 538 3492 Illa
568 3471 650 3502 quae
671 3468 747 3493 sunt
769 3463 920 3494 ordinata
943 3473 964 3493 a
988 3468 1107 3494 natura
1136 3463 1179 3494 ad
1201 3464 1384 3505 generatio-

315 3516 387 3537 nem
406 3507 512 3547 prolis
534 3506 706 3543 humanae,
731 3512 808 3537 sunt
830 3509 967 3538 materia
991 3509 1153 3538 naturalis
1176 3513 1267 3539 actus
1291 3518 1383 3539 vene-

315 3553 363 3581 rei
385 3551 527 3581 humani.
553 3551 635 3580 Nam
660 3557 772 3580 natura
795 3560 863 3581 non
883 3551 991 3582 solum
1015 3552 1189 3588 materiam,
1211 3553 1267 3583 sed
1290 3562 1386 3592 agens

315 3596 472 3626 ordinavit
495 3596 535 3625 ad
557 3594 804 3635 generationem.
828 3595 989 3626 Masculus
1008 3597 1095 3627 enim
1118 3597 1283 3628 ordinatus
1298 3604 1345 3628 est
1368 3607 1385 3627 a

316 3647 427 3670 natura
457 3640 496 3670 ad
521 3646 627 3670 actum
651 3648 823 3669 venereum
853 3649 920 3669 non
943 3646 980 3670 ut
1002 3641 1132 3671 materia
1156 3641 1241 3677 eius,
1266 3642 1321 3671 sed
1350 3648 1386 3673 ut

2435 264 2508 300 215

1439 342 1576 374 efficiens
1600 342 1700 373 illius:
1726 342 1844 373 femina
1860 348 1968 372 autem
1992 349 2028 372 ut
2051 341 2183 382 patiens.
2210 342 2308 378 Quod
2328 341 2395 371 eius
2413 349 2510 378 actus,

1438 388 1494 429 qui
1518 394 1564 418 est
1585 388 1732 427 recipere,
1750 394 1897 418 testatur:
1923 386 2071 416 materiae
2088 386 2172 416 enim
2190 393 2237 416 est
2252 386 2405 426 recipere;
2431 388 2510 417 adeo

1410 430 1411 480 l
1439 439 1474 463 ut
1497 432 1591 463 etiam
1617 432 1642 462 si
1666 432 1769 462 forma
1793 431 1923 472 recipiat
1945 431 2083 481 aliquid,
2108 431 2139 461 in
2165 431 2226 461 hoc
2251 431 2332 471 sapit
2355 431 2510 461 rationem

1438 477 1586 507 materiae
1610 487 1665 507 seu
1690 477 1851 516 potentiae
1875 476 2026 516 passivae.

1494 522 1545 551 Ad
1569 521 1696 552 tertium
1712 522 1730 540 *
1754 521 1868 551 dicitur
1883 521 1972 561 quod
1989 531 2025 550 ex
2041 520 2104 550 hoc
2120 521 2208 561 quod
2226 520 2312 550 Deus
2330 520 2510 550 masculum

1438 611 1577 646 materia,
1602 611 1656 640 sed
1680 610 1787 650 potius
1811 611 1898 650 quod
1923 610 1986 640 sint
2009 619 2105 649 agens
2129 617 2160 640 et
2183 609 2322 650 patiens:
2355 609 2511 649 quoniam

1437 656 1469 685 in
1494 656 1583 685 omni
1606 660 1738 692 natura,
1758 662 1794 685 ut
1809 654 1924 685 dicitur
1939 654 1970 684 in
1990 654 2030 684 111
2046 654 2086 684 de
2102 655 2220 684 Anima
2234 653 2261 690 *‚
2287 660 2415 694 oportet
2434 653 2510 684 haec
2540 664 2548 672 ·

1438 700 1503 730 duo
1528 709 1724 735 concurrere,
1749 700 1887 730 alterum
1913 704 1949 729 ut
1972 708 2085 740 agens,
2106 699 2245 729 alterum
2271 703 2307 728 ut
2323 699 2464 738 patiens.

1492 745 1533 774 Et
1557 745 1682 774 adverte
1711 744 1801 784 quod
1835 747 1957 774 Auctor
1987 753 2052 773 non
2077 743 2152 774 dicit
2175 743 2265 784 quod
2289 743 2366 774 istae
2391 742 2510 782 species

1437 789 1543 819 solum
1569 799 1604 819 ex
1629 788 1765 818 feminae
1789 788 1973 818 conditione
1990 788 2238 818 considerentur.
2265 787 2428 824 Quoniam
2449 787 2511 817 hoc

1438 840 1561 864 constat
1584 843 1651 863 esse
1676 833 1810 863 falsum:
1836 840 1871 863 ut
1895 840 1980 872 patet
1996 842 2071 862 cum
2095 833 2261 873 religiosus
2285 839 2340 862 aut
2360 832 2512 872 coniuga—

1437 885 1488 908 tus
1505 878 1670 918 cognoscit
1692 877 1842 913 solutam,
1860 884 1918 908 etc.
1942 878 2009 907 Nec
2028 877 2089 907 hoc
2105 880 2227 908 Auctor
2243 877 2424 907 somniavit.
2449 877 2510 907 Sed

1438 923 1512 953 dicit
1528 924 1617 963 quod
1637 922 1713 952 istae
1730 922 1849 962 species
1866 923 1972 962 magis
1987 922 2268 956 diversificantur:
2284 931 2340 961 per
2356 922 2388 962 ly
2404 922 2511 962 magis

1409 970 1411 982 ¹
1438 968 1608 997 ostendens
1632 967 1721 1007 quod
1745 966 1840 996 etiam
1864 976 1901 996 ex
1926 973 2013 1005 parte
2028 966 2085 996 viri
2103 965 2361 1002 diversificantur,
2379 966 2432 996 sed
2453 976 2510 996 no-

1437 1012 1562 1041 minum
1587 1021 1622 1041 ac
1642 1011 1804 1042 rationum
1820 1010 1980 1040 diversitas
1996 1011 2097 1050 magis
2114 1021 2150 1040 ex
2165 1017 2252 1050 parte
2267 1010 2404 1040 feminae
2422 1020 2507 1040 sum—

1436 1062 1490 1095 pta
1515 1062 1570 1085 est.
1596 1055 1689 1085 Ratio
1715 1054 1872 1094 siquidem
1897 1062 2005 1093 raptus
2030 1062 2060 1084 et
2084 1055 2183 1095 stupri
2208 1055 2374 1085 manifeste
2398 1065 2510 1085 secun—

1437 1100 1515 1130 dum
1540 1109 1576 1129 ea
1600 1109 1682 1139 quae
1706 1098 1879 1128 mulierum
1904 1105 1988 1134 sunt,
2014 1099 2116 1129 datur.
2140 1099 2341 1130 Adulterium
2366 1110 2509 1140 quoque,

1436 1145 1614 1174 secundum
1638 1152 1846 1173 communem
1870 1152 1976 1178 usum,
1995 1152 2059 1172 non
2085 1143 2143 1173 nisi
2165 1145 2203 1173 ad
2225 1151 2357 1183 nuptam
2383 1145 2509 1174 acceda-

1436 1195 1496 1224 tur,
1522 1188 1651 1218 dicitur:
1681 1194 1711 1217 et
1734 1187 1878 1217 similiter
1901 1187 2109 1226 sacrilegium,
2135 1188 2193 1217 nisi
2218 1189 2257 1218 ad
2281 1189 2350 1218 Deo
2375 1189 2510 1219 dicatam

1437 1232 1614 1263 mulierem.
1633 1232 1668 1261 In
1684 1231 1775 1261 cuius
1791 1231 1927 1270 signum,
1946 1239 2113 1271 peccatum
2129 1232 2301 1273 presbyteri
2317 1234 2511 1273 quandoque

1437 1277 1550 1307 dicitur
1574 1276 1708 1316 simplex
1731 1275 1909 1311 fornicatio,
1927 1276 2122 1317 quandoque
2146 1277 2348 1313 adulterium,
2365 1278 2510 1317 quando-

1436 1331 1499 1362 que
1524 1320 1734 1360 sacrilegium,
1759 1327 1790 1350 et
1813 1327 1920 1350 tamen
1938 1327 2060 1350 constat
2076 1331 2113 1350 ex
2129 1328 2216 1360 parte
2233 1321 2281 1351 sui
2296 1331 2421 1361 semper
2445 1332 2511 1352 esse

1436 1365 1652 1404 sacrilegium:
1679 1374 1736 1394 nec
1760 1365 1929 1394 damnatur
1952 1365 2097 1394 adulterii
2117 1365 2231 1395 iniuria
2247 1365 2418 1406 quisquam
2436 1376 2511 1396 con-

1437 1411 1564 1451 iugatus
1580 1410 1620 1439 ad
1636 1409 1776 1439 solutam
1801 1409 1953 1439 accedens
1964 1409 1990 1445 *,
2017 1419 2074 1439 nec
2094 1409 2245 1449 sacrilegii
2262 1411 2423 1451 presbyter
2446 1421 2511 1441 me-

1409 1472 1411 1477 ·
1437 1455 1580 1486 retricem
1605 1463 1811 1494 cognoscens
1837 1454 1924 1483 Haec
1954 1453 2040 1483 enim
2061 1453 2134 1483 satis
2154 1461 2308 1484 testantur
2330 1455 2418 1494 quod
2443 1465 2512 1495 spe—

1438 1500 1500 1531 cies
1529 1499 1602 1529 illae
1626 1498 1728 1537 magis
1761 1497 2011 1528 diversificantur
2035 1507 2071 1528 ex
2095 1505 2182 1537 parte
2210 1498 2358 1537 feminae,
2376 1506 2433 1529 etc.

1494 1544 1576 1575 VIII.
1602 1544 1652 1574 Ad
1676 1542 1812 1573 dubium
1837 1543 2014 1573 secundum
2030 1542 2047 1561 *
2071 1542 2185 1573 dicitur
2208 1544 2296 1583 quod
2320 1543 2414 1583 gratis
2437 1554 2512 1574 con-

1439 1589 1582 1619 cedimus
1607 1588 1714 1629 plures
1738 1587 1858 1627 species
1882 1587 2024 1617 luxuriae
2049 1597 2148 1627 quam
2172 1587 2245 1617 istas
2269 1588 2319 1617 hic
2344 1598 2511 1619 enumera-

1438 1641 1496 1664 tas.
1522 1633 1583 1664 Sed
1603 1633 1681 1663 istae
1700 1632 1786 1662 solae
1811 1639 1886 1662 sunt
1910 1631 2029 1672 species
2053 1632 2194 1662 luxuriae
2219 1631 2416 1672 simpliciter:
2442 1633 2512 1663 reli-

1439 1688 1522 1719 quae
1545 1678 1723 1708 secundum
1748 1676 1835 1717 quid.
1862 1677 1942 1706 Istae
1961 1677 2048 1706 solae
2072 1683 2147 1706 sunt
2169 1683 2297 1716 peccata
2313 1677 2457 1707 mortalia
2478 1687 2514 1708 ex

1439 1723 1576 1763 propriis
1604 1722 1798 1753 rationibus:
1833 1728 1952 1751 ceterae
1976 1731 2052 1751 vero
2082 1731 2158 1751 non.
2191 1721 2269 1751 Istae
2294 1722 2380 1751 solae
2405 1729 2512 1752 actum

1439 1773 1703 1798 consummatum
1717 1766 1936 1796 inordinatum
1956 1766 2134 1796 secundum
2154 1775 2187 1796 se
2206 1773 2348 1805 ponunt:
2374 1766 2513 1806 reliquae

1439 1813 1478 1843 ad
1508 1812 1708 1843 conditiones
1738 1820 1793 1841 seu
1822 1811 1995 1841 accidentia
2026 1818 2178 1851 spectant.
2210 1810 2303 1841 Unde
2332 1811 2515 1841 conceditur

1439 1857 1529 1898 quod
1554 1856 1695 1887 conditio
1720 1862 1808 1886 actus
1834 1855 1975 1895 coniugii
2000 1855 2116 1885 faciens
2141 1856 2180 1886 de
2204 1862 2417 1895 non-peccato
2442 1866 2513 1895 pec-

1440 1909 1557 1938 catum,
1583 1900 1670 1931 affert
1692 1910 1811 1930 novam
1830 1900 1950 1941 peccati
1966 1900 2115 1940 speciem.
2142 1900 2183 1931 Et
2199 1909 2274 1931 cum
2290 1899 2376 1935 dicis,
2393 1902 2515 1931 Auctor

1439 1947 1498 1978 hoc
1522 1951 1622 1987 negat
1645 1947 1677 1976 in
1702 1946 1908 1985 responsione
1923 1944 1967 1975 ad
1989 1950 2166 1985 quartum:
2189 1945 2400 1985 respondetur
2425 1946 2514 1985 quod

1440 2001 1505 2022 non
1531 1997 1624 2031 negat
1643 1990 1716 2026 hoc,
1741 1989 1766 2020 si
1790 1989 1967 2020 formaliter
1981 1990 2184 2030 intelligatur.
2209 1990 2293 2020 Nam
2316 1990 2385 2029 ipse
2407 1990 2514 2030 loqui—

1439 2043 1491 2067 tur
1514 2045 1580 2066 non
1605 2036 1643 2065 de
1667 2044 1874 2075 quacumque
1897 2035 2017 2074 specie,
2043 2035 2098 2064 sed
2127 2035 2166 2065 de
2190 2034 2294 2074 specie
2318 2041 2407 2064 actus
2438 2045 2512 2065 con-

1439 2080 1591 2111 summati
1615 2079 1794 2110 secundum
1817 2078 1969 2118 seipsum.
1994 2079 2060 2109 Nec
2083 2079 2228 2119 loquitur
2251 2079 2289 2109 de
2305 2078 2514 2119 quibuscum-

1439 2135 1502 2167 que
1534 2124 1716 2155 differentiis
1743 2123 1902 2160 luxuriae,
1929 2124 1983 2154 sed
2007 2124 2046 2154 de
2070 2123 2253 2154 differentiis
2277 2131 2366 2154 actus
2389 2124 2515 2154 venerei

1439 2169 1654 2201 consummati
1679 2169 1858 2199 secundum
1883 2178 1925 2199 se.
1955 2169 1996 2198 Et
2020 2169 2112 2199 docet
2136 2169 2225 2209 quod
2249 2168 2324 2209 quia
2348 2168 2514 2198 deordina-

1439 2215 1543 2246 tiones
1576 2223 1659 2255 quae
1689 2221 1764 2244 sunt
1793 2213 1824 2243 in
1854 2220 1925 2243 actu
1955 2213 2117 2253 coniugati
2149 2223 2215 2243 non
2239 2220 2314 2243 sunt
2336 2214 2514 2243 secundum

1439 2259 1628 2290 differentias
1653 2265 1741 2289 actus
1766 2258 1991 2293 consummati,
2017 2258 2070 2288 sed
2091 2265 2166 2288 sunt
2185 2258 2364 2288 secundum
2380 2257 2515 2288 circum-

1439 2305 1568 2335 stantias
1593 2303 1676 2340 eius;
1702 2303 1786 2339 ideo,
1811 2310 1847 2333 ut
1871 2303 1925 2338 sic,
1945 2303 2007 2333 hoc
2032 2310 2078 2332 est
2103 2310 2137 2333 ut
2162 2302 2426 2339 circumstantiae,
2444 2303 2514 2333 nul-

1440 2349 1504 2379 lam
1529 2348 1727 2379 constituunt
1751 2347 1890 2388 speciem
1914 2347 2068 2378 luxuriae.
2093 2347 2134 2378 Et
2151 2356 2276 2378 rursus:
2301 2347 2374 2378 ideo
2392 2348 2514 2378 nullam

1440 2393 1641 2425 constituunt
1665 2392 1804 2433 speciem
1834 2392 1976 2422 luxuriae
2007 2391 2087 2422 infra
2111 2392 2311 2422 latitudinem
2337 2392 2515 2431 specierum

1439 2439 1478 2468 de
1502 2438 1620 2479 quibus
1644 2445 1690 2468 est
1714 2447 1830 2473 sermo,
1856 2436 1974 2467 scilicet
1998 2436 2175 2467 secundum
2201 2436 2390 2467 differentias
2414 2437 2513 2476 ipsius

1439 2491 1539 2514 actus.
1563 2483 1604 2513 Et
1627 2489 1802 2522 utrumque
1823 2482 1940 2512 horum
1958 2488 2005 2512 est
2020 2491 2143 2512 verum.
2169 2481 2255 2512 Cum
2271 2481 2388 2522 quibus
2408 2488 2514 2511 tamen

1440 2535 1500 2558 stat
1523 2528 1613 2569 quod
1628 2527 1750 2557 illamet
1767 2527 2002 2557 circumstantia
2026 2536 2108 2567 quae
2133 2526 2298 2556 deordinat
2314 2532 2420 2556 actum
2438 2536 2513 2556 con-

1438 2573 1548 2613 iugati,
1573 2582 1639 2602 non
1665 2578 1700 2602 ut
1723 2571 1959 2602 circumstantia
1979 2578 2066 2601 actus
2082 2570 2177 2606 illius,
2203 2571 2257 2600 sed
2282 2577 2317 2600 ut
2341 2569 2514 2600 differentia

1439 2617 1587 2659 luxuriae·
1606 2617 1784 2647 secundum
1808 2623 1915 2646 totum
1932 2625 2028 2646 suum
2044 2614 2211 2650 ambitum,
2237 2614 2290 2644 det
2306 2624 2423 2644 novam
2441 2625 2510 2654 spe-

1439 2663 1520 2693 ciem
1545 2661 1663 2702 peccati
1688 2661 1839 2691 luxuriae.
1870 2661 1964 2691 Tunc
1989 2660 2074 2689 enim
2098 2660 2192 2689 habet
2217 2659 2371 2689 rationem
2397 2659 2512 2689 obiecti

1439 2707 1551 2738 motivi
1576 2713 1611 2736 ut
1632 2705 1714 2741 finis,
1740 2713 1770 2735 et
1794 2715 1859 2734 non
1876 2703 2148 2735 circumstantiae:
2175 2710 2210 2733 ut
2234 2710 2319 2743 patet
2336 2713 2372 2732 ex
2389 2704 2513 2742 supra*

1439 2752 1552 2782 habitis
1577 2751 1615 2781 de
1639 2749 1891 2780 circumstantiis.

1493 2797 1541 2826 Ex
1556 2795 1673 2836 quibus
1693 2801 1780 2834 patet
1803 2794 1892 2834 quod
1917 2793 2060 2823 doctrina
2081 2792 2229 2822 Auctoris
2251 2793 2283 2822 in
2305 2792 2512 2831 responsione

1439 2842 1478 2871 ad
1502 2846 1653 2881 quartum
1670 2846 1716 2869 est
1739 2838 1861 2878 optime
1877 2837 2080 2877 intelligibilis
2105 2835 2155 2878 (ut
2174 2835 2357 2878 intellecta),
2375 2843 2405 2866 et
2429 2846 2512 2867 vera.

1496 2886 1547 2915 IX.
1574 2885 1624 2914 Ad
1648 2883 1777 2914 tertium
1801 2883 1937 2913 dubium
1953 2882 1970 2901 *
1993 2882 2109 2912 dicitur
2133 2881 2222 2921 quod
2246 2881 2364 2911 solutio
2390 2880 2548 2931 primae

1438 2930 1568 2960 rationis
1593 2935 1639 2958 est
1661 2928 1730 2967 ipsa
1755 2927 1903 2957 Auctoris
1928 2926 2086 2957 doctrina.
2117 2926 2234 2956 scilicet
2264 2926 2352 2966 quod
2377 2925 2511 2955 circum·

1438 2974 1562 3009 stantia,
1580 2980 1614 3003 ut
1630 2973 1802 3007 obiectum,
1829 2972 1882 3002 dat
1905 2971 2058 3012 speciem;
2085 2971 2110 3000 si
2129 2977 2234 3000 tamen
2253 2978 2299 3000 est
2322 2969 2408 2999 aliud
2425 2970 2511 2999 obie-

1438 3026 1526 3049 ctum
1548 3017 1723 3048 formaliter
1739 3017 1778 3046 ab
1795 3016 1920 3047 obiecto
1937 3023 2036 3046 actus.
2060 3016 2143 3045 Nam
2159 3015 2289 3055 quando
2307 3014 2510 3044 circumstan-

1438 3063 1481 3094 tia
1505 3070 1535 3094 et
1558 3070 1646 3093 actus
1671 3061 1789 3092 cadunt
1813 3062 1872 3091 sub
1897 3061 2012 3091 eodem
2028 3060 2154 3090 obiecto
2171 3059 2355 3094 formaliter,
2381 3058 2513 3089 circum-

1438 3108 1562 3144 stantia,
1587 3113 1887 3148 quantumcumque
1911 3105 1951 3135 sit
1974 3105 2136 3135 obiectum
2156 3111 2244 3134 actus
2258 3103 2426 3139 interioris,
2445 3113 2511 3133 non

1439 3153 1525 3183 daret
1548 3152 1702 3192 speciem:
1729 3158 1764 3180 ut
1788 3157 1874 3201 patet
1897 3160 1972 3180 cum
1987 3149 2059 3190 quis
2083 3148 2205 3179 furatur
2221 3157 2335 3178 aurum
2360 3147 2510 3184 multum,

1438 3197 1480 3227 ita
1504 3196 1593 3236 quod
1617 3205 1653 3226 ex
1670 3195 1837 3245 proposito
1862 3194 1960 3224 fertur
1981 3194 2156 3234 specialiter
2179 3193 2217 3222 ad
2242 3192 2393 3222 multum.
2418 3192 2511 3223 Unde

1438 3243 1560 3271 Auctor
1581 3240 1614 3269 in
1639 3239 1795 3279 principio
1820 3239 1962 3278 corporis
1987 3238 2082 3268 huius
2099 3236 2221 3267 articuli
2245 3237 2336 3267 dicit:
2364 3236 2510 3267 Circum-

1438 3286 1570 3322 stantia,
1595 3283 1786 3324 inquantum
1810 3283 2003 3320 huiusmodi,
2029 3292 2092 3312 non
2116 3282 2173 3312 dat
2187 3283 2323 3322 speciem
2339 3282 2429 3312 actui
2444 3292 2509 3312 mo—

1438 3330 1519 3360 rali:
1549 3339 1605 3369 per
1627 3328 1690 3358 hoc
1714 3328 1884 3358 ostendens
1912 3337 2002 3357 secus
2026 3336 2093 3357 esse
2117 3326 2310 3367 inquantum
2334 3325 2508 3357 obiectum.

1439 3374 1501 3405 Sed
1525 3383 1562 3403 ex
1585 3373 1646 3403 hoc
1669 3382 1736 3402 non
1760 3372 1894 3402 solvitur
1917 3371 1997 3402 ratio
2020 3371 2150 3407 litterae,
2175 3381 2274 3411 quae,
2298 3378 2335 3401 ut
2354 3370 2455 3410 patuit
2474 3371 2508 3407 *,

1439 3419 1478 3449 de
1501 3417 1736 3448 circumstantia
1759 3423 1847 3447 actus
1871 3416 2032 3456 coniugati
2056 3416 2250 3456 inquantum
2274 3415 2510 3446 circumstantia

1438 3463 1524 3493 illius
1555 3469 1642 3493 actus
1673 3468 1733 3497 est,
1761 3461 1914 3502 loquitur.
1953 3461 1994 3491 Et
2027 3461 2100 3491 ideo
2132 3460 2294 3491 concludit
2325 3460 2414 3500 quod
2445 3470 2507 3490 non

1440 3508 1603 3538 constituit
1617 3507 1752 3547 speciem
1770 3506 1904 3536 moralis
1923 3510 2026 3543 actus,
2045 3510 2081 3536 ut
2095 3505 2215 3536 dictum
2237 3509 2283 3535 est
2297 3504 2324 3535 *.
2349 3505 2390 3535 Et
2407 3513 2462 3544 per
2475 3504 2508 3544 ly

1440 3558 1476 3582 ut
1487 3552 1607 3582 dictum
1625 3557 1670 3581 est
1686 3550 1850 3580 manifeste
1864 3557 1950 3590 patet
1965 3550 2055 3590 quod
2068 3550 2107 3580 de
2123 3548 2358 3580 circumstantia
2373 3548 2507 3588 inquan-

1440 3604 1510 3627 tum
1535 3595 1767 3627 circumstantia
1792 3601 1856 3631 est,
1881 3595 2090 3636 loquebatur:
2122 3594 2276 3635 quoniam
2301 3593 2344 3623 sic
2367 3592 2400 3622 in
2424 3592 2508 3632 prin—

1440 3641 1524 3681 cipio
1549 3640 1692 3681 corporis
1716 3639 1843 3670 dixerat.

2540 529 2625 551 Num⁴
2633 530 2752 556 11,Etcon-

2532 556 2654 582 firmatur.

2564 663 2596 684 Ca
2616 679 2620 683 .
2636 670 2661 689 v,
2678 669 2700 684 n.
2717 669 2751 684 ι.-

2617 706 2621 711 .
2638 691 2689 711 lect.
2705 696 2727 710 x.

2540 1418 2620 1440 ⁴Cf.Di

2539 1452 2560 1470 v,
2571 1445 2604 1466 ad

2540 1472 2569 1493 de
2585 1471 2637 1493 Aau
2659 1489 2662 1492 .

2540 1499 2574 1523 (al.
2589 1501 2632 1526 34.)

2542 1552 2550 1560 ⁸
2564 1551 2635 1572 Num.
2652 1557 2683 1572 ni.

2640 1418 2752 1445 XLVIII,

2633 1451 2646 1466 e
2666 1451 2699 1466 em
2710 1445 2751 1466 Iul,

2668 1472 2752 1500 ‚6-35

2542 2709 2629 2730 *1²11ss

2540 2739 2581 2757 art.
2596 2742 2618 2763 9.

2631 2725 2636 2735 ,
2642 2715 2752 2736 qumxxu,

2562 2891 2632 2913 Num.
2648 2898 2679 2914 tv.

2537 3376 2547 3386 ⁸
2561 3376 2630 3397 Num.
2645 3378 2738 3404 praeced

2538 3511 2546 3520 ·
2561 3509 2585 3530 In
2601 3515 2660 3537 resp.
2677 3510 2703 3530 ad
2718 3519 2732 3535 ὁ.
