<?xml version="1.0" encoding="UTF-8"?>
<!DOCTYPE html PUBLIC "-//W3C//DTD XHTML 1.0 Transitional//EN"
    "http://www.w3.org/TR/xhtml1/DTD/xhtml1-transitional.dtd">
<html xmlns="http://www.w3.org/1999/xhtml" xml:lang="en" lang="en">
 <head>
  <title>
</title>
<meta http-equiv="Content-Type" content="text/html;charset=utf-8" />
  <meta name='ocr-system' content='tesseract 3.04.00' />
  <meta name='ocr-capabilities' content='ocr_page ocr_carea ocr_par ocr_line ocrx_word'/>
</head>
<body>
  <div class='ocr_page' id='page_1' title='image "./operaomniaiussui10thom_0341.png"; bbox 0 0 2768 4198; ppageno 0'>
   <div class='ocr_carea' id='block_1_1' title="bbox 77 1430 263 1471">
    <p class='ocr_par' dir='ltr' id='par_1_1' title="bbox 77 1430 263 1471">
     <span class='ocr_line' id='line_1_1' title="bbox 77 1430 263 1471; baseline -0.005 -17"><span class='ocrx_word' id='word_1_1' title='bbox 77 1430 263 1471; x_wconf 50' lang='lat' dir='ltr'>’Arunda-</span> 
     </span>
    </p>
   </div>
   <div class='ocr_carea' id='block_1_2' title="bbox 76 2123 293 2205">
    <p class='ocr_par' dir='ltr' id='par_1_2' title="bbox 76 2123 293 2205">
     <span class='ocr_line' id='line_1_2' title="bbox 76 2123 293 2151; baseline -0.005 -6"><span class='ocrx_word' id='word_1_2' title='bbox 76 2123 88 2135; x_wconf 79' lang='lat'>⁸</span> <span class='ocrx_word' id='word_1_3' title='bbox 115 2123 163 2151; x_wconf 86' lang='lat' dir='ltr'>Qu.</span> <span class='ocrx_word' id='word_1_4' title='bbox 191 2127 293 2150; x_wconf 74' lang='lat' dir='ltr'>mxvn,</span> 
     </span>
     <span class='ocr_line' id='line_1_3' title="bbox 78 2149 225 2178; baseline -0.007 -5"><span class='ocrx_word' id='word_1_5' title='bbox 78 2153 120 2173; x_wconf 77' lang='lat' dir='ltr'>m.</span> <span class='ocrx_word' id='word_1_6' title='bbox 135 2155 156 2178; x_wconf 74' lang='lat' dir='ltr'>a,</span> <span class='ocrx_word' id='word_1_7' title='bbox 170 2149 200 2171; x_wconf 74' lang='lat' dir='ltr'>ad</span> <span class='ocrx_word' id='word_1_8' title='bbox 216 2155 225 2172; x_wconf 81' lang='grc' dir='ltr'>ι</span> 
     </span>
     <span class='ocr_line' id='line_1_4' title="bbox 79 2179 227 2205; baseline -0.014 -5"><span class='ocrx_word' id='word_1_9' title='bbox 79 2182 148 2204; x_wconf 76' lang='lat' dir='ltr'>n-vu,</span> <span class='ocrx_word' id='word_1_10' title='bbox 157 2179 199 2199; x_wconf 74' lang='lat' dir='ltr'>art.</span> <span class='ocrx_word' id='word_1_11' title='bbox 206 2181 227 2205; x_wconf 76' lang='lat'>3,</span> 
     </span>
    </p>
   </div>
   <div class='ocr_carea' id='block_1_3' title="bbox 231 2155 292 2198">
    <p class='ocr_par' dir='ltr' id='par_1_3' title="bbox 231 2155 292 2198">
     <span class='ocr_line' id='line_1_5' title="bbox 231 2155 292 2198; baseline -0.016 0"><span class='ocrx_word' id='word_1_12' title='bbox 231 2155 292 2198; x_wconf 58' lang='lat'>23¹2:</span> 
     </span>
    </p>
   </div>
   <div class='ocr_carea' id='block_1_4' title="bbox 44 2778 296 2847">
    <p class='ocr_par' dir='ltr' id='par_1_4' title="bbox 44 2778 296 2847">
     <span class='ocr_line' id='line_1_6' title="bbox 83 2778 296 2819; baseline -0.005 -6"><span class='ocrx_word' id='word_1_13' title='bbox 83 2778 99 2802; x_wconf 73' lang='lat'>⁸¹</span> <span class='ocrx_word' id='word_1_14' title='bbox 107 2790 146 2813; x_wconf 75' lang='lat' dir='ltr'>Ad</span> <span class='ocrx_word' id='word_1_15' title='bbox 158 2796 222 2819; x_wconf 57' lang='lat' dir='ltr'>nm.</span> <span class='ocrx_word' id='word_1_16' title='bbox 232 2793 296 2814; x_wconf 71' lang='lat' dir='ltr'>cont.</span> 
     </span>
     <span class='ocr_line' id='line_1_7' title="bbox 44 2819 222 2847; baseline -0.006 -6"><span class='ocrx_word' id='word_1_17' title='bbox 44 2820 46 2823; x_wconf 85' lang='grc'><strong>“</strong></span> <span class='ocrx_word' id='word_1_18' title='bbox 82 2819 186 2841; x_wconf 71' lang='lat' dir='ltr'>conclus.</span> <span class='ocrx_word' id='word_1_19' title='bbox 200 2824 222 2847; x_wconf 81' lang='lat'>3.</span> 
     </span>
    </p>
   </div>
   <div class='ocr_carea' id='block_1_5' title="bbox 1000 263 1842 314">
    <p class='ocr_par' dir='ltr' id='par_1_5' title="bbox 1000 263 1842 314">
     <span class='ocr_line' id='line_1_8' title="bbox 1000 263 1842 314; baseline -0.006 -10"><span class='ocrx_word' id='word_1_20' title='bbox 1000 266 1267 314; x_wconf 91' lang='lat' dir='ltr'>QUAESTIO</span> <span class='ocrx_word' id='word_1_21' title='bbox 1297 266 1436 313; x_wconf 85' lang='lat' dir='ltr'>CLXI,</span> <span class='ocrx_word' id='word_1_22' title='bbox 1465 263 1762 302; x_wconf 91' lang='lat' dir='ltr'>ARTICULUS</span> <span class='ocrx_word' id='word_1_23' title='bbox 1792 263 1842 300; x_wconf 92' lang='lat' dir='ltr'>lV</span> 
     </span>
    </p>
   </div>
   <div class='ocr_carea' id='block_1_6' title="bbox 2430 275 2505 312">
    <p class='ocr_par' dir='ltr' id='par_1_6' title="bbox 2430 275 2505 312">
     <span class='ocr_line' id='line_1_9' title="bbox 2430 275 2505 312; baseline 0.013 -1"><span class='ocrx_word' id='word_1_24' title='bbox 2430 275 2505 312; x_wconf 88' lang='lat'>299</span> 
     </span>
    </p>
   </div>
   <div class='ocr_carea' id='block_1_7' title="bbox 718 423 2104 551">
    <p class='ocr_par' dir='ltr' id='par_1_7' title="bbox 718 423 2104 551">
     <span class='ocr_line' id='line_1_10' title="bbox 1101 423 1724 475; baseline -0.003 -8"><span class='ocrx_word' id='word_1_25' title='bbox 1101 424 1421 467; x_wconf 86' lang='lat' dir='ltr'>ARTICULUS</span> <span class='ocrx_word' id='word_1_26' title='bbox 1451 423 1724 475; x_wconf 87' lang='lat' dir='ltr'><strong>QUARTUS</strong></span> 
     </span>
     <span class='ocr_line' id='line_1_11' title="bbox 718 515 2104 551; baseline -0.004 -1"><span class='ocrx_word' id='word_1_27' title='bbox 718 519 874 551; x_wconf 87' lang='lat' dir='ltr'>UTRUM</span> <span class='ocrx_word' id='word_1_28' title='bbox 898 518 1136 549; x_wconf 81' lang='lat' dir='ltr'>HUMILITAS</span> <span class='ocrx_word' id='word_1_29' title='bbox 1161 518 1227 549; x_wconf 87' lang='lat' dir='ltr'>SIT</span> <span class='ocrx_word' id='word_1_30' title='bbox 1250 517 1357 548; x_wconf 84' lang='lat' dir='ltr'>PARS</span> <span class='ocrx_word' id='word_1_31' title='bbox 1379 516 1631 549; x_wconf 86' lang='lat' dir='ltr'>MODESTIAE</span> <span class='ocrx_word' id='word_1_32' title='bbox 1656 516 1740 547; x_wconf 84' lang='lat' dir='ltr'>VEL</span> <span class='ocrx_word' id='word_1_33' title='bbox 1764 515 2104 546; x_wconf 84' lang='lat' dir='ltr'><strong>TEMPERANTIAE</strong></span> 
     </span>
    </p>
   </div>
   <div class='ocr_carea' id='block_1_8' title="bbox 897 595 1928 631">
    <p class='ocr_par' dir='ltr' id='par_1_8' title="bbox 897 595 1928 631">
     <span class='ocr_line' id='line_1_12' title="bbox 897 595 1928 631; baseline -0.003 -8"><span class='ocrx_word' id='word_1_34' title='bbox 897 599 988 631; x_wconf 83' lang='lat' dir='ltr'>Supra,</span> <span class='ocrx_word' id='word_1_35' title='bbox 1009 606 1052 631; x_wconf 90' lang='lat' dir='ltr'>qu.</span> <span class='ocrx_word' id='word_1_36' title='bbox 1073 606 1129 629; x_wconf 70' lang='lat' dir='ltr'>cmx,</span> <span class='ocrx_word' id='word_1_37' title='bbox 1148 604 1194 624; x_wconf 82' lang='lat' dir='ltr'>art.</span> <span class='ocrx_word' id='word_1_38' title='bbox 1216 606 1242 629; x_wconf 84' lang='lat'>2;</span> <span class='ocrx_word' id='word_1_39' title='bbox 1262 598 1293 623; x_wconf 93' lang='lat' dir='ltr'>lll</span> <span class='ocrx_word' id='word_1_40' title='bbox 1314 598 1396 627; x_wconf 86' lang='lat' dir='ltr'>Sent.,</span> <span class='ocrx_word' id='word_1_41' title='bbox 1417 597 1476 622; x_wconf 89' lang='lat' dir='ltr'>dist.</span> <span class='ocrx_word' id='word_1_42' title='bbox 1495 604 1581 626; x_wconf 76' lang='lat' dir='ltr'>xxxin,</span> <span class='ocrx_word' id='word_1_43' title='bbox 1601 605 1646 629; x_wconf 91' lang='lat' dir='ltr'>qu.</span> <span class='ocrx_word' id='word_1_44' title='bbox 1665 604 1703 626; x_wconf 81' lang='lat'>111,</span> <span class='ocrx_word' id='word_1_45' title='bbox 1722 602 1768 621; x_wconf 85' lang='lat' dir='ltr'>art.</span> <span class='ocrx_word' id='word_1_46' title='bbox 1790 603 1814 627; x_wconf 87' lang='lat'>2,</span> <span class='ocrx_word' id='word_1_47' title='bbox 1833 596 1883 628; x_wconf 74' lang='lat' dir='ltr'>qu·</span> <span class='ocrx_word' id='word_1_48' title='bbox 1905 595 1928 621; x_wconf 86' lang='lat'>3.</span> 
     </span>
    </p>
   </div>
   <div class='ocr_carea' id='block_1_9' title="bbox 294 677 1388 1418">
    <p class='ocr_par' dir='ltr' id='par_1_9' title="bbox 333 677 1383 841">
     <span class='ocr_line' id='line_1_13' title="bbox 351 677 1383 742; baseline -0.002 -26"><span class='ocrx_word' id='word_1_49' title='bbox 351 694 411 735; x_wconf 38' lang='lat'>324*</span> <span class='ocrx_word' id='word_1_50' title='bbox 431 697 502 742; x_wconf 44' lang='lat' dir='ltr'>yffi&lt;</span> <span class='ocrx_word' id='word_1_51' title='bbox 528 691 550 716; x_wconf 87' lang='lat' dir='ltr'>D</span> <span class='ocrx_word' id='word_1_52' title='bbox 571 690 746 721; x_wconf 79' lang='lat' dir='ltr'><strong>QUARTUM</strong></span> <span class='ocrx_word' id='word_1_53' title='bbox 764 690 818 715; x_wconf 76' lang='lat' dir='ltr'>sm</span> <span class='ocrx_word' id='word_1_54' title='bbox 835 689 1077 715; x_wconf 82' lang='lat' dir='ltr'>PROCEDITUR.</span> <span class='ocrx_word' id='word_1_55' title='bbox 1098 677 1258 715; x_wconf 90' lang='lat' dir='ltr'>Videtur</span> <span class='ocrx_word' id='word_1_56' title='bbox 1278 679 1383 726; x_wconf 90' lang='lat' dir='ltr'>quod</span> 
     </span>
     <span class='ocr_line' id='line_1_14' title="bbox 345 721 1383 791; baseline -0.002 -22"><span class='ocrx_word' id='word_1_57' title='bbox 345 721 503 791; x_wconf 30' lang='lat' dir='ltr'>&amp;Aizi</span> <span class='ocrx_word' id='word_1_58' title='bbox 527 732 720 769; x_wconf 87' lang='lat' dir='ltr'>humilitas</span> <span class='ocrx_word' id='word_1_59' title='bbox 759 744 837 769; x_wconf 92' lang='lat' dir='ltr'>non</span> <span class='ocrx_word' id='word_1_60' title='bbox 866 732 911 768; x_wconf 92' lang='lat' dir='ltr'>sit</span> <span class='ocrx_word' id='word_1_61' title='bbox 946 743 1035 780; x_wconf 93' lang='lat' dir='ltr'>pars</span> <span class='ocrx_word' id='word_1_62' title='bbox 1073 731 1284 768; x_wconf 86' lang='lat' dir='ltr'>modestiae</span> <span class='ocrx_word' id='word_1_63' title='bbox 1321 731 1383 767; x_wconf 89' lang='lat' dir='ltr'>vel</span> 
     </span>
     <span class='ocr_line' id='line_1_15' title="bbox 333 769 1383 841; baseline -0.002 -19"><span class='ocrx_word' id='word_1_64' title='bbox 333 785 382 841; x_wconf 43' lang='grc' dir='ltr'>ᾖ,</span> <span class='ocrx_word' id='word_1_65' title='bbox 429 805 446 840; x_wconf 39' lang='grc' dir='ltr'><em>ζ</em></span> <span class='ocrx_word' id='word_1_66' title='bbox 465 769 497 828; x_wconf 53' lang='grc' dir='ltr'>ἦ</span> <span class='ocrx_word' id='word_1_67' title='bbox 511 782 815 834; x_wconf 89' lang='lat' dir='ltr'>temperantiae.</span> <span class='ocrx_word' id='word_1_68' title='bbox 837 785 1041 822; x_wconf 89' lang='lat' dir='ltr'>Humilitas</span> <span class='ocrx_word' id='word_1_69' title='bbox 1057 784 1159 822; x_wconf 90' lang='lat' dir='ltr'>enim</span> <span class='ocrx_word' id='word_1_70' title='bbox 1178 784 1383 833; x_wconf 84' lang='lat' dir='ltr'>praecipue</span> 
     </span>
    </p>

    <p class='ocr_par' dir='ltr' id='par_1_10' title="bbox 315 830 1385 1102">
     <span class='ocr_line' id='line_1_16' title="bbox 372 830 1385 887; baseline 0.001 -14"><span class='ocrx_word' id='word_1_71' title='bbox 372 852 383 863; x_wconf 77' lang='lat'>·=</span> <span class='ocrx_word' id='word_1_72' title='bbox 405 840 457 864; x_wconf 45' lang='lat'>1-.</span> <span class='ocrx_word' id='word_1_73' title='bbox 485 830 680 887; x_wconf 50' lang='lat' dir='ltr'>Krespicit</span> <span class='ocrx_word' id='word_1_74' title='bbox 707 838 960 876; x_wconf 84' lang='lat' dir='ltr'>reverentiam</span> <span class='ocrx_word' id='word_1_75' title='bbox 980 850 1056 887; x_wconf 88' lang='lat' dir='ltr'>qua</span> <span class='ocrx_word' id='word_1_76' title='bbox 1083 838 1167 886; x_wconf 89' lang='lat' dir='ltr'>quis</span> <span class='ocrx_word' id='word_1_77' title='bbox 1191 838 1385 875; x_wconf 91' lang='lat' dir='ltr'>subiicitur</span> 
     </span>
     <span class='ocr_line' id='line_1_17' title="bbox 315 891 1385 939; baseline 0.001 -12"><span class='ocrx_word' id='word_1_78' title='bbox 315 891 414 938; x_wconf 87' lang='lat' dir='ltr'>Deo,</span> <span class='ocrx_word' id='word_1_79' title='bbox 434 899 476 928; x_wconf 92' lang='lat' dir='ltr'>ut</span> <span class='ocrx_word' id='word_1_80' title='bbox 504 892 647 929; x_wconf 90' lang='lat' dir='ltr'>dictum</span> <span class='ocrx_word' id='word_1_81' title='bbox 676 900 732 929; x_wconf 91' lang='lat' dir='ltr'>est</span> <span class='ocrx_word' id='word_1_82' title='bbox 753 892 785 930; x_wconf 69' lang='lat'>²⁸.</span> <span class='ocrx_word' id='word_1_83' title='bbox 816 892 893 929; x_wconf 87' lang='lat' dir='ltr'>Sed</span> <span class='ocrx_word' id='word_1_84' title='bbox 919 891 968 929; x_wconf 90' lang='lat' dir='ltr'>ad</span> <span class='ocrx_word' id='word_1_85' title='bbox 995 891 1174 929; x_wconf 86' lang='lat' dir='ltr'>virtutem</span> <span class='ocrx_word' id='word_1_86' title='bbox 1203 892 1385 939; x_wconf 90' lang='lat' dir='ltr'>theologi-</span> 
     </span>
     <span class='ocr_line' id='line_1_18' title="bbox 316 945 1383 994; baseline 0.001 -13"><span class='ocrx_word' id='word_1_87' title='bbox 316 956 402 981; x_wconf 87' lang='lat' dir='ltr'>cam</span> <span class='ocrx_word' id='word_1_88' title='bbox 439 945 603 993; x_wconf 87' lang='lat' dir='ltr'>pertinet</span> <span class='ocrx_word' id='word_1_89' title='bbox 638 946 744 994; x_wconf 91' lang='lat' dir='ltr'>quod</span> <span class='ocrx_word' id='word_1_90' title='bbox 781 946 921 982; x_wconf 89' lang='lat' dir='ltr'>habeat</span> <span class='ocrx_word' id='word_1_91' title='bbox 948 946 1074 982; x_wconf 90' lang='lat' dir='ltr'>Deum</span> <span class='ocrx_word' id='word_1_92' title='bbox 1112 957 1182 994; x_wconf 90' lang='lat' dir='ltr'>pro</span> <span class='ocrx_word' id='word_1_93' title='bbox 1220 945 1383 982; x_wconf 91' lang='lat' dir='ltr'>obiecto.</span> 
     </span>
     <span class='ocr_line' id='line_1_19' title="bbox 315 997 1385 1048; baseline 0.001 -14"><span class='ocrx_word' id='word_1_94' title='bbox 315 997 419 1046; x_wconf 90' lang='lat' dir='ltr'>Ergo</span> <span class='ocrx_word' id='word_1_95' title='bbox 454 998 647 1036; x_wconf 86' lang='lat' dir='ltr'>humilitas</span> <span class='ocrx_word' id='word_1_96' title='bbox 676 999 797 1047; x_wconf 87' lang='lat' dir='ltr'>magis</span> <span class='ocrx_word' id='word_1_97' title='bbox 831 999 945 1036; x_wconf 91' lang='lat' dir='ltr'>debet</span> <span class='ocrx_word' id='word_1_98' title='bbox 972 998 1064 1048; x_wconf 92' lang='lat' dir='ltr'>poni</span> <span class='ocrx_word' id='word_1_99' title='bbox 1092 998 1212 1034; x_wconf 83' lang='lat' dir='ltr'>virtus</span> <span class='ocrx_word' id='word_1_100' title='bbox 1239 999 1385 1035; x_wconf 92' lang='lat' dir='ltr'>theolo-</span> 
     </span>
     <span class='ocr_line' id='line_1_20' title="bbox 315 1050 1313 1102; baseline 0.001 -15"><span class='ocrx_word' id='word_1_101' title='bbox 315 1050 398 1099; x_wconf 90' lang='lat' dir='ltr'>gica</span> <span class='ocrx_word' id='word_1_102' title='bbox 426 1063 544 1098; x_wconf 86' lang='lat' dir='ltr'>quam</span> <span class='ocrx_word' id='word_1_103' title='bbox 572 1064 660 1102; x_wconf 88' lang='lat' dir='ltr'>pars</span> <span class='ocrx_word' id='word_1_104' title='bbox 688 1051 963 1101; x_wconf 88' lang='lat' dir='ltr'>temperantiae</span> <span class='ocrx_word' id='word_1_105' title='bbox 993 1064 1061 1088; x_wconf 90' lang='lat' dir='ltr'>seu</span> <span class='ocrx_word' id='word_1_106' title='bbox 1089 1051 1313 1088; x_wconf 86' lang='lat' dir='ltr'>modestiae.</span> 
     </span>
    </p>

    <p class='ocr_par' dir='ltr' id='par_1_11' title="bbox 294 1104 1387 1366">
     <span class='ocr_line' id='line_1_21' title="bbox 371 1104 1386 1154; baseline 0.001 -13"><span class='ocrx_word' id='word_1_107' title='bbox 371 1116 406 1141; x_wconf 89' lang='lat'>2.</span> <span class='ocrx_word' id='word_1_108' title='bbox 429 1105 665 1152; x_wconf 77' lang='lat' dir='ltr'>PRAETEREA,</span> <span class='ocrx_word' id='word_1_109' title='bbox 686 1104 938 1154; x_wconf 89' lang='lat' dir='ltr'>temperantia</span> <span class='ocrx_word' id='word_1_110' title='bbox 959 1112 1014 1141; x_wconf 90' lang='lat' dir='ltr'>est</span> <span class='ocrx_word' id='word_1_111' title='bbox 1031 1104 1069 1141; x_wconf 92' lang='lat' dir='ltr'>in</span> <span class='ocrx_word' id='word_1_112' title='bbox 1090 1104 1386 1152; x_wconf 86' lang='lat' dir='ltr'>concupiscibili.</span> 
     </span>
     <span class='ocr_line' id='line_1_22' title="bbox 318 1157 1387 1196; baseline -0.001 -2"><span class='ocrx_word' id='word_1_113' title='bbox 318 1157 520 1195; x_wconf 89' lang='lat' dir='ltr'>Humilitas</span> <span class='ocrx_word' id='word_1_114' title='bbox 549 1167 678 1196; x_wconf 90' lang='lat' dir='ltr'>autern</span> <span class='ocrx_word' id='word_1_115' title='bbox 707 1158 858 1196; x_wconf 93' lang='lat' dir='ltr'>videtur</span> <span class='ocrx_word' id='word_1_116' title='bbox 887 1169 969 1194; x_wconf 91' lang='lat' dir='ltr'>esse</span> <span class='ocrx_word' id='word_1_117' title='bbox 998 1157 1035 1194; x_wconf 91' lang='lat' dir='ltr'>in</span> <span class='ocrx_word' id='word_1_118' title='bbox 1065 1157 1260 1194; x_wconf 90' lang='lat' dir='ltr'>irascibili:</span> <span class='ocrx_word' id='word_1_119' title='bbox 1291 1158 1387 1194; x_wconf 91' lang='lat' dir='ltr'>sicut</span> 
     </span>
     <span class='ocr_line' id='line_1_23' title="bbox 318 1210 1385 1260; baseline 0 -13"><span class='ocrx_word' id='word_1_120' title='bbox 318 1218 354 1247; x_wconf 93' lang='lat' dir='ltr'>et</span> <span class='ocrx_word' id='word_1_121' title='bbox 382 1212 573 1260; x_wconf 90' lang='lat' dir='ltr'>superbia,</span> <span class='ocrx_word' id='word_1_122' title='bbox 600 1224 699 1260; x_wconf 90' lang='lat' dir='ltr'>quae</span> <span class='ocrx_word' id='word_1_123' title='bbox 730 1211 762 1248; x_wconf 91' lang='lat' dir='ltr'>ei</span> <span class='ocrx_word' id='word_1_124' title='bbox 792 1210 1018 1260; x_wconf 89' lang='lat' dir='ltr'>opponitur,</span> <span class='ocrx_word' id='word_1_125' title='bbox 1056 1211 1164 1247; x_wconf 90' lang='lat' dir='ltr'>cuius</span> <span class='ocrx_word' id='word_1_126' title='bbox 1193 1210 1385 1247; x_wconf 91' lang='lat' dir='ltr'>obiectum</span> 
     </span>
     <span class='ocr_line' id='line_1_24' title="bbox 318 1263 1387 1316; baseline -0.001 -16"><span class='ocrx_word' id='word_1_127' title='bbox 318 1271 374 1300; x_wconf 92' lang='lat' dir='ltr'>est</span> <span class='ocrx_word' id='word_1_128' title='bbox 400 1264 578 1316; x_wconf 52' lang='lat' dir='ltr'>arduum.</span> <span class='ocrx_word' id='word_1_129' title='bbox 617 1266 720 1312; x_wconf 89' lang='lat' dir='ltr'>Ergo</span> <span class='ocrx_word' id='word_1_130' title='bbox 757 1265 912 1302; x_wconf 88' lang='lat' dir='ltr'>videtur</span> <span class='ocrx_word' id='word_1_131' title='bbox 939 1263 1046 1312; x_wconf 93' lang='lat' dir='ltr'>quod</span> <span class='ocrx_word' id='word_1_132' title='bbox 1077 1263 1272 1300; x_wconf 88' lang='lat' dir='ltr'>humilitas</span> <span class='ocrx_word' id='word_1_133' title='bbox 1309 1276 1387 1300; x_wconf 91' lang='lat' dir='ltr'>non</span> 
     </span>
     <span class='ocr_line' id='line_1_25' title="bbox 294 1316 1124 1366; baseline -0.001 -13"><span class='ocrx_word' id='word_1_134' title='bbox 294 1316 478 1365; x_wconf 49' lang='lat' dir='ltr'>*sit&#39;p‘ars</span> <span class='ocrx_word' id='word_1_135' title='bbox 507 1317 781 1366; x_wconf 87' lang='lat' dir='ltr'>temperantiae</span> <span class='ocrx_word' id='word_1_136' title='bbox 810 1318 872 1354; x_wconf 91' lang='lat' dir='ltr'>vel</span> <span class='ocrx_word' id='word_1_137' title='bbox 899 1316 1124 1354; x_wconf 89' lang='lat' dir='ltr'>modestiae.</span> 
     </span>
    </p>

    <p class='ocr_par' dir='ltr' id='par_1_12' title="bbox 372 1369 1388 1418">
     <span class='ocr_line' id='line_1_26' title="bbox 372 1369 1388 1418; baseline -0.001 -12"><span class='ocrx_word' id='word_1_138' title='bbox 372 1370 407 1406; x_wconf 89' lang='lat'>3.</span> <span class='ocrx_word' id='word_1_139' title='bbox 437 1370 672 1418; x_wconf 74' lang='lat' dir='ltr'>PRAETEREA,</span> <span class='ocrx_word' id='word_1_140' title='bbox 692 1370 885 1408; x_wconf 90' lang='lat' dir='ltr'>humilitas</span> <span class='ocrx_word' id='word_1_141' title='bbox 911 1378 946 1407; x_wconf 92' lang='lat' dir='ltr'>et</span> <span class='ocrx_word' id='word_1_142' title='bbox 975 1369 1268 1418; x_wconf 87' lang='lat' dir='ltr'>magnanimitas</span> <span class='ocrx_word' id='word_1_143' title='bbox 1289 1369 1388 1405; x_wconf 90' lang='lat' dir='ltr'>circa</span> 
     </span>
    </p>
   </div>
   <div class='ocr_carea' id='block_1_10' title="bbox 329 696 486 879">
    <p class='ocr_par' dir='ltr' id='par_1_13' title="bbox 329 696 486 879">
     <span class='ocr_line' id='line_1_27' title="bbox 329 696 486 774; baseline 0 0"><span class='ocrx_word' id='word_1_144' title='bbox 329 696 486 774; x_wconf 95' lang='lat' dir='ltr'>  </span> 
     </span>
     <span class='ocr_line' id='line_1_28' title="bbox 329 774 485 879; baseline 0 0"><span class='ocrx_word' id='word_1_145' title='bbox 329 774 485 879; x_wconf 95' lang='lat' dir='ltr'>  </span> 
     </span>
    </p>
   </div>
   <div class='ocr_carea' id='block_1_11' title="bbox 285 1422 1389 1674">
    <p class='ocr_par' dir='ltr' id='par_1_14' title="bbox 285 1422 1389 1674">
     <span class='ocr_line' id='line_1_29' title="bbox 317 1422 1387 1472; baseline -0.001 -13"><span class='ocrx_word' id='word_1_146' title='bbox 317 1422 454 1459; x_wconf 85' lang='lat' dir='ltr'>eadem</span> <span class='ocrx_word' id='word_1_147' title='bbox 483 1431 582 1470; x_wconf 91' lang='lat' dir='ltr'>sunt,</span> <span class='ocrx_word' id='word_1_148' title='bbox 603 1431 644 1460; x_wconf 93' lang='lat' dir='ltr'>ut</span> <span class='ocrx_word' id='word_1_149' title='bbox 672 1435 717 1460; x_wconf 86' lang='lat' dir='ltr'>ex</span> <span class='ocrx_word' id='word_1_150' title='bbox 745 1436 860 1472; x_wconf 89' lang='lat' dir='ltr'>supra</span> <span class='ocrx_word' id='word_1_151' title='bbox 878 1422 898 1445; x_wconf 80' lang='lat'>’¹‘</span> <span class='ocrx_word' id='word_1_152' title='bbox 927 1423 1035 1460; x_wconf 91' lang='lat' dir='ltr'>dictis</span> <span class='ocrx_word' id='word_1_153' title='bbox 1054 1430 1169 1471; x_wconf 92' lang='lat' dir='ltr'>patet.</span> <span class='ocrx_word' id='word_1_154' title='bbox 1200 1422 1279 1459; x_wconf 88' lang='lat' dir='ltr'>Sed</span> <span class='ocrx_word' id='word_1_155' title='bbox 1307 1434 1387 1459; x_wconf 91' lang='lat' dir='ltr'>ma-</span> 
     </span>
     <span class='ocr_line' id='line_1_30' title="bbox 315 1475 1388 1526; baseline 0 -14"><span class='ocrx_word' id='word_1_156' title='bbox 315 1475 541 1524; x_wconf 83' lang='lat' dir='ltr'>gnanimitas</span> <span class='ocrx_word' id='word_1_157' title='bbox 574 1488 653 1514; x_wconf 91' lang='lat' dir='ltr'>non</span> <span class='ocrx_word' id='word_1_158' title='bbox 690 1476 844 1525; x_wconf 90' lang='lat' dir='ltr'>ponitur</span> <span class='ocrx_word' id='word_1_159' title='bbox 871 1488 960 1526; x_wconf 88' lang='lat' dir='ltr'>pars</span> <span class='ocrx_word' id='word_1_160' title='bbox 994 1475 1290 1525; x_wconf 87' lang='lat' dir='ltr'>temperantiae,</span> <span class='ocrx_word' id='word_1_161' title='bbox 1320 1475 1388 1512; x_wconf 92' lang='lat' dir='ltr'>sed</span> 
     </span>
     <span class='ocr_line' id='line_1_31' title="bbox 285 1529 1387 1579; baseline -0.002 -12"><span class='ocrx_word' id='word_1_162' title='bbox 285 1556 290 1562; x_wconf 91' lang='lat'><em>-</em></span> <span class='ocrx_word' id='word_1_163' title='bbox 317 1529 438 1578; x_wconf 87' lang='lat' dir='ltr'>magis</span> <span class='ocrx_word' id='word_1_164' title='bbox 466 1529 705 1575; x_wconf 90' lang='lat' dir='ltr'>fortitudinis,</span> <span class='ocrx_word' id='word_1_165' title='bbox 734 1538 776 1567; x_wconf 93' lang='lat' dir='ltr'>ut</span> <span class='ocrx_word' id='word_1_166' title='bbox 804 1541 919 1579; x_wconf 86' lang='lat' dir='ltr'>supra</span> <span class='ocrx_word' id='word_1_167' title='bbox 937 1529 958 1551; x_wconf 69' lang='lat'>³⁸</span> <span class='ocrx_word' id='word_1_168' title='bbox 985 1529 1157 1566; x_wconf 88' lang='lat' dir='ltr'>habitum</span> <span class='ocrx_word' id='word_1_169' title='bbox 1187 1537 1254 1566; x_wconf 91' lang='lat' dir='ltr'>est.</span> <span class='ocrx_word' id='word_1_170' title='bbox 1285 1529 1387 1577; x_wconf 91' lang='lat' dir='ltr'>Ergo</span> 
     </span>
     <span class='ocr_line' id='line_1_32' title="bbox 316 1581 1389 1632; baseline 0 -13"><span class='ocrx_word' id='word_1_171' title='bbox 316 1581 470 1628; x_wconf 79' lang='lat' dir='ltr'>videtur</span> <span class='ocrx_word' id='word_1_172' title='bbox 488 1583 594 1631; x_wconf 92' lang='lat' dir='ltr'>quod</span> <span class='ocrx_word' id='word_1_173' title='bbox 614 1583 805 1621; x_wconf 89' lang='lat' dir='ltr'>humilitas</span> <span class='ocrx_word' id='word_1_174' title='bbox 833 1595 913 1620; x_wconf 93' lang='lat' dir='ltr'>non</span> <span class='ocrx_word' id='word_1_175' title='bbox 941 1582 987 1620; x_wconf 91' lang='lat' dir='ltr'>sit</span> <span class='ocrx_word' id='word_1_176' title='bbox 1005 1595 1094 1632; x_wconf 91' lang='lat' dir='ltr'>pars</span> <span class='ocrx_word' id='word_1_177' title='bbox 1114 1582 1389 1632; x_wconf 88' lang='lat' dir='ltr'>temperantiae</span> 
     </span>
     <span class='ocr_line' id='line_1_33' title="bbox 316 1635 634 1674; baseline 0.003 -2"><span class='ocrx_word' id='word_1_178' title='bbox 316 1635 379 1673; x_wconf 88' lang='lat' dir='ltr'>vel</span> <span class='ocrx_word' id='word_1_179' title='bbox 410 1636 634 1674; x_wconf 88' lang='lat' dir='ltr'>modestiae.</span> 
     </span>
    </p>
   </div>
   <div class='ocr_carea' id='block_1_12' title="bbox 260 1684 1416 1790">
    <p class='ocr_par' dir='ltr' id='par_1_15' title="bbox 260 1684 1416 1790">
     <span class='ocr_line' id='line_1_34' title="bbox 372 1684 1416 1738; baseline -0.001 -12"><span class='ocrx_word' id='word_1_180' title='bbox 372 1689 448 1726; x_wconf 76' lang='lat' dir='ltr'>SED</span> <span class='ocrx_word' id='word_1_181' title='bbox 468 1701 616 1727; x_wconf 80' lang='lat' dir='ltr'>CONTRA</span> <span class='ocrx_word' id='word_1_182' title='bbox 635 1701 702 1727; x_wconf 81' lang='lat' dir='ltr'>EST</span> <span class='ocrx_word' id='word_1_183' title='bbox 726 1690 832 1738; x_wconf 92' lang='lat' dir='ltr'>quod</span> <span class='ocrx_word' id='word_1_184' title='bbox 853 1689 1040 1737; x_wconf 85' lang='lat' dir='ltr'>Origenes</span> <span class='ocrx_word' id='word_1_185' title='bbox 1061 1689 1160 1736; x_wconf 91' lang='lat' dir='ltr'>dicit,</span> <span class='ocrx_word' id='word_1_186' title='bbox 1180 1700 1294 1737; x_wconf 86' lang='lat' dir='ltr'>super</span> <span class='ocrx_word' id='word_1_187' title='bbox 1310 1689 1388 1726; x_wconf 88' lang='lat' dir='ltr'>Lu·</span> <span class='ocrx_word' id='word_1_188' title='bbox 1414 1684 1416 1728; x_wconf 76' lang='grc' dir='ltr'>ἱ</span> 
     </span>
     <span class='ocr_line' id='line_1_35' title="bbox 260 1742 1416 1790; baseline -0.001 -11"><span class='ocrx_word' id='word_1_189' title='bbox 260 1770 266 1775; x_wconf 95' lang='grc'><em>.</em></span> <span class='ocrx_word' id='word_1_190' title='bbox 317 1753 403 1780; x_wconf 91' lang='lat' dir='ltr'>cam</span> <span class='ocrx_word' id='word_1_191' title='bbox 421 1742 462 1779; x_wconf 78' lang='lat' dir='ltr'>*z</span> <span class='ocrx_word' id='word_1_192' title='bbox 492 1743 535 1780; x_wconf 88' lang='lat' dir='ltr'>Si</span> <span class='ocrx_word' id='word_1_193' title='bbox 559 1744 616 1781; x_wconf 75' lang='lat' dir='ltr'>vis</span> <span class='ocrx_word' id='word_1_194' title='bbox 645 1755 781 1780; x_wconf 90' lang='lat' dir='ltr'>nomen</span> <span class='ocrx_word' id='word_1_195' title='bbox 810 1743 921 1780; x_wconf 87' lang='lat' dir='ltr'>huius</span> <span class='ocrx_word' id='word_1_196' title='bbox 948 1743 1083 1780; x_wconf 85' lang='lat' dir='ltr'>audire</span> <span class='ocrx_word' id='word_1_197' title='bbox 1109 1743 1271 1786; x_wconf 84' lang='lat' dir='ltr'>virtutis,</span> <span class='ocrx_word' id='word_1_198' title='bbox 1297 1754 1389 1790; x_wconf 82' lang='lat' dir='ltr'>quo·</span> <span class='ocrx_word' id='word_1_199' title='bbox 1414 1744 1416 1761; x_wconf 50' lang='lat' dir='ltr'>l</span> 
     </span>
    </p>
   </div>
   <div class='ocr_carea' id='block_1_13' title="bbox 316 1795 1390 2378">
    <p class='ocr_par' dir='ltr' id='par_1_16' title="bbox 316 1795 1390 2112">
     <span class='ocr_line' id='line_1_36' title="bbox 316 1795 1387 1846; baseline -0.001 -13"><span class='ocrx_word' id='word_1_200' title='bbox 316 1796 429 1834; x_wconf 85' lang='lat' dir='ltr'>modo</span> <span class='ocrx_word' id='word_1_201' title='bbox 448 1797 560 1834; x_wconf 88' lang='lat' dir='ltr'>etiam</span> <span class='ocrx_word' id='word_1_202' title='bbox 580 1809 604 1834; x_wconf 90' lang='lat' dir='ltr'>a</span> <span class='ocrx_word' id='word_1_203' title='bbox 618 1796 851 1846; x_wconf 86' lang='lat' dir='ltr'>philosophis</span> <span class='ocrx_word' id='word_1_204' title='bbox 869 1796 1087 1845; x_wconf 84' lang='lat' dir='ltr'>appelletur,</span> <span class='ocrx_word' id='word_1_205' title='bbox 1107 1795 1279 1833; x_wconf 86' lang='lat' dir='ltr'>ausculta</span> <span class='ocrx_word' id='word_1_206' title='bbox 1299 1807 1387 1832; x_wconf 92' lang='lat' dir='ltr'>ean-</span> 
     </span>
     <span class='ocr_line' id='line_1_37' title="bbox 316 1849 1389 1898; baseline -0.001 -12"><span class='ocrx_word' id='word_1_207' title='bbox 316 1849 402 1886; x_wconf 86' lang='lat' dir='ltr'>dem</span> <span class='ocrx_word' id='word_1_208' title='bbox 430 1861 509 1887; x_wconf 88' lang='lat' dir='ltr'>esse</span> <span class='ocrx_word' id='word_1_209' title='bbox 536 1850 782 1887; x_wconf 85' lang='lat' dir='ltr'>humilitatem</span> <span class='ocrx_word' id='word_1_210' title='bbox 811 1861 926 1898; x_wconf 86' lang='lat' dir='ltr'>quam</span> <span class='ocrx_word' id='word_1_211' title='bbox 961 1849 1111 1898; x_wconf 86' lang='lat' dir='ltr'>respicit</span> <span class='ocrx_word' id='word_1_212' title='bbox 1136 1850 1261 1894; x_wconf 87' lang='lat' dir='ltr'>Deus,</span> <span class='ocrx_word' id='word_1_213' title='bbox 1291 1860 1389 1897; x_wconf 89' lang='lat' dir='ltr'>quae</span> 
     </span>
     <span class='ocr_line' id='line_1_38' title="bbox 316 1901 1388 1949; baseline -0.001 -9"><span class='ocrx_word' id='word_1_214' title='bbox 316 1903 366 1940; x_wconf 87' lang='lat' dir='ltr'>ab</span> <span class='ocrx_word' id='word_1_215' title='bbox 403 1902 475 1940; x_wconf 86' lang='lat' dir='ltr'>illis</span> <span class='ocrx_word' id='word_1_216' title='bbox 508 1904 696 1940; x_wconf 86' lang='lat' dir='ltr'>metriotes</span> <span class='ocrx_word' id='word_1_217' title='bbox 732 1903 880 1949; x_wconf 84' lang='lat' dir='ltr'>dicitur,</span> <span class='ocrx_word' id='word_1_218' title='bbox 909 1902 1007 1940; x_wconf 92' lang='lat' dir='ltr'>idest</span> <span class='ocrx_word' id='word_1_219' title='bbox 1038 1901 1273 1939; x_wconf 87' lang='lat' dir='ltr'>mensuratio</span> <span class='ocrx_word' id='word_1_220' title='bbox 1307 1902 1388 1939; x_wconf 89' lang='lat' dir='ltr'>sive</span> 
     </span>
     <span class='ocr_line' id='line_1_39' title="bbox 318 1955 1390 2004; baseline -0.001 -11"><span class='ocrx_word' id='word_1_221' title='bbox 318 1955 554 1993; x_wconf 88' lang='lat' dir='ltr'>moderatio:</span> <span class='ocrx_word' id='word_1_222' title='bbox 598 1969 696 2004; x_wconf 91' lang='lat' dir='ltr'>quae</span> <span class='ocrx_word' id='word_1_223' title='bbox 733 1955 933 1993; x_wconf 87' lang='lat' dir='ltr'>manifeste</span> <span class='ocrx_word' id='word_1_224' title='bbox 971 1955 1134 2004; x_wconf 90' lang='lat' dir='ltr'>pertinet</span> <span class='ocrx_word' id='word_1_225' title='bbox 1171 1956 1220 1992; x_wconf 92' lang='lat' dir='ltr'>ad</span> <span class='ocrx_word' id='word_1_226' title='bbox 1257 1957 1390 1992; x_wconf 93' lang='lat' dir='ltr'>mode-</span> 
     </span>
     <span class='ocr_line' id='line_1_40' title="bbox 318 2008 1389 2058; baseline 0 -12"><span class='ocrx_word' id='word_1_227' title='bbox 318 2008 432 2046; x_wconf 88' lang='lat' dir='ltr'>stiam</span> <span class='ocrx_word' id='word_1_228' title='bbox 462 2016 498 2046; x_wconf 89' lang='lat' dir='ltr'>et</span> <span class='ocrx_word' id='word_1_229' title='bbox 517 2015 535 2031; x_wconf 76' lang='lat'>‘²</span> <span class='ocrx_word' id='word_1_230' title='bbox 553 2009 857 2058; x_wconf 90' lang='lat' dir='ltr'>temperantiam.</span> <span class='ocrx_word' id='word_1_231' title='bbox 888 2010 990 2058; x_wconf 88' lang='lat' dir='ltr'>Ergo</span> <span class='ocrx_word' id='word_1_232' title='bbox 1010 2009 1201 2046; x_wconf 90' lang='lat' dir='ltr'>humilitas</span> <span class='ocrx_word' id='word_1_233' title='bbox 1222 2016 1278 2046; x_wconf 91' lang='lat' dir='ltr'>est</span> <span class='ocrx_word' id='word_1_234' title='bbox 1299 2021 1389 2058; x_wconf 92' lang='lat' dir='ltr'>pars</span> 
     </span>
     <span class='ocr_line' id='line_1_41' title="bbox 319 2062 910 2112; baseline 0 -13"><span class='ocrx_word' id='word_1_235' title='bbox 319 2062 531 2100; x_wconf 90' lang='lat' dir='ltr'>modestiae</span> <span class='ocrx_word' id='word_1_236' title='bbox 561 2070 597 2100; x_wconf 91' lang='lat' dir='ltr'>et</span> <span class='ocrx_word' id='word_1_237' title='bbox 624 2062 910 2112; x_wconf 87' lang='lat' dir='ltr'>temperantiae.</span> 
     </span>
    </p>

    <p class='ocr_par' dir='ltr' id='par_1_17' title="bbox 319 2114 1389 2378">
     <span class='ocr_line' id='line_1_42' title="bbox 373 2114 1388 2166; baseline 0 -14"><span class='ocrx_word' id='word_1_238' title='bbox 373 2116 601 2153; x_wconf 77' lang='lat' dir='ltr'>RESPONDEO</span> <span class='ocrx_word' id='word_1_239' title='bbox 621 2128 808 2154; x_wconf 78' lang='lat' dir='ltr'>DmENDuM</span> <span class='ocrx_word' id='word_1_240' title='bbox 829 2115 946 2166; x_wconf 92' lang='lat' dir='ltr'>quod,</span> <span class='ocrx_word' id='word_1_241' title='bbox 962 2115 1057 2153; x_wconf 91' lang='lat' dir='ltr'>sicut</span> <span class='ocrx_word' id='word_1_242' title='bbox 1077 2127 1192 2164; x_wconf 89' lang='lat' dir='ltr'>supra</span> <span class='ocrx_word' id='word_1_243' title='bbox 1205 2114 1225 2137; x_wconf 78' lang='lat'>’¹‘</span> <span class='ocrx_word' id='word_1_244' title='bbox 1246 2114 1388 2152; x_wconf 90' lang='lat' dir='ltr'>dictum</span> 
     </span>
     <span class='ocr_line' id='line_1_43' title="bbox 319 2168 1389 2219; baseline -0.001 -13"><span class='ocrx_word' id='word_1_245' title='bbox 319 2175 388 2216; x_wconf 91' lang='lat' dir='ltr'>est,</span> <span class='ocrx_word' id='word_1_246' title='bbox 408 2168 447 2206; x_wconf 93' lang='lat' dir='ltr'>in</span> <span class='ocrx_word' id='word_1_247' title='bbox 475 2169 705 2218; x_wconf 88' lang='lat' dir='ltr'>assignando</span> <span class='ocrx_word' id='word_1_248' title='bbox 733 2176 860 2219; x_wconf 92' lang='lat' dir='ltr'>partes</span> <span class='ocrx_word' id='word_1_249' title='bbox 880 2169 1081 2206; x_wconf 91' lang='lat' dir='ltr'>virtutibus</span> <span class='ocrx_word' id='word_1_250' title='bbox 1109 2168 1316 2217; x_wconf 88' lang='lat' dir='ltr'>praecipue</span> <span class='ocrx_word' id='word_1_251' title='bbox 1336 2177 1389 2205; x_wconf 93' lang='lat' dir='ltr'>at-</span> 
     </span>
     <span class='ocr_line' id='line_1_44' title="bbox 319 2222 1387 2272; baseline 0 -13"><span class='ocrx_word' id='word_1_252' title='bbox 319 2222 486 2259; x_wconf 89' lang='lat' dir='ltr'>tenditur</span> <span class='ocrx_word' id='word_1_253' title='bbox 513 2222 720 2260; x_wconf 88' lang='lat' dir='ltr'>similitudo</span> <span class='ocrx_word' id='word_1_254' title='bbox 750 2230 935 2272; x_wconf 83' lang='lat' dir='ltr'>quantum</span> <span class='ocrx_word' id='word_1_255' title='bbox 964 2222 1012 2260; x_wconf 86' lang='lat' dir='ltr'>ad</span> <span class='ocrx_word' id='word_1_256' title='bbox 1037 2222 1199 2259; x_wconf 91' lang='lat' dir='ltr'>modum</span> <span class='ocrx_word' id='word_1_257' title='bbox 1227 2222 1387 2259; x_wconf 88' lang='lat' dir='ltr'>virtutis.</span> 
     </span>
     <span class='ocr_line' id='line_1_45' title="bbox 319 2275 1388 2325; baseline -0.001 -12"><span class='ocrx_word' id='word_1_258' title='bbox 319 2275 462 2314; x_wconf 90' lang='lat' dir='ltr'>Modus</span> <span class='ocrx_word' id='word_1_259' title='bbox 482 2284 612 2313; x_wconf 90' lang='lat' dir='ltr'>autem</span> <span class='ocrx_word' id='word_1_260' title='bbox 631 2275 918 2325; x_wconf 84' lang='lat' dir='ltr'>temperantiae,</span> <span class='ocrx_word' id='word_1_261' title='bbox 940 2287 985 2313; x_wconf 85' lang='lat' dir='ltr'>ex</span> <span class='ocrx_word' id='word_1_262' title='bbox 1014 2287 1091 2324; x_wconf 93' lang='lat' dir='ltr'>quo</span> <span class='ocrx_word' id='word_1_263' title='bbox 1112 2275 1280 2312; x_wconf 89' lang='lat' dir='ltr'>maxime</span> <span class='ocrx_word' id='word_1_264' title='bbox 1309 2276 1388 2312; x_wconf 94' lang='lat' dir='ltr'>lau-</span> 
     </span>
     <span class='ocr_line' id='line_1_46' title="bbox 319 2329 1389 2378; baseline 0 -12"><span class='ocrx_word' id='word_1_265' title='bbox 319 2329 410 2367; x_wconf 91' lang='lat' dir='ltr'>dem</span> <span class='ocrx_word' id='word_1_266' title='bbox 438 2329 565 2376; x_wconf 92' lang='lat' dir='ltr'>habet,</span> <span class='ocrx_word' id='word_1_267' title='bbox 595 2337 651 2366; x_wconf 90' lang='lat' dir='ltr'>est</span> <span class='ocrx_word' id='word_1_268' title='bbox 679 2330 882 2367; x_wconf 88' lang='lat' dir='ltr'>refrenatio</span> <span class='ocrx_word' id='word_1_269' title='bbox 910 2329 973 2366; x_wconf 89' lang='lat' dir='ltr'>vel</span> <span class='ocrx_word' id='word_1_270' title='bbox 1006 2329 1193 2378; x_wconf 91' lang='lat' dir='ltr'>repressio</span> <span class='ocrx_word' id='word_1_271' title='bbox 1223 2329 1389 2377; x_wconf 90' lang='lat' dir='ltr'>impetus</span> 
     </span>
    </p>
   </div>
   <div class='ocr_carea' id='block_1_14' title="bbox 1412 957 1418 2455">
    <p class='ocr_par' dir='ltr' id='par_1_18' title="bbox 1412 957 1418 2455">
     <span class='ocr_line' id='line_1_47' title="bbox 1412 957 1418 2455; baseline 0 0"><span class='ocrx_word' id='word_1_272' title='bbox 1412 957 1418 2455; x_wconf 95' lang='lat' dir='ltr'> </span> 
     </span>
    </p>
   </div>
   <div class='ocr_carea' id='block_1_15' title="bbox 318 2381 1416 2486">
    <p class='ocr_par' dir='ltr' id='par_1_19' title="bbox 318 2381 1416 2486">
     <span class='ocr_line' id='line_1_48' title="bbox 319 2381 1416 2432; baseline -0.002 -11"><span class='ocrx_word' id='word_1_273' title='bbox 319 2381 478 2421; x_wconf 87' lang='lat' dir='ltr'>alicuius</span> <span class='ocrx_word' id='word_1_274' title='bbox 505 2382 704 2432; x_wconf 89' lang='lat' dir='ltr'>passionis.</span> <span class='ocrx_word' id='word_1_275' title='bbox 735 2383 785 2420; x_wconf 89' lang='lat' dir='ltr'>Et</span> <span class='ocrx_word' id='word_1_276' title='bbox 811 2382 900 2420; x_wconf 87' lang='lat' dir='ltr'>ideo</span> <span class='ocrx_word' id='word_1_277' title='bbox 929 2395 1065 2420; x_wconf 92' lang='lat' dir='ltr'>omnes</span> <span class='ocrx_word' id='word_1_278' title='bbox 1089 2382 1245 2420; x_wconf 88' lang='lat' dir='ltr'>virtutes</span> <span class='ocrx_word' id='word_1_279' title='bbox 1274 2382 1389 2419; x_wconf 90' lang='lat' dir='ltr'>refre-</span> <span class='ocrx_word' id='word_1_280' title='bbox 1414 2395 1416 2406; x_wconf 90' lang='grc'><strong><em>·</em></strong></span> 
     </span>
     <span class='ocr_line' id='line_1_49' title="bbox 318 2435 1387 2486; baseline 0.001 -14"><span class='ocrx_word' id='word_1_281' title='bbox 318 2443 454 2473; x_wconf 89' lang='lat' dir='ltr'>nantes</span> <span class='ocrx_word' id='word_1_282' title='bbox 481 2435 562 2473; x_wconf 88' lang='lat' dir='ltr'>sive</span> <span class='ocrx_word' id='word_1_283' title='bbox 591 2436 839 2484; x_wconf 91' lang='lat' dir='ltr'>reprimentes</span> <span class='ocrx_word' id='word_1_284' title='bbox 867 2436 1032 2486; x_wconf 88' lang='lat' dir='ltr'>impetus</span> <span class='ocrx_word' id='word_1_285' title='bbox 1052 2436 1267 2484; x_wconf 91' lang='lat' dir='ltr'>aliquarum</span> <span class='ocrx_word' id='word_1_286' title='bbox 1295 2436 1387 2473; x_wconf 84' lang='lat' dir='ltr'>affe—</span> 
     </span>
    </p>
   </div>
   <div class='ocr_carea' id='block_1_16' title="bbox 373 2566 802 2598">
    <p class='ocr_par' dir='ltr' id='par_1_20' title="bbox 373 2566 802 2598">
     <span class='ocr_line' id='line_1_50' title="bbox 373 2566 802 2598; baseline 0.005 -7"><span class='ocrx_word' id='word_1_287' title='bbox 373 2566 403 2598; x_wconf 74' lang='grc' dir='ltr'>α)</span> <span class='ocrx_word' id='word_1_288' title='bbox 422 2569 456 2592; x_wconf 82' lang='lat' dir='ltr'>et.</span> <span class='ocrx_word' id='word_1_289' title='bbox 468 2580 488 2585; x_wconf 95' lang='lat'><em>-</em></span> <span class='ocrx_word' id='word_1_290' title='bbox 505 2567 548 2591; x_wconf 75' lang='lat' dir='ltr'>vel</span> <span class='ocrx_word' id='word_1_291' title='bbox 566 2567 613 2592; x_wconf 84' lang='lat' dir='ltr'>Pa.</span> <span class='ocrx_word' id='word_1_292' title='bbox 639 2567 675 2592; x_wconf 78' lang='lat' dir='ltr'>Ita</span> <span class='ocrx_word' id='word_1_293' title='bbox 694 2575 755 2592; x_wconf 88' lang='lat' dir='ltr'>mox</span> <span class='ocrx_word' id='word_1_294' title='bbox 774 2567 802 2593; x_wconf 86' lang='grc' dir='ltr'>Ρ.</span> 
     </span>
    </p>
   </div>
   <div class='ocr_carea' id='block_1_17' title="bbox 1437 675 2752 2484">
    <p class='ocr_par' dir='ltr' id='par_1_21' title="bbox 1437 675 2511 1256">
     <span class='ocr_line' id='line_1_51' title="bbox 1438 675 2509 724; baseline 0 -11"><span class='ocrx_word' id='word_1_295' title='bbox 1438 676 1621 722; x_wconf 90' lang='lat' dir='ltr'>ctionum,</span> <span class='ocrx_word' id='word_1_296' title='bbox 1641 676 1704 712; x_wconf 93' lang='lat' dir='ltr'>vel</span> <span class='ocrx_word' id='word_1_297' title='bbox 1732 676 1900 712; x_wconf 91' lang='lat' dir='ltr'>actiones</span> <span class='ocrx_word' id='word_1_298' title='bbox 1925 675 2179 721; x_wconf 89' lang='lat' dir='ltr'>moderantes,</span> <span class='ocrx_word' id='word_1_299' title='bbox 2200 682 2397 724; x_wconf 92' lang='lat' dir='ltr'>ponuntur</span> <span class='ocrx_word' id='word_1_300' title='bbox 2423 687 2509 724; x_wconf 90' lang='lat' dir='ltr'>par-</span> 
     </span>
     <span class='ocr_line' id='line_1_52' title="bbox 1437 729 2509 778; baseline -0.002 -11"><span class='ocrx_word' id='word_1_301' title='bbox 1437 738 1493 767; x_wconf 94' lang='lat' dir='ltr'>tes</span> <span class='ocrx_word' id='word_1_302' title='bbox 1528 729 1814 778; x_wconf 90' lang='lat' dir='ltr'>temperantiae.</span> <span class='ocrx_word' id='word_1_303' title='bbox 1856 729 1961 766; x_wconf 90' lang='lat' dir='ltr'>Sicut</span> <span class='ocrx_word' id='word_1_304' title='bbox 1999 736 2126 765; x_wconf 91' lang='lat' dir='ltr'>autem</span> <span class='ocrx_word' id='word_1_305' title='bbox 2157 729 2414 766; x_wconf 89' lang='lat' dir='ltr'>mansuetudo</span> <span class='ocrx_word' id='word_1_306' title='bbox 2452 742 2509 766; x_wconf 90' lang='lat' dir='ltr'>re-</span> 
     </span>
     <span class='ocr_line' id='line_1_53' title="bbox 1437 782 2510 833; baseline -0.001 -13"><span class='ocrx_word' id='word_1_307' title='bbox 1437 783 1566 833; x_wconf 90' lang='lat' dir='ltr'>primit</span> <span class='ocrx_word' id='word_1_308' title='bbox 1594 791 1743 820; x_wconf 88' lang='lat' dir='ltr'>motum</span> <span class='ocrx_word' id='word_1_309' title='bbox 1772 782 1866 829; x_wconf 89' lang='lat' dir='ltr'>irae,</span> <span class='ocrx_word' id='word_1_310' title='bbox 1896 782 1946 819; x_wconf 91' lang='lat' dir='ltr'>ita</span> <span class='ocrx_word' id='word_1_311' title='bbox 1976 782 2088 819; x_wconf 90' lang='lat' dir='ltr'>etiam</span> <span class='ocrx_word' id='word_1_312' title='bbox 2117 782 2309 819; x_wconf 90' lang='lat' dir='ltr'>humilitas</span> <span class='ocrx_word' id='word_1_313' title='bbox 2339 782 2510 831; x_wconf 89' lang='lat' dir='ltr'>reprimit</span> 
     </span>
     <span class='ocr_line' id='line_1_54' title="bbox 1439 835 2509 885; baseline -0.001 -11"><span class='ocrx_word' id='word_1_314' title='bbox 1439 844 1590 874; x_wconf 90' lang='lat' dir='ltr'>motum</span> <span class='ocrx_word' id='word_1_315' title='bbox 1609 836 1706 885; x_wconf 73' lang='lat' dir='ltr'>spei,</span> <span class='ocrx_word' id='word_1_316' title='bbox 1724 836 1789 884; x_wconf 91' lang='lat' dir='ltr'>qui</span> <span class='ocrx_word' id='word_1_317' title='bbox 1811 843 1866 872; x_wconf 93' lang='lat' dir='ltr'>est</span> <span class='ocrx_word' id='word_1_318' title='bbox 1885 843 2014 872; x_wconf 91' lang='lat' dir='ltr'>motus</span> <span class='ocrx_word' id='word_1_319' title='bbox 2034 835 2186 884; x_wconf 91' lang='lat' dir='ltr'>spiritus</span> <span class='ocrx_word' id='word_1_320' title='bbox 2205 836 2244 872; x_wconf 91' lang='lat' dir='ltr'>in</span> <span class='ocrx_word' id='word_1_321' title='bbox 2269 848 2410 884; x_wconf 88' lang='lat' dir='ltr'>magna</span> <span class='ocrx_word' id='word_1_322' title='bbox 2429 844 2509 873; x_wconf 92' lang='lat' dir='ltr'>ten-</span> 
     </span>
     <span class='ocr_line' id='line_1_55' title="bbox 1439 889 2509 938; baseline -0.001 -11"><span class='ocrx_word' id='word_1_323' title='bbox 1439 890 1573 928; x_wconf 74' lang='lat' dir='ltr'>dentis</span> <span class='ocrx_word' id='word_1_324' title='bbox 1605 890 1653 926; x_wconf 90' lang='lat' dir='ltr'>Et</span> <span class='ocrx_word' id='word_1_325' title='bbox 1681 889 1790 935; x_wconf 90' lang='lat' dir='ltr'>ideo,</span> <span class='ocrx_word' id='word_1_326' title='bbox 1821 889 1916 926; x_wconf 86' lang='lat' dir='ltr'>sicut</span> <span class='ocrx_word' id='word_1_327' title='bbox 1944 889 2200 926; x_wconf 91' lang='lat' dir='ltr'>mansuetudo</span> <span class='ocrx_word' id='word_1_328' title='bbox 2239 889 2393 937; x_wconf 92' lang='lat' dir='ltr'>ponitur</span> <span class='ocrx_word' id='word_1_329' title='bbox 2419 902 2509 938; x_wconf 91' lang='lat' dir='ltr'>pars</span> 
     </span>
     <span class='ocr_line' id='line_1_56' title="bbox 1438 942 2510 992; baseline -0.001 -12"><span class='ocrx_word' id='word_1_330' title='bbox 1438 942 1728 992; x_wconf 82' lang='lat' dir='ltr'>temperantiae,</span> <span class='ocrx_word' id='word_1_331' title='bbox 1750 942 1800 979; x_wconf 89' lang='lat' dir='ltr'>ita</span> <span class='ocrx_word' id='word_1_332' title='bbox 1829 942 1943 979; x_wconf 90' lang='lat' dir='ltr'>etiam</span> <span class='ocrx_word' id='word_1_333' title='bbox 1972 942 2176 979; x_wconf 90' lang='lat' dir='ltr'>humilitas.</span> <span class='ocrx_word' id='word_1_334' title='bbox 2215 943 2327 980; x_wconf 92' lang='lat' dir='ltr'>Unde</span> <span class='ocrx_word' id='word_1_335' title='bbox 2357 950 2394 980; x_wconf 92' lang='lat' dir='ltr'>et</span> <span class='ocrx_word' id='word_1_336' title='bbox 2423 943 2510 980; x_wconf 91' lang='lat' dir='ltr'>Phi-</span> 
     </span>
     <span class='ocr_line' id='line_1_57' title="bbox 1439 995 2510 1045; baseline -0.001 -11"><span class='ocrx_word' id='word_1_337' title='bbox 1439 997 1636 1045; x_wconf 91' lang='lat' dir='ltr'>losophus,</span> <span class='ocrx_word' id='word_1_338' title='bbox 1659 995 1696 1032; x_wconf 92' lang='lat' dir='ltr'>in</span> <span class='ocrx_word' id='word_1_339' title='bbox 1722 996 1773 1032; x_wconf 94' lang='lat' dir='ltr'>IV</span> <span class='ocrx_word' id='word_1_340' title='bbox 1791 996 1911 1032; x_wconf 82' lang='lat' dir='ltr'>Ethic.</span> <span class='ocrx_word' id='word_1_341' title='bbox 1932 995 1964 1042; x_wconf 80' lang='lat'>*,</span> <span class='ocrx_word' id='word_1_342' title='bbox 1986 1008 2074 1032; x_wconf 92' lang='lat' dir='ltr'>eum</span> <span class='ocrx_word' id='word_1_343' title='bbox 2106 996 2169 1044; x_wconf 93' lang='lat' dir='ltr'>qui</span> <span class='ocrx_word' id='word_1_344' title='bbox 2193 996 2312 1033; x_wconf 89' lang='lat' dir='ltr'>tendit</span> <span class='ocrx_word' id='word_1_345' title='bbox 2331 996 2368 1033; x_wconf 95' lang='lat' dir='ltr'>in</span> <span class='ocrx_word' id='word_1_346' title='bbox 2390 1008 2510 1045; x_wconf 90' lang='lat' dir='ltr'>parva</span> 
     </span>
     <span class='ocr_line' id='line_1_58' title="bbox 1440 1049 2510 1098; baseline 0 -11"><span class='ocrx_word' id='word_1_347' title='bbox 1440 1049 1655 1087; x_wconf 89' lang='lat' dir='ltr'>secundum</span> <span class='ocrx_word' id='word_1_348' title='bbox 1685 1061 1798 1085; x_wconf 91' lang='lat' dir='ltr'>suum</span> <span class='ocrx_word' id='word_1_349' title='bbox 1828 1050 2002 1095; x_wconf 83' lang='lat' dir='ltr'>modurn,</span> <span class='ocrx_word' id='word_1_350' title='bbox 2025 1049 2113 1086; x_wconf 93' lang='lat' dir='ltr'>dicit</span> <span class='ocrx_word' id='word_1_351' title='bbox 2141 1062 2219 1086; x_wconf 92' lang='lat' dir='ltr'>non</span> <span class='ocrx_word' id='word_1_352' title='bbox 2244 1061 2324 1086; x_wconf 90' lang='lat' dir='ltr'>esse</span> <span class='ocrx_word' id='word_1_353' title='bbox 2355 1062 2510 1098; x_wconf 91' lang='lat' dir='ltr'>magna-</span> 
     </span>
     <span class='ocr_line' id='line_1_59' title="bbox 1441 1102 2510 1150; baseline 0.001 -11"><span class='ocrx_word' id='word_1_354' title='bbox 1441 1103 1602 1149; x_wconf 90' lang='lat' dir='ltr'>nimum,</span> <span class='ocrx_word' id='word_1_355' title='bbox 1623 1102 1692 1138; x_wconf 93' lang='lat' dir='ltr'>sed</span> <span class='ocrx_word' id='word_1_356' title='bbox 1711 1107 1979 1150; x_wconf 85' lang='lat' dir='ltr'>temperatum:</span> <span class='ocrx_word' id='word_1_357' title='bbox 2008 1114 2123 1150; x_wconf 90' lang='lat' dir='ltr'>quern</span> <span class='ocrx_word' id='word_1_358' title='bbox 2152 1115 2222 1139; x_wconf 91' lang='lat' dir='ltr'>nos</span> <span class='ocrx_word' id='word_1_359' title='bbox 2242 1103 2428 1140; x_wconf 89' lang='lat' dir='ltr'>humilem</span> <span class='ocrx_word' id='word_1_360' title='bbox 2458 1104 2510 1141; x_wconf 90' lang='lat' dir='ltr'>di·</span> 
     </span>
     <span class='ocr_line' id='line_1_60' title="bbox 1441 1155 2511 1205; baseline 0.002 -13"><span class='ocrx_word' id='word_1_361' title='bbox 1441 1168 1527 1192; x_wconf 93' lang='lat' dir='ltr'>cere</span> <span class='ocrx_word' id='word_1_362' title='bbox 1547 1167 1766 1203; x_wconf 90' lang='lat' dir='ltr'>possumus.</span> <span class='ocrx_word' id='word_1_363' title='bbox 1789 1175 1813 1182; x_wconf 87' lang='lat'>-</span> <span class='ocrx_word' id='word_1_364' title='bbox 1843 1155 1891 1191; x_wconf 90' lang='lat' dir='ltr'>Et</span> <span class='ocrx_word' id='word_1_365' title='bbox 1910 1155 2004 1192; x_wconf 89' lang='lat' dir='ltr'>inter</span> <span class='ocrx_word' id='word_1_366' title='bbox 2033 1155 2124 1192; x_wconf 90' lang='lat' dir='ltr'>alias</span> <span class='ocrx_word' id='word_1_367' title='bbox 2144 1164 2270 1204; x_wconf 89' lang='lat' dir='ltr'>partes</span> <span class='ocrx_word' id='word_1_368' title='bbox 2295 1164 2511 1205; x_wconf 89' lang='lat' dir='ltr'>temperan-</span> 
     </span>
     <span class='ocr_line' id='line_1_61' title="bbox 1440 1207 2511 1256; baseline 0.001 -10"><span class='ocrx_word' id='word_1_369' title='bbox 1440 1210 1526 1254; x_wconf 90' lang='lat' dir='ltr'>tiae,</span> <span class='ocrx_word' id='word_1_370' title='bbox 1549 1208 1695 1244; x_wconf 90' lang='lat' dir='ltr'>ratione</span> <span class='ocrx_word' id='word_1_371' title='bbox 1724 1209 1898 1256; x_wconf 91' lang='lat' dir='ltr'>superius</span> <span class='ocrx_word' id='word_1_372' title='bbox 1917 1207 1937 1229; x_wconf 74' lang='lat'>&#39;¹‘</span> <span class='ocrx_word' id='word_1_373' title='bbox 1965 1209 2075 1255; x_wconf 89' lang='lat' dir='ltr'>dicta,</span> <span class='ocrx_word' id='word_1_374' title='bbox 2097 1209 2309 1245; x_wconf 90' lang='lat' dir='ltr'>continetur</span> <span class='ocrx_word' id='word_1_375' title='bbox 2328 1211 2398 1246; x_wconf 92' lang='lat' dir='ltr'>sub</span> <span class='ocrx_word' id='word_1_376' title='bbox 2427 1222 2511 1247; x_wconf 92' lang='lat' dir='ltr'>mo-</span> 
     </span>
    </p>

    <p class='ocr_par' dir='ltr' id='par_1_22' title="bbox 1441 1256 2752 1470">
     <span class='ocr_line' id='line_1_62' title="bbox 1442 1256 2752 1311; baseline -0.002 -12"><span class='ocrx_word' id='word_1_377' title='bbox 1442 1262 1572 1308; x_wconf 91' lang='lat' dir='ltr'>destia,</span> <span class='ocrx_word' id='word_1_378' title='bbox 1593 1269 1708 1310; x_wconf 89' lang='lat' dir='ltr'>prout</span> <span class='ocrx_word' id='word_1_379' title='bbox 1727 1261 1875 1298; x_wconf 89' lang='lat' dir='ltr'>Tullius</span> <span class='ocrx_word' id='word_1_380' title='bbox 1897 1261 1943 1298; x_wconf 93' lang='lat' dir='ltr'>de</span> <span class='ocrx_word' id='word_1_381' title='bbox 1965 1274 2008 1298; x_wconf 90' lang='lat' dir='ltr'>ea</span> <span class='ocrx_word' id='word_1_382' title='bbox 2029 1262 2195 1309; x_wconf 91' lang='lat' dir='ltr'>loquitur</span> <span class='ocrx_word' id='word_1_383' title='bbox 2213 1262 2253 1298; x_wconf 76' lang='grc' dir='ltr'>*ε</span> <span class='ocrx_word' id='word_1_384' title='bbox 2284 1262 2510 1311; x_wconf 91' lang='lat' dir='ltr'>inquantum</span> <span class='ocrx_word' id='word_1_385' title='bbox 2538 1256 2752 1307; x_wconf 65' lang='lat' dir='ltr'>3‘Delgwene.Rhe-</span> 
     </span>
     <span class='ocr_line' id='line_1_63' title="bbox 1442 1302 2750 1365; baseline -0.002 -13"><span class='ocrx_word' id='word_1_386' title='bbox 1442 1315 1581 1352; x_wconf 88' lang='lat' dir='ltr'>scilicet</span> <span class='ocrx_word' id='word_1_387' title='bbox 1609 1314 1797 1351; x_wconf 85' lang='lat' dir='ltr'>humilitas</span> <span class='ocrx_word' id='word_1_388' title='bbox 1835 1314 1925 1351; x_wconf 92' lang='lat' dir='ltr'>nihil</span> <span class='ocrx_word' id='word_1_389' title='bbox 1955 1323 2009 1351; x_wconf 92' lang='lat' dir='ltr'>est</span> <span class='ocrx_word' id='word_1_390' title='bbox 2038 1315 2138 1352; x_wconf 93' lang='lat' dir='ltr'>aliud</span> <span class='ocrx_word' id='word_1_391' title='bbox 2175 1328 2291 1364; x_wconf 91' lang='lat' dir='ltr'>quam</span> <span class='ocrx_word' id='word_1_392' title='bbox 2322 1317 2512 1365; x_wconf 90' lang='lat' dir='ltr'>quaedam</span> <span class='ocrx_word' id='word_1_393' title='bbox 2539 1305 2584 1350; x_wconf 49' lang='lat' dir='ltr'>iii?</span> <span class='ocrx_word' id='word_1_394' title='bbox 2600 1303 2639 1324; x_wconf 70' lang='lat'>&#39;¹¹³&#39;</span> <span class='ocrx_word' id='word_1_395' title='bbox 2657 1302 2750 1330; x_wconf 70' lang='lat' dir='ltr'>n’⁰⁸‘&#39;&#39;</span> 
     </span>
     <span class='ocr_line' id='line_1_64' title="bbox 1442 1367 2511 1415; baseline 0.002 -10"><span class='ocrx_word' id='word_1_396' title='bbox 1442 1367 1656 1405; x_wconf 89' lang='lat' dir='ltr'>moderatio</span> <span class='ocrx_word' id='word_1_397' title='bbox 1693 1367 1853 1415; x_wconf 86' lang='lat' dir='ltr'>spiritus.</span> <span class='ocrx_word' id='word_1_398' title='bbox 1890 1367 2002 1404; x_wconf 92' lang='lat' dir='ltr'>Unde</span> <span class='ocrx_word' id='word_1_399' title='bbox 2032 1375 2068 1404; x_wconf 94' lang='lat' dir='ltr'>et</span> <span class='ocrx_word' id='word_1_400' title='bbox 2096 1370 2108 1404; x_wconf 97' lang='lat' dir='ltr'>I</span> <span class='ocrx_word' id='word_1_401' title='bbox 2139 1369 2219 1405; x_wconf 91' lang='lat' dir='ltr'>Pet.</span> <span class='ocrx_word' id='word_1_402' title='bbox 2248 1381 2283 1405; x_wconf 87' lang='lat'>111</span> <span class='ocrx_word' id='word_1_403' title='bbox 2307 1369 2327 1391; x_wconf 79' lang='lat'>&#39;¹‘</span> <span class='ocrx_word' id='word_1_404' title='bbox 2356 1369 2511 1407; x_wconf 90' lang='lat' dir='ltr'>dicitur:</span> 
     </span>
     <span class='ocr_line' id='line_1_65' title="bbox 1441 1421 2452 1470; baseline 0 -11"><span class='ocrx_word' id='word_1_405' title='bbox 1441 1423 1488 1459; x_wconf 89' lang='lat' dir='ltr'>In</span> <span class='ocrx_word' id='word_1_406' title='bbox 1518 1421 1867 1470; x_wconf 86' lang='lat' dir='ltr'>incorruptibilitate</span> <span class='ocrx_word' id='word_1_407' title='bbox 1894 1422 2010 1468; x_wconf 87' lang='lat' dir='ltr'>quieti</span> <span class='ocrx_word' id='word_1_408' title='bbox 2034 1433 2081 1458; x_wconf 88' lang='lat' dir='ltr'>ac</span> <span class='ocrx_word' id='word_1_409' title='bbox 2109 1422 2266 1458; x_wconf 84' lang='lat' dir='ltr'>modesti</span> <span class='ocrx_word' id='word_1_410' title='bbox 2290 1423 2452 1470; x_wconf 88' lang='lat' dir='ltr'>spiritus.</span> 
     </span>
    </p>

    <p class='ocr_par' dir='ltr' id='par_1_23' title="bbox 1442 1475 2515 1844">
     <span class='ocr_line' id='line_1_66' title="bbox 1496 1475 2514 1523; baseline 0.003 -13"><span class='ocrx_word' id='word_1_411' title='bbox 1496 1477 1555 1511; x_wconf 82' lang='lat' dir='ltr'>An</span> <span class='ocrx_word' id='word_1_412' title='bbox 1590 1486 1727 1511; x_wconf 80' lang='lat' dir='ltr'>PRlMUM</span> <span class='ocrx_word' id='word_1_413' title='bbox 1756 1486 1854 1511; x_wconf 85' lang='lat' dir='ltr'>ERGO</span> <span class='ocrx_word' id='word_1_414' title='bbox 1884 1486 2069 1511; x_wconf 52' lang='lat' dir='ltr'>montinum</span> <span class='ocrx_word' id='word_1_415' title='bbox 2098 1475 2203 1523; x_wconf 92' lang='lat' dir='ltr'>quod</span> <span class='ocrx_word' id='word_1_416' title='bbox 2221 1475 2378 1512; x_wconf 91' lang='lat' dir='ltr'>virtutes</span> <span class='ocrx_word' id='word_1_417' title='bbox 2407 1477 2514 1513; x_wconf 89' lang='lat' dir='ltr'>theo-</span> 
     </span>
     <span class='ocr_line' id='line_1_67' title="bbox 1442 1527 2515 1578; baseline 0.002 -14"><span class='ocrx_word' id='word_1_418' title='bbox 1442 1529 1600 1576; x_wconf 90' lang='lat' dir='ltr'>logicae,</span> <span class='ocrx_word' id='word_1_419' title='bbox 1621 1539 1720 1577; x_wconf 91' lang='lat' dir='ltr'>quae</span> <span class='ocrx_word' id='word_1_420' title='bbox 1750 1536 1837 1564; x_wconf 91' lang='lat' dir='ltr'>sunt</span> <span class='ocrx_word' id='word_1_421' title='bbox 1866 1527 1963 1564; x_wconf 90' lang='lat' dir='ltr'>circa</span> <span class='ocrx_word' id='word_1_422' title='bbox 1992 1527 2170 1564; x_wconf 91' lang='lat' dir='ltr'>ultimum</span> <span class='ocrx_word' id='word_1_423' title='bbox 2200 1528 2337 1575; x_wconf 90' lang='lat' dir='ltr'>finem,</span> <span class='ocrx_word' id='word_1_424' title='bbox 2363 1529 2428 1578; x_wconf 93' lang='lat' dir='ltr'>qui</span> <span class='ocrx_word' id='word_1_425' title='bbox 2459 1537 2515 1566; x_wconf 93' lang='lat' dir='ltr'>est</span> 
     </span>
     <span class='ocr_line' id='line_1_68' title="bbox 1442 1580 2513 1631; baseline 0 -12"><span class='ocrx_word' id='word_1_426' title='bbox 1442 1581 1611 1631; x_wconf 90' lang='lat' dir='ltr'>primum</span> <span class='ocrx_word' id='word_1_427' title='bbox 1638 1580 1869 1630; x_wconf 89' lang='lat' dir='ltr'>principium</span> <span class='ocrx_word' id='word_1_428' title='bbox 1895 1581 1933 1618; x_wconf 92' lang='lat' dir='ltr'>in</span> <span class='ocrx_word' id='word_1_429' title='bbox 1961 1581 2240 1630; x_wconf 87' lang='lat' dir='ltr'>appetibilibus,</span> <span class='ocrx_word' id='word_1_430' title='bbox 2263 1591 2349 1619; x_wconf 91' lang='lat' dir='ltr'>sunt</span> <span class='ocrx_word' id='word_1_431' title='bbox 2377 1595 2513 1619; x_wconf 90' lang='lat' dir='ltr'>causae</span> 
     </span>
     <span class='ocr_line' id='line_1_69' title="bbox 1443 1634 2514 1684; baseline 0.001 -12"><span class='ocrx_word' id='word_1_432' title='bbox 1443 1635 1618 1672; x_wconf 87' lang='lat' dir='ltr'>omnium</span> <span class='ocrx_word' id='word_1_433' title='bbox 1649 1634 1806 1671; x_wconf 89' lang='lat' dir='ltr'>aliarum</span> <span class='ocrx_word' id='word_1_434' title='bbox 1846 1634 2043 1671; x_wconf 90' lang='lat' dir='ltr'>virtutum.</span> <span class='ocrx_word' id='word_1_435' title='bbox 2085 1634 2197 1672; x_wconf 86' lang='lat' dir='ltr'>Unde</span> <span class='ocrx_word' id='word_1_436' title='bbox 2227 1647 2271 1671; x_wconf 83' lang='lat' dir='ltr'>ex</span> <span class='ocrx_word' id='word_1_437' title='bbox 2299 1636 2374 1672; x_wconf 92' lang='lat' dir='ltr'>hoc</span> <span class='ocrx_word' id='word_1_438' title='bbox 2407 1637 2514 1684; x_wconf 92' lang='lat' dir='ltr'>quod</span> 
     </span>
     <span class='ocr_line' id='line_1_70' title="bbox 1442 1688 2515 1736; baseline 0 -10"><span class='ocrx_word' id='word_1_439' title='bbox 1442 1688 1632 1726; x_wconf 87' lang='lat' dir='ltr'>humilitas</span> <span class='ocrx_word' id='word_1_440' title='bbox 1662 1695 1838 1724; x_wconf 89' lang='lat' dir='ltr'>causatur</span> <span class='ocrx_word' id='word_1_441' title='bbox 1867 1700 1912 1724; x_wconf 88' lang='lat' dir='ltr'>ex</span> <span class='ocrx_word' id='word_1_442' title='bbox 1941 1688 2154 1725; x_wconf 91' lang='lat' dir='ltr'>reverentia</span> <span class='ocrx_word' id='word_1_443' title='bbox 2183 1688 2323 1736; x_wconf 91' lang='lat' dir='ltr'>divina,</span> <span class='ocrx_word' id='word_1_444' title='bbox 2345 1702 2422 1726; x_wconf 91' lang='lat' dir='ltr'>non</span> <span class='ocrx_word' id='word_1_445' title='bbox 2453 1702 2515 1726; x_wconf 76' lang='lat' dir='ltr'>ex-</span> 
     </span>
     <span class='ocr_line' id='line_1_71' title="bbox 1443 1740 2514 1790; baseline 0.001 -11"><span class='ocrx_word' id='word_1_446' title='bbox 1443 1742 1606 1779; x_wconf 91' lang='lat' dir='ltr'>cluditur</span> <span class='ocrx_word' id='word_1_447' title='bbox 1643 1740 1733 1789; x_wconf 92' lang='lat' dir='ltr'>quin</span> <span class='ocrx_word' id='word_1_448' title='bbox 1768 1740 1958 1778; x_wconf 92' lang='lat' dir='ltr'>humilitas</span> <span class='ocrx_word' id='word_1_449' title='bbox 1994 1742 2040 1778; x_wconf 93' lang='lat' dir='ltr'>sit</span> <span class='ocrx_word' id='word_1_450' title='bbox 2076 1754 2165 1790; x_wconf 90' lang='lat' dir='ltr'>pars</span> <span class='ocrx_word' id='word_1_451' title='bbox 2203 1743 2415 1780; x_wconf 91' lang='lat' dir='ltr'>modestiae</span> <span class='ocrx_word' id='word_1_452' title='bbox 2453 1744 2514 1780; x_wconf 87' lang='lat' dir='ltr'>vel</span> 
     </span>
     <span class='ocr_line' id='line_1_72' title="bbox 1442 1794 1731 1844; baseline -0.007 -12"><span class='ocrx_word' id='word_1_453' title='bbox 1442 1794 1731 1844; x_wconf 88' lang='lat' dir='ltr'>temperantiae.</span> 
     </span>
    </p>

    <p class='ocr_par' dir='ltr' id='par_1_24' title="bbox 1442 1848 2515 2218">
     <span class='ocr_line' id='line_1_73' title="bbox 1495 1848 2514 1898; baseline 0.001 -13"><span class='ocrx_word' id='word_1_454' title='bbox 1495 1850 1555 1885; x_wconf 85' lang='lat' dir='ltr'>AD</span> <span class='ocrx_word' id='word_1_455' title='bbox 1583 1859 1773 1885; x_wconf 76' lang='lat' dir='ltr'>SECUNDUM</span> <span class='ocrx_word' id='word_1_456' title='bbox 1803 1859 1988 1884; x_wconf 72' lang='lat' dir='ltr'>mei-:noum</span> <span class='ocrx_word' id='word_1_457' title='bbox 2017 1848 2122 1894; x_wconf 90' lang='lat' dir='ltr'>quod</span> <span class='ocrx_word' id='word_1_458' title='bbox 2148 1856 2273 1896; x_wconf 87' lang='lat' dir='ltr'>partes</span> <span class='ocrx_word' id='word_1_459' title='bbox 2300 1849 2514 1898; x_wconf 88' lang='lat' dir='ltr'>principali-</span> 
     </span>
     <span class='ocr_line' id='line_1_74' title="bbox 1442 1900 2514 1949; baseline 0.001 -11"><span class='ocrx_word' id='word_1_460' title='bbox 1442 1902 1514 1938; x_wconf 92' lang='lat' dir='ltr'>bus</span> <span class='ocrx_word' id='word_1_461' title='bbox 1538 1901 1740 1938; x_wconf 85' lang='lat' dir='ltr'>virtutibus</span> <span class='ocrx_word' id='word_1_462' title='bbox 1760 1900 2010 1949; x_wconf 88' lang='lat' dir='ltr'>assignantur,</span> <span class='ocrx_word' id='word_1_463' title='bbox 2031 1913 2109 1938; x_wconf 91' lang='lat' dir='ltr'>non</span> <span class='ocrx_word' id='word_1_464' title='bbox 2130 1903 2343 1939; x_wconf 92' lang='lat' dir='ltr'>secundum</span> <span class='ocrx_word' id='word_1_465' title='bbox 2374 1915 2514 1939; x_wconf 91' lang='lat' dir='ltr'>conve-</span> 
     </span>
     <span class='ocr_line' id='line_1_75' title="bbox 1443 1954 2514 2002; baseline 0.002 -11"><span class='ocrx_word' id='word_1_466' title='bbox 1443 1955 1625 1992; x_wconf 90' lang='lat' dir='ltr'>nientiam</span> <span class='ocrx_word' id='word_1_467' title='bbox 1655 1955 1693 1991; x_wconf 91' lang='lat' dir='ltr'>in</span> <span class='ocrx_word' id='word_1_468' title='bbox 1723 1954 1894 1991; x_wconf 92' lang='lat' dir='ltr'>subiecto</span> <span class='ocrx_word' id='word_1_469' title='bbox 1924 1955 1986 1991; x_wconf 88' lang='lat' dir='ltr'>vel</span> <span class='ocrx_word' id='word_1_470' title='bbox 2014 1954 2052 1991; x_wconf 91' lang='lat' dir='ltr'>in</span> <span class='ocrx_word' id='word_1_471' title='bbox 2080 1955 2254 2002; x_wconf 89' lang='lat' dir='ltr'>materia,</span> <span class='ocrx_word' id='word_1_472' title='bbox 2285 1955 2351 1992; x_wconf 87' lang='lat' dir='ltr'>sed</span> <span class='ocrx_word' id='word_1_473' title='bbox 2381 1968 2514 1993; x_wconf 91' lang='lat' dir='ltr'>secun·</span> 
     </span>
     <span class='ocr_line' id='line_1_76' title="bbox 1444 2007 2513 2055; baseline 0.001 -10"><span class='ocrx_word' id='word_1_474' title='bbox 1444 2008 1536 2046; x_wconf 93' lang='lat' dir='ltr'>dum</span> <span class='ocrx_word' id='word_1_475' title='bbox 1567 2007 1876 2045; x_wconf 85' lang='lat' dir='ltr'>convenientiam</span> <span class='ocrx_word' id='word_1_476' title='bbox 1906 2008 1944 2044; x_wconf 92' lang='lat' dir='ltr'>in</span> <span class='ocrx_word' id='word_1_477' title='bbox 1973 2008 2092 2044; x_wconf 92' lang='lat' dir='ltr'>modo</span> <span class='ocrx_word' id='word_1_478' title='bbox 2117 2009 2279 2055; x_wconf 87' lang='lat' dir='ltr'>formali,</span> <span class='ocrx_word' id='word_1_479' title='bbox 2300 2016 2341 2045; x_wconf 91' lang='lat' dir='ltr'>ut</span> <span class='ocrx_word' id='word_1_480' title='bbox 2370 2009 2513 2046; x_wconf 89' lang='lat' dir='ltr'>dictum</span> 
     </span>
     <span class='ocr_line' id='line_1_77' title="bbox 1443 2061 2515 2107; baseline 0.001 -8"><span class='ocrx_word' id='word_1_481' title='bbox 1443 2070 1498 2099; x_wconf 91' lang='lat' dir='ltr'>est</span> <span class='ocrx_word' id='word_1_482' title='bbox 1516 2061 1547 2098; x_wconf 72' lang='lat'>²¹⁸.</span> <span class='ocrx_word' id='word_1_483' title='bbox 1579 2062 1628 2098; x_wconf 92' lang='lat' dir='ltr'>Et</span> <span class='ocrx_word' id='word_1_484' title='bbox 1646 2061 1745 2107; x_wconf 92' lang='lat' dir='ltr'>ideo,</span> <span class='ocrx_word' id='word_1_485' title='bbox 1767 2061 1851 2098; x_wconf 92' lang='lat' dir='ltr'>licet</span> <span class='ocrx_word' id='word_1_486' title='bbox 1878 2061 2071 2098; x_wconf 89' lang='lat' dir='ltr'>humilitas</span> <span class='ocrx_word' id='word_1_487' title='bbox 2092 2061 2138 2098; x_wconf 94' lang='lat' dir='ltr'>sit</span> <span class='ocrx_word' id='word_1_488' title='bbox 2166 2062 2203 2099; x_wconf 94' lang='lat' dir='ltr'>in</span> <span class='ocrx_word' id='word_1_489' title='bbox 2224 2062 2400 2099; x_wconf 91' lang='lat' dir='ltr'>irascibili</span> <span class='ocrx_word' id='word_1_490' title='bbox 2419 2063 2515 2100; x_wconf 92' lang='lat' dir='ltr'>sicut</span> 
     </span>
     <span class='ocr_line' id='line_1_78' title="bbox 1443 2115 2514 2163; baseline 0.002 -12"><span class='ocrx_word' id='word_1_491' title='bbox 1443 2115 1481 2152; x_wconf 95' lang='lat' dir='ltr'>in</span> <span class='ocrx_word' id='word_1_492' title='bbox 1501 2115 1685 2161; x_wconf 92' lang='lat' dir='ltr'>subiecto,</span> <span class='ocrx_word' id='word_1_493' title='bbox 1702 2115 1858 2163; x_wconf 89' lang='lat' dir='ltr'>ponitur</span> <span class='ocrx_word' id='word_1_494' title='bbox 1876 2122 2005 2151; x_wconf 92' lang='lat' dir='ltr'>tamen</span> <span class='ocrx_word' id='word_1_495' title='bbox 2025 2127 2113 2163; x_wconf 92' lang='lat' dir='ltr'>pars</span> <span class='ocrx_word' id='word_1_496' title='bbox 2134 2116 2345 2153; x_wconf 91' lang='lat' dir='ltr'>modestiae</span> <span class='ocrx_word' id='word_1_497' title='bbox 2366 2124 2402 2153; x_wconf 93' lang='lat' dir='ltr'>et</span> <span class='ocrx_word' id='word_1_498' title='bbox 2421 2124 2514 2153; x_wconf 90' lang='lat' dir='ltr'>tem-</span> 
     </span>
     <span class='ocr_line' id='line_1_79' title="bbox 1442 2168 2026 2218; baseline 0 -13"><span class='ocrx_word' id='word_1_499' title='bbox 1442 2169 1637 2218; x_wconf 89' lang='lat' dir='ltr'>perantiae</span> <span class='ocrx_word' id='word_1_500' title='bbox 1665 2176 1822 2217; x_wconf 89' lang='lat' dir='ltr'>propter</span> <span class='ocrx_word' id='word_1_501' title='bbox 1850 2168 2026 2205; x_wconf 90' lang='lat' dir='ltr'>modum.</span> 
     </span>
    </p>

    <p class='ocr_par' dir='ltr' id='par_1_25' title="bbox 1442 2221 2515 2484">
     <span class='ocr_line' id='line_1_80' title="bbox 1495 2221 2515 2270; baseline 0.002 -12"><span class='ocrx_word' id='word_1_502' title='bbox 1495 2223 1555 2258; x_wconf 87' lang='lat' dir='ltr'>AD</span> <span class='ocrx_word' id='word_1_503' title='bbox 1574 2233 1736 2259; x_wconf 78' lang='lat' dir='ltr'>TERTmM</span> <span class='ocrx_word' id='word_1_504' title='bbox 1756 2233 1940 2258; x_wconf 79' lang='lat' dir='ltr'>D1CENDUM</span> <span class='ocrx_word' id='word_1_505' title='bbox 1970 2221 2087 2269; x_wconf 89' lang='lat' dir='ltr'>quod,</span> <span class='ocrx_word' id='word_1_506' title='bbox 2108 2221 2194 2258; x_wconf 92' lang='lat' dir='ltr'>licet</span> <span class='ocrx_word' id='word_1_507' title='bbox 2221 2222 2515 2270; x_wconf 89' lang='lat' dir='ltr'>magnanimitas</span> 
     </span>
     <span class='ocr_line' id='line_1_81' title="bbox 1443 2274 2515 2321; baseline 0.002 -10"><span class='ocrx_word' id='word_1_508' title='bbox 1443 2282 1480 2311; x_wconf 93' lang='lat' dir='ltr'>et</span> <span class='ocrx_word' id='word_1_509' title='bbox 1507 2275 1700 2311; x_wconf 91' lang='lat' dir='ltr'>humilitas</span> <span class='ocrx_word' id='word_1_510' title='bbox 1729 2275 1767 2311; x_wconf 94' lang='lat' dir='ltr'>in</span> <span class='ocrx_word' id='word_1_511' title='bbox 1795 2275 1955 2312; x_wconf 90' lang='lat' dir='ltr'>materia</span> <span class='ocrx_word' id='word_1_512' title='bbox 1984 2274 2227 2321; x_wconf 89' lang='lat' dir='ltr'>conveniant,</span> <span class='ocrx_word' id='word_1_513' title='bbox 2255 2275 2435 2313; x_wconf 89' lang='lat' dir='ltr'>differunt</span> <span class='ocrx_word' id='word_1_514' title='bbox 2462 2284 2515 2313; x_wconf 91' lang='lat' dir='ltr'>ta-</span> 
     </span>
     <span class='ocr_line' id='line_1_82' title="bbox 1443 2328 2514 2378; baseline 0.001 -13"><span class='ocrx_word' id='word_1_515' title='bbox 1443 2340 1534 2365; x_wconf 90' lang='lat' dir='ltr'>men</span> <span class='ocrx_word' id='word_1_516' title='bbox 1563 2328 1601 2365; x_wconf 93' lang='lat' dir='ltr'>in</span> <span class='ocrx_word' id='word_1_517' title='bbox 1630 2328 1769 2365; x_wconf 90' lang='lat' dir='ltr'>modo:</span> <span class='ocrx_word' id='word_1_518' title='bbox 1801 2328 1945 2365; x_wconf 90' lang='lat' dir='ltr'>ratione</span> <span class='ocrx_word' id='word_1_519' title='bbox 1980 2328 2087 2364; x_wconf 91' lang='lat' dir='ltr'>cuius</span> <span class='ocrx_word' id='word_1_520' title='bbox 2125 2329 2418 2376; x_wconf 86' lang='lat' dir='ltr'>magnanimitas</span> <span class='ocrx_word' id='word_1_521' title='bbox 2446 2342 2514 2378; x_wconf 94' lang='lat' dir='ltr'>po-</span> 
     </span>
     <span class='ocr_line' id='line_1_83' title="bbox 1442 2381 2515 2431; baseline 0.002 -13"><span class='ocrx_word' id='word_1_522' title='bbox 1442 2381 1544 2418; x_wconf 93' lang='lat' dir='ltr'>nitur</span> <span class='ocrx_word' id='word_1_523' title='bbox 1571 2394 1659 2430; x_wconf 89' lang='lat' dir='ltr'>pars</span> <span class='ocrx_word' id='word_1_524' title='bbox 1680 2381 1920 2428; x_wconf 86' lang='lat' dir='ltr'>fortitudinis,</span> <span class='ocrx_word' id='word_1_525' title='bbox 1941 2381 2134 2418; x_wconf 89' lang='lat' dir='ltr'>humilitas</span> <span class='ocrx_word' id='word_1_526' title='bbox 2154 2390 2283 2419; x_wconf 90' lang='lat' dir='ltr'>autern</span> <span class='ocrx_word' id='word_1_527' title='bbox 2312 2395 2400 2431; x_wconf 90' lang='lat' dir='ltr'>pars</span> <span class='ocrx_word' id='word_1_528' title='bbox 2420 2390 2515 2420; x_wconf 90' lang='lat' dir='ltr'>tem-</span> 
     </span>
     <span class='ocr_line' id='line_1_84' title="bbox 1442 2443 1650 2484; baseline 0 -12"><span class='ocrx_word' id='word_1_529' title='bbox 1442 2443 1650 2484; x_wconf 80' lang='lat' dir='ltr'>perannae.</span> 
     </span>
    </p>
   </div>
   <div class='ocr_carea' id='block_1_18' title="bbox 2538 1007 2752 1057">
    <p class='ocr_par' dir='ltr' id='par_1_26' title="bbox 2538 1007 2752 1057">
     <span class='ocr_line' id='line_1_85' title="bbox 2538 1007 2752 1057; baseline -0.009 -27"><span class='ocrx_word' id='word_1_530' title='bbox 2538 1007 2616 1057; x_wconf 42' lang='lat' dir='ltr'>&#39;&#39;SC—affl]-</span> <span class='ocrx_word' id='word_1_531' title='bbox 2627 1013 2662 1056; x_wconf 69' lang='lat' dir='ltr'>ip,</span> <span class='ocrx_word' id='word_1_532' title='bbox 2672 1013 2694 1029; x_wconf 89' lang='lat' dir='ltr'>n.</span> <span class='ocrx_word' id='word_1_533' title='bbox 2709 1014 2752 1034; x_wconf 73' lang='lat'>4.-</span> 
     </span>
     <span class='ocr_line' id='line_1_86' title="bbox 2558 1038 2751 1056; baseline -0.005 0"><span class='ocrx_word' id='word_1_534' title='bbox 2558 1052 2562 1056; x_wconf 93' lang='lat'>.</span> <span class='ocrx_word' id='word_1_535' title='bbox 2617 1051 2622 1056; x_wconf 88' lang='lat'>.</span> <span class='ocrx_word' id='word_1_536' title='bbox 2646 1038 2689 1056; x_wconf 83' lang='lat' dir='ltr'>ect.</span> <span class='ocrx_word' id='word_1_537' title='bbox 2704 1039 2751 1055; x_wconf 83' lang='lat' dir='ltr'>vm.</span> 
     </span>
    </p>
   </div>
   <div class='ocr_carea' id='block_1_19' title="bbox 2539 1223 2751 1251">
    <p class='ocr_par' dir='ltr' id='par_1_27' title="bbox 2539 1223 2751 1251">
     <span class='ocr_line' id='line_1_87' title="bbox 2539 1223 2751 1251; baseline -0.005 -6"><span class='ocrx_word' id='word_1_538' title='bbox 2539 1224 2549 1235; x_wconf 74' lang='lat'>⁸</span> <span class='ocrx_word' id='word_1_539' title='bbox 2569 1223 2616 1251; x_wconf 89' lang='lat' dir='ltr'>Qu.</span> <span class='ocrx_word' id='word_1_540' title='bbox 2638 1228 2690 1249; x_wconf 70' lang='lat' dir='ltr'>«xx,</span> <span class='ocrx_word' id='word_1_541' title='bbox 2709 1226 2751 1244; x_wconf 79' lang='lat' dir='ltr'>art.</span> 
     </span>
    </p>
   </div>
   <div class='ocr_carea' id='block_1_20' title="bbox 2541 1377 2670 1404">
    <p class='ocr_par' dir='ltr' id='par_1_28' title="bbox 2541 1377 2670 1404">
     <span class='ocr_line' id='line_1_88' title="bbox 2541 1377 2670 1404; baseline 0 -5"><span class='ocrx_word' id='word_1_542' title='bbox 2541 1379 2550 1388; x_wconf 75' lang='lat'>⁸</span> <span class='ocrx_word' id='word_1_543' title='bbox 2564 1377 2632 1400; x_wconf 76' lang='lat' dir='ltr'>Vers.</span> <span class='ocrx_word' id='word_1_544' title='bbox 2646 1384 2670 1404; x_wconf 83' lang='lat'>4.</span> 
     </span>
    </p>
   </div>
   <div class='ocr_carea' id='block_1_21' title="bbox 2540 2072 2755 2180">
    <p class='ocr_par' dir='ltr' id='par_1_29' title="bbox 2540 2072 2755 2180">
     <span class='ocr_line' id='line_1_89' title="bbox 2541 2072 2755 2100; baseline 0 -6"><span class='ocrx_word' id='word_1_545' title='bbox 2541 2073 2551 2083; x_wconf 71' lang='lat'>⁸</span> <span class='ocrx_word' id='word_1_546' title='bbox 2575 2072 2623 2100; x_wconf 91' lang='lat' dir='ltr'>Qu.</span> <span class='ocrx_word' id='word_1_547' title='bbox 2652 2077 2755 2099; x_wconf 82' lang='lat' dir='ltr'>cxxxvn,</span> 
     </span>
     <span class='ocr_line' id='line_1_90' title="bbox 2540 2099 2752 2127; baseline -0.005 -6"><span class='ocrx_word' id='word_1_548' title='bbox 2540 2102 2582 2121; x_wconf 80' lang='lat' dir='ltr'>art.</span> <span class='ocrx_word' id='word_1_549' title='bbox 2600 2105 2621 2125; x_wconf 82' lang='lat'>2,</span> <span class='ocrx_word' id='word_1_550' title='bbox 2636 2099 2664 2121; x_wconf 81' lang='lat' dir='ltr'>ad</span> <span class='ocrx_word' id='word_1_551' title='bbox 2679 2105 2698 2125; x_wconf 71' lang='grc' dir='ltr'>ις</span> <span class='ocrx_word' id='word_1_552' title='bbox 2714 2105 2752 2127; x_wconf 87' lang='lat' dir='ltr'>qu.</span> 
     </span>
     <span class='ocr_line' id='line_1_91' title="bbox 2541 2125 2753 2180; baseline 0 -6"><span class='ocrx_word' id='word_1_553' title='bbox 2541 2125 2753 2180; x_wconf 59' lang='lat' dir='ltr'>§.²5¹Ef.³0‘‹¹‚·rp³.‘a²‡8</span> 
     </span>
    </p>
   </div>
   <div class='ocr_carea' id='block_1_22' title="bbox 997 2646 1838 2681">
    <p class='ocr_par' dir='ltr' id='par_1_30' title="bbox 997 2646 1838 2681">
     <span class='ocr_line' id='line_1_92' title="bbox 997 2646 1838 2681; baseline -0.001 -1"><span class='ocrx_word' id='word_1_554' title='bbox 997 2648 1334 2681; x_wconf 61' lang='lat' dir='ltr'>Commentariis</span> <span class='ocrx_word' id='word_1_555' title='bbox 1357 2647 1612 2680; x_wconf 67' lang='lat' dir='ltr'>Cardinalis</span> <span class='ocrx_word' id='word_1_556' title='bbox 1635 2646 1838 2680; x_wconf 76' lang='lat' dir='ltr'>Caietam·</span> 
     </span>
    </p>
   </div>
   <div class='ocr_carea' id='block_1_23' title="bbox 320 2734 1420 3619">
    <p class='ocr_par' dir='ltr' id='par_1_31' title="bbox 320 2734 1391 3254">
     <span class='ocr_line' id='line_1_93' title="bbox 351 2734 1390 2776; baseline 0.001 -11"><span class='ocrx_word' id='word_1_557' title='bbox 351 2745 372 2766; x_wconf 71' lang='lat' dir='ltr'>n</span> <span class='ocrx_word' id='word_1_558' title='bbox 395 2734 528 2766; x_wconf 84' lang='lat' dir='ltr'>articulo</span> <span class='ocrx_word' id='word_1_559' title='bbox 544 2742 659 2776; x_wconf 87' lang='lat' dir='ltr'>quarto</span> <span class='ocrx_word' id='word_1_560' title='bbox 683 2735 826 2765; x_wconf 89' lang='lat' dir='ltr'>eiusdem</span> <span class='ocrx_word' id='word_1_561' title='bbox 850 2735 1060 2776; x_wconf 85' lang='lat' dir='ltr'>quaestionis,</span> <span class='ocrx_word' id='word_1_562' title='bbox 1085 2736 1220 2766; x_wconf 91' lang='lat' dir='ltr'>dubium</span> <span class='ocrx_word' id='word_1_563' title='bbox 1245 2746 1282 2766; x_wconf 87' lang='lat' dir='ltr'>ex</span> <span class='ocrx_word' id='word_1_564' title='bbox 1305 2736 1390 2766; x_wconf 91' lang='lat' dir='ltr'>Mar-</span> 
     </span>
     <span class='ocr_line' id='line_1_94' title="bbox 352 2779 1390 2821; baseline 0 -10"><span class='ocrx_word' id='word_1_565' title='bbox 352 2780 420 2812; x_wconf 91' lang='lat' dir='ltr'>tino</span> <span class='ocrx_word' id='word_1_566' title='bbox 445 2779 596 2815; x_wconf 90' lang='lat' dir='ltr'>occurrit,</span> <span class='ocrx_word' id='word_1_567' title='bbox 621 2779 654 2809; x_wconf 90' lang='lat' dir='ltr'>in</span> <span class='ocrx_word' id='word_1_568' title='bbox 678 2789 687 2809; x_wconf 91' lang='lat'>1</span> <span class='ocrx_word' id='word_1_569' title='bbox 711 2789 766 2820; x_wconf 91' lang='lat' dir='ltr'>qu.</span> <span class='ocrx_word' id='word_1_570' title='bbox 782 2779 799 2798; x_wconf 79' lang='lat'>&#39;¹‘</span> <span class='ocrx_word' id='word_1_571' title='bbox 823 2780 861 2810; x_wconf 91' lang='lat' dir='ltr'>de</span> <span class='ocrx_word' id='word_1_572' title='bbox 888 2780 1094 2816; x_wconf 79' lang='lat' dir='ltr'>Humilitate,</span> <span class='ocrx_word' id='word_1_573' title='bbox 1120 2780 1174 2810; x_wconf 88' lang='lat' dir='ltr'>ubi</span> <span class='ocrx_word' id='word_1_574' title='bbox 1198 2787 1289 2811; x_wconf 88' lang='lat' dir='ltr'>notat</span> <span class='ocrx_word' id='word_1_575' title='bbox 1311 2790 1390 2821; x_wconf 87' lang='lat' dir='ltr'>qua-</span> 
     </span>
     <span class='ocr_line' id='line_1_95' title="bbox 320 2823 1390 2865; baseline -0.001 -9"><span class='ocrx_word' id='word_1_576' title='bbox 320 2830 395 2856; x_wconf 89' lang='lat' dir='ltr'>tuor</span> <span class='ocrx_word' id='word_1_577' title='bbox 418 2824 500 2854; x_wconf 85' lang='lat' dir='ltr'>dicta</span> <span class='ocrx_word' id='word_1_578' title='bbox 522 2823 618 2854; x_wconf 89' lang='lat' dir='ltr'>huius</span> <span class='ocrx_word' id='word_1_579' title='bbox 640 2823 770 2861; x_wconf 85' lang='lat' dir='ltr'>litterae,</span> <span class='ocrx_word' id='word_1_580' title='bbox 786 2831 816 2855; x_wconf 93' lang='lat' dir='ltr'>et</span> <span class='ocrx_word' id='word_1_581' title='bbox 840 2834 877 2854; x_wconf 83' lang='lat' dir='ltr'>ex</span> <span class='ocrx_word' id='word_1_582' title='bbox 900 2824 944 2855; x_wconf 88' lang='lat' dir='ltr'>eis</span> <span class='ocrx_word' id='word_1_583' title='bbox 960 2824 1077 2855; x_wconf 87' lang='lat' dir='ltr'>format</span> <span class='ocrx_word' id='word_1_584' title='bbox 1092 2832 1231 2865; x_wconf 88' lang='lat' dir='ltr'>quatuor</span> <span class='ocrx_word' id='word_1_585' title='bbox 1254 2825 1390 2855; x_wconf 88' lang='lat' dir='ltr'>rationes</span> 
     </span>
     <span class='ocr_line' id='line_1_96' title="bbox 321 2868 1389 2910; baseline 0 -10"><span class='ocrx_word' id='word_1_586' title='bbox 321 2878 380 2910; x_wconf 91' lang='lat' dir='ltr'>pro</span> <span class='ocrx_word' id='word_1_587' title='bbox 404 2869 610 2899; x_wconf 90' lang='lat' dir='ltr'>conclusione</span> <span class='ocrx_word' id='word_1_588' title='bbox 634 2868 729 2898; x_wconf 92' lang='lat' dir='ltr'>huius</span> <span class='ocrx_word' id='word_1_589' title='bbox 752 2868 891 2905; x_wconf 84' lang='lat' dir='ltr'>articuli,</span> <span class='ocrx_word' id='word_1_590' title='bbox 916 2876 947 2900; x_wconf 89' lang='lat' dir='ltr'>et</span> <span class='ocrx_word' id='word_1_591' title='bbox 970 2869 1083 2899; x_wconf 91' lang='lat' dir='ltr'>deinde</span> <span class='ocrx_word' id='word_1_592' title='bbox 1111 2869 1205 2900; x_wconf 90' lang='lat' dir='ltr'>solvit</span> <span class='ocrx_word' id='word_1_593' title='bbox 1227 2879 1288 2900; x_wconf 76' lang='lat' dir='ltr'>eas,</span> <span class='ocrx_word' id='word_1_594' title='bbox 1320 2870 1389 2900; x_wconf 86' lang='lat' dir='ltr'>Pri-</span> 
     </span>
     <span class='ocr_line' id='line_1_97' title="bbox 321 2912 1389 2954; baseline 0.001 -10"><span class='ocrx_word' id='word_1_595' title='bbox 321 2923 408 2944; x_wconf 88' lang='lat' dir='ltr'>mum</span> <span class='ocrx_word' id='word_1_596' title='bbox 433 2912 554 2943; x_wconf 91' lang='lat' dir='ltr'>dictum</span> <span class='ocrx_word' id='word_1_597' title='bbox 578 2919 624 2943; x_wconf 91' lang='lat' dir='ltr'>est</span> <span class='ocrx_word' id='word_1_598' title='bbox 648 2912 817 2943; x_wconf 83' lang='lat' dir='ltr'>auctoritas</span> <span class='ocrx_word' id='word_1_599' title='bbox 841 2913 987 2953; x_wconf 88' lang='lat' dir='ltr'>Origenis</span> <span class='ocrx_word' id='word_1_600' title='bbox 1002 2913 1094 2944; x_wconf 87' lang='lat' dir='ltr'>allata</span> <span class='ocrx_word' id='word_1_601' title='bbox 1109 2913 1140 2944; x_wconf 91' lang='lat' dir='ltr'>in</span> <span class='ocrx_word' id='word_1_602' title='bbox 1160 2914 1261 2944; x_wconf 90' lang='lat' dir='ltr'>littera</span> <span class='ocrx_word' id='word_1_603' title='bbox 1284 2914 1316 2944; x_wconf 93' lang='lat' dir='ltr'>in</span> <span class='ocrx_word' id='word_1_604' title='bbox 1333 2924 1389 2954; x_wconf 90' lang='lat' dir='ltr'>op-</span> 
     </span>
     <span class='ocr_line' id='line_1_98' title="bbox 320 2956 1390 2999; baseline 0.001 -12"><span class='ocrx_word' id='word_1_605' title='bbox 320 2956 473 2999; x_wconf 90' lang='lat' dir='ltr'>positum.</span> <span class='ocrx_word' id='word_1_606' title='bbox 506 2957 554 2988; x_wconf 91' lang='lat' dir='ltr'>Ex</span> <span class='ocrx_word' id='word_1_607' title='bbox 577 2966 643 2997; x_wconf 90' lang='lat' dir='ltr'>quo</span> <span class='ocrx_word' id='word_1_608' title='bbox 668 2957 872 2988; x_wconf 87' lang='lat' dir='ltr'>ratiocinatur</span> <span class='ocrx_word' id='word_1_609' title='bbox 895 2957 948 2988; x_wconf 88' lang='lat' dir='ltr'>sic.</span> <span class='ocrx_word' id='word_1_610' title='bbox 979 2957 1094 2988; x_wconf 89' lang='lat' dir='ltr'>Omnis</span> <span class='ocrx_word' id='word_1_611' title='bbox 1122 2958 1316 2989; x_wconf 87' lang='lat' dir='ltr'>mensuratio</span> <span class='ocrx_word' id='word_1_612' title='bbox 1339 2959 1390 2988; x_wconf 87' lang='lat' dir='ltr'>vel</span> 
     </span>
     <span class='ocr_line' id='line_1_99' title="bbox 322 3001 1389 3042; baseline 0.001 -10"><span class='ocrx_word' id='word_1_613' title='bbox 322 3001 498 3032; x_wconf 85' lang='lat' dir='ltr'>moderatio</span> <span class='ocrx_word' id='word_1_614' title='bbox 514 3001 650 3042; x_wconf 87' lang='lat' dir='ltr'>pertinet</span> <span class='ocrx_word' id='word_1_615' title='bbox 665 3001 705 3031; x_wconf 88' lang='lat' dir='ltr'>ad</span> <span class='ocrx_word' id='word_1_616' title='bbox 722 3002 923 3033; x_wconf 89' lang='lat' dir='ltr'>modestiam.</span> <span class='ocrx_word' id='word_1_617' title='bbox 943 3002 1116 3033; x_wconf 85' lang='lat' dir='ltr'>Humilitas</span> <span class='ocrx_word' id='word_1_618' title='bbox 1132 3010 1178 3033; x_wconf 89' lang='lat' dir='ltr'>est</span> <span class='ocrx_word' id='word_1_619' title='bbox 1193 3002 1389 3033; x_wconf 89' lang='lat' dir='ltr'>huiusmodi.</span> 
     </span>
     <span class='ocr_line' id='line_1_100' title="bbox 321 3046 418 3086; baseline -0.01 -9"><span class='ocrx_word' id='word_1_620' title='bbox 321 3046 418 3086; x_wconf 85' lang='lat' dir='ltr'>Ergo.</span> 
     </span>
     <span class='ocr_line' id='line_1_101' title="bbox 380 3089 1389 3133; baseline 0.002 -13"><span class='ocrx_word' id='word_1_621' title='bbox 380 3090 562 3120; x_wconf 84' lang='lat' dir='ltr'>Secundum</span> <span class='ocrx_word' id='word_1_622' title='bbox 587 3096 646 3120; x_wconf 90' lang='lat' dir='ltr'>est:</span> <span class='ocrx_word' id='word_1_623' title='bbox 676 3089 796 3121; x_wconf 83' lang='lat' dir='ltr'>Omnes</span> <span class='ocrx_word' id='word_1_624' title='bbox 819 3091 952 3122; x_wconf 85' lang='lat' dir='ltr'>virtutes</span> <span class='ocrx_word' id='word_1_625' title='bbox 979 3090 1185 3131; x_wconf 84' lang='lat' dir='ltr'>refrenantes</span> <span class='ocrx_word' id='word_1_626' title='bbox 1210 3101 1266 3122; x_wconf 88' lang='lat' dir='ltr'>seu</span> <span class='ocrx_word' id='word_1_627' title='bbox 1287 3093 1389 3133; x_wconf 82' lang='lat' dir='ltr'>repri-</span> 
     </span>
     <span class='ocr_line' id='line_1_102' title="bbox 323 3134 1389 3176; baseline 0.003 -12"><span class='ocrx_word' id='word_1_628' title='bbox 323 3139 444 3165; x_wconf 83' lang='lat' dir='ltr'>mentes</span> <span class='ocrx_word' id='word_1_629' title='bbox 459 3135 594 3175; x_wconf 81' lang='lat' dir='ltr'>impetus</span> <span class='ocrx_word' id='word_1_630' title='bbox 609 3134 815 3175; x_wconf 85' lang='lat' dir='ltr'>affectionum</span> <span class='ocrx_word' id='word_1_631' title='bbox 834 3140 1006 3175; x_wconf 86' lang='lat' dir='ltr'>ponuntur</span> <span class='ocrx_word' id='word_1_632' title='bbox 1015 3141 1129 3176; x_wconf 90' lang='lat' dir='ltr'>partes</span> <span class='ocrx_word' id='word_1_633' title='bbox 1148 3138 1389 3176; x_wconf 88' lang='lat' dir='ltr'>temperantiae.</span> 
     </span>
     <span class='ocr_line' id='line_1_103' title="bbox 324 3176 1391 3222; baseline 0.004 -15"><span class='ocrx_word' id='word_1_634' title='bbox 324 3176 388 3208; x_wconf 85' lang='lat' dir='ltr'>Sed</span> <span class='ocrx_word' id='word_1_635' title='bbox 409 3178 573 3209; x_wconf 84' lang='lat' dir='ltr'>humilitas</span> <span class='ocrx_word' id='word_1_636' title='bbox 590 3180 736 3219; x_wconf 86' lang='lat' dir='ltr'>reprimit</span> <span class='ocrx_word' id='word_1_637' title='bbox 759 3185 877 3210; x_wconf 89' lang='lat' dir='ltr'>motum</span> <span class='ocrx_word' id='word_1_638' title='bbox 902 3180 978 3220; x_wconf 85' lang='lat' dir='ltr'>spei.</span> <span class='ocrx_word' id='word_1_639' title='bbox 1004 3180 1106 3222; x_wconf 84' lang='lat' dir='ltr'>Ergo.</span> <span class='ocrx_word' id='word_1_640' title='bbox 1131 3180 1218 3210; x_wconf 87' lang='lat' dir='ltr'>Haec</span> <span class='ocrx_word' id='word_1_641' title='bbox 1234 3180 1391 3212; x_wconf 87' lang='lat' dir='ltr'>habentur</span> 
     </span>
     <span class='ocr_line' id='line_1_104' title="bbox 325 3220 688 3254; baseline 0.008 -3"><span class='ocrx_word' id='word_1_642' title='bbox 325 3220 500 3252; x_wconf 87' lang='lat' dir='ltr'>formaliter</span> <span class='ocrx_word' id='word_1_643' title='bbox 521 3221 555 3252; x_wconf 88' lang='lat' dir='ltr'>in</span> <span class='ocrx_word' id='word_1_644' title='bbox 577 3222 688 3254; x_wconf 88' lang='lat' dir='ltr'>littera.</span> 
     </span>
    </p>

    <p class='ocr_par' dir='ltr' id='par_1_32' title="bbox 325 3265 1390 3396">
     <span class='ocr_line' id='line_1_105' title="bbox 385 3265 1390 3310; baseline 0.004 -15"><span class='ocrx_word' id='word_1_645' title='bbox 385 3265 526 3296; x_wconf 81' lang='lat' dir='ltr'>Tertium</span> <span class='ocrx_word' id='word_1_646' title='bbox 549 3273 597 3297; x_wconf 84' lang='lat' dir='ltr'>est</span> <span class='ocrx_word' id='word_1_647' title='bbox 618 3267 787 3298; x_wconf 85' lang='lat' dir='ltr'>auctoritas</span> <span class='ocrx_word' id='word_1_648' title='bbox 804 3268 982 3299; x_wconf 89' lang='lat' dir='ltr'>Aristotelis</span> <span class='ocrx_word' id='word_1_649' title='bbox 997 3268 1090 3299; x_wconf 85' lang='lat' dir='ltr'>allata</span> <span class='ocrx_word' id='word_1_650' title='bbox 1114 3268 1146 3298; x_wconf 87' lang='lat' dir='ltr'>in</span> <span class='ocrx_word' id='word_1_651' title='bbox 1169 3268 1281 3305; x_wconf 84' lang='lat' dir='ltr'>littera,</span> <span class='ocrx_word' id='word_1_652' title='bbox 1302 3270 1390 3310; x_wconf 89' lang='lat' dir='ltr'>quod</span> 
     </span>
     <span class='ocr_line' id='line_1_106' title="bbox 326 3309 1390 3350; baseline 0.005 -11"><span class='ocrx_word' id='word_1_653' title='bbox 326 3309 458 3340; x_wconf 86' lang='lat' dir='ltr'>tendens</span> <span class='ocrx_word' id='word_1_654' title='bbox 480 3310 513 3341; x_wconf 84' lang='lat' dir='ltr'>in</span> <span class='ocrx_word' id='word_1_655' title='bbox 531 3320 639 3350; x_wconf 76' lang='lat' dir='ltr'>parva</span> <span class='ocrx_word' id='word_1_656' title='bbox 667 3313 842 3343; x_wconf 85' lang='lat' dir='ltr'>secundum</span> <span class='ocrx_word' id='word_1_657' title='bbox 871 3313 999 3343; x_wconf 86' lang='lat' dir='ltr'>modum</span> <span class='ocrx_word' id='word_1_658' title='bbox 1023 3322 1118 3344; x_wconf 86' lang='lat' dir='ltr'>suum</span> <span class='ocrx_word' id='word_1_659' title='bbox 1149 3322 1212 3343; x_wconf 88' lang='lat' dir='ltr'>non</span> <span class='ocrx_word' id='word_1_660' title='bbox 1245 3318 1292 3344; x_wconf 89' lang='lat' dir='ltr'>est</span> <span class='ocrx_word' id='word_1_661' title='bbox 1321 3323 1390 3343; x_wconf 91' lang='lat' dir='ltr'>ma-</span> 
     </span>
     <span class='ocr_line' id='line_1_107' title="bbox 325 3354 1390 3396; baseline 0.005 -13"><span class='ocrx_word' id='word_1_662' title='bbox 325 3354 521 3394; x_wconf 79' lang='lat' dir='ltr'>gnanimus,</span> <span class='ocrx_word' id='word_1_663' title='bbox 545 3355 601 3385; x_wconf 82' lang='lat' dir='ltr'>sed</span> <span class='ocrx_word' id='word_1_664' title='bbox 623 3361 826 3396; x_wconf 85' lang='lat' dir='ltr'>temperatus.</span> <span class='ocrx_word' id='word_1_665' title='bbox 859 3357 900 3387; x_wconf 89' lang='lat' dir='ltr'>Et</span> <span class='ocrx_word' id='word_1_666' title='bbox 922 3357 985 3387; x_wconf 91' lang='lat' dir='ltr'>hoc</span> <span class='ocrx_word' id='word_1_667' title='bbox 1008 3367 1074 3388; x_wconf 87' lang='lat' dir='ltr'>non</span> <span class='ocrx_word' id='word_1_668' title='bbox 1105 3357 1194 3387; x_wconf 90' lang='lat' dir='ltr'>aliter</span> <span class='ocrx_word' id='word_1_669' title='bbox 1223 3356 1390 3388; x_wconf 86' lang='lat' dir='ltr'>formatur.</span> 
     </span>
    </p>

    <p class='ocr_par' dir='ltr' id='par_1_33' title="bbox 326 3397 1420 3619">
     <span class='ocr_line' id='line_1_108' title="bbox 386 3397 1419 3442; baseline 0.006 -15"><span class='ocrx_word' id='word_1_670' title='bbox 386 3397 545 3434; x_wconf 81' lang='lat' dir='ltr'>Quartum</span> <span class='ocrx_word' id='word_1_671' title='bbox 577 3405 623 3429; x_wconf 90' lang='lat' dir='ltr'>est</span> <span class='ocrx_word' id='word_1_672' title='bbox 652 3400 741 3440; x_wconf 92' lang='lat' dir='ltr'>quod</span> <span class='ocrx_word' id='word_1_673' title='bbox 771 3402 1023 3442; x_wconf 85' lang='lat' dir='ltr'>magnanimitas</span> <span class='ocrx_word' id='word_1_674' title='bbox 1053 3407 1084 3432; x_wconf 89' lang='lat' dir='ltr'>et</span> <span class='ocrx_word' id='word_1_675' title='bbox 1110 3402 1290 3438; x_wconf 85' lang='lat' dir='ltr'>humilitas,</span> <span class='ocrx_word' id='word_1_676' title='bbox 1319 3403 1392 3433; x_wconf 86' lang='lat' dir='ltr'>licet</span> <span class='ocrx_word' id='word_1_677' title='bbox 1418 3429 1419 3435; x_wconf 70' lang='grc'>,</span> 
     </span>
     <span class='ocr_line' id='line_1_109' title="bbox 327 3438 1419 3485; baseline 0.005 -14"><span class='ocrx_word' id='word_1_678' title='bbox 327 3443 519 3472; x_wconf 84' lang='lat' dir='ltr'>conveniant</span> <span class='ocrx_word' id='word_1_679' title='bbox 537 3443 569 3472; x_wconf 90' lang='lat' dir='ltr'>in</span> <span class='ocrx_word' id='word_1_680' title='bbox 586 3445 734 3481; x_wconf 83' lang='lat' dir='ltr'>materia,</span> <span class='ocrx_word' id='word_1_681' title='bbox 757 3444 914 3485; x_wconf 73' lang='lat' dir='ltr'>differunt</span> <span class='ocrx_word' id='word_1_682' title='bbox 936 3451 1044 3476; x_wconf 88' lang='lat' dir='ltr'>tamen</span> <span class='ocrx_word' id='word_1_683' title='bbox 1069 3447 1100 3476; x_wconf 91' lang='lat' dir='ltr'>in</span> <span class='ocrx_word' id='word_1_684' title='bbox 1127 3446 1231 3484; x_wconf 84' lang='lat' dir='ltr'>modo,</span> <span class='ocrx_word' id='word_1_685' title='bbox 1257 3453 1330 3477; x_wconf 88' lang='lat' dir='ltr'>etc.:</span> <span class='ocrx_word' id='word_1_686' title='bbox 1356 3454 1391 3477; x_wconf 94' lang='lat' dir='ltr'>ut</span> <span class='ocrx_word' id='word_1_687' title='bbox 1417 3438 1419 3451; x_wconf 28' lang='grc' dir='ltr'><em>Α</em></span> 
     </span>
     <span class='ocr_line' id='line_1_110' title="bbox 326 3485 1391 3531; baseline 0.005 -16"><span class='ocrx_word' id='word_1_688' title='bbox 326 3485 359 3516; x_wconf 89' lang='lat' dir='ltr'>in</span> <span class='ocrx_word' id='word_1_689' title='bbox 383 3485 590 3526; x_wconf 87' lang='lat' dir='ltr'>responsione</span> <span class='ocrx_word' id='word_1_690' title='bbox 613 3487 654 3516; x_wconf 89' lang='lat' dir='ltr'>ad</span> <span class='ocrx_word' id='word_1_691' title='bbox 675 3487 804 3519; x_wconf 87' lang='lat' dir='ltr'>tertium</span> <span class='ocrx_word' id='word_1_692' title='bbox 825 3489 927 3520; x_wconf 86' lang='lat' dir='ltr'>littera</span> <span class='ocrx_word' id='word_1_693' title='bbox 951 3490 1035 3521; x_wconf 87' lang='lat' dir='ltr'>dicit.</span> <span class='ocrx_word' id='word_1_694' title='bbox 1059 3490 1152 3521; x_wconf 88' lang='lat' dir='ltr'>Unde</span> <span class='ocrx_word' id='word_1_695' title='bbox 1175 3491 1278 3531; x_wconf 86' lang='lat' dir='ltr'>arguit</span> <span class='ocrx_word' id='word_1_696' title='bbox 1303 3491 1391 3531; x_wconf 91' lang='lat' dir='ltr'>quod</span> 
     </span>
     <span class='ocr_line' id='line_1_111' title="bbox 327 3531 1391 3571; baseline 0.005 -11"><span class='ocrx_word' id='word_1_697' title='bbox 327 3540 440 3560; x_wconf 89' lang='lat' dir='ltr'>eorum</span> <span class='ocrx_word' id='word_1_698' title='bbox 463 3540 545 3571; x_wconf 90' lang='lat' dir='ltr'>quae</span> <span class='ocrx_word' id='word_1_699' title='bbox 569 3531 763 3562; x_wconf 87' lang='lat' dir='ltr'>conveniunt</span> <span class='ocrx_word' id='word_1_700' title='bbox 786 3531 818 3562; x_wconf 90' lang='lat' dir='ltr'>in</span> <span class='ocrx_word' id='word_1_701' title='bbox 848 3533 979 3564; x_wconf 83' lang='lat' dir='ltr'>materia</span> <span class='ocrx_word' id='word_1_702' title='bbox 1001 3541 1032 3564; x_wconf 89' lang='lat' dir='ltr'>et</span> <span class='ocrx_word' id='word_1_703' title='bbox 1055 3533 1202 3565; x_wconf 82' lang='lat' dir='ltr'>differunt</span> <span class='ocrx_word' id='word_1_704' title='bbox 1223 3534 1256 3565; x_wconf 90' lang='lat' dir='ltr'>in</span> <span class='ocrx_word' id='word_1_705' title='bbox 1281 3535 1391 3571; x_wconf 91' lang='lat' dir='ltr'>modo,</span> 
     </span>
     <span class='ocr_line' id='line_1_112' title="bbox 327 3572 1420 3619; baseline 0.005 -15"><span class='ocrx_word' id='word_1_706' title='bbox 327 3584 431 3605; x_wconf 91' lang='lat' dir='ltr'>unum</span> <span class='ocrx_word' id='word_1_707' title='bbox 449 3572 541 3617; x_wconf 92' lang='lat' dir='ltr'>[non]</span> <span class='ocrx_word' id='word_1_708' title='bbox 561 3581 608 3605; x_wconf 89' lang='lat' dir='ltr'>est</span> <span class='ocrx_word' id='word_1_709' title='bbox 623 3575 682 3605; x_wconf 92' lang='lat' dir='ltr'>sub</span> <span class='ocrx_word' id='word_1_710' title='bbox 698 3575 812 3606; x_wconf 87' lang='lat' dir='ltr'>altero:</span> <span class='ocrx_word' id='word_1_711' title='bbox 833 3577 887 3607; x_wconf 82' lang='lat' dir='ltr'>sed</span> <span class='ocrx_word' id='word_1_712' title='bbox 903 3577 980 3608; x_wconf 88' lang='lat' dir='ltr'>haec</span> <span class='ocrx_word' id='word_1_713' title='bbox 995 3585 1069 3609; x_wconf 89' lang='lat' dir='ltr'>sunt</span> <span class='ocrx_word' id='word_1_714' title='bbox 1082 3578 1283 3609; x_wconf 89' lang='lat' dir='ltr'>huiusmodi:</span> <span class='ocrx_word' id='word_1_715' title='bbox 1304 3589 1390 3619; x_wconf 90' lang='lat' dir='ltr'>ergo.</span> <span class='ocrx_word' id='word_1_716' title='bbox 1418 3605 1420 3613; x_wconf 91' lang='grc'>,</span> 
     </span>
    </p>
   </div>
   <div class='ocr_carea' id='block_1_24' title="bbox 1416 2750 1420 3604">
    <p class='ocr_par' dir='ltr' id='par_1_34' title="bbox 1416 2750 1420 3604">
     <span class='ocr_line' id='line_1_113' title="bbox 1416 2750 1420 3604; baseline 0 0"><span class='ocrx_word' id='word_1_717' title='bbox 1416 2750 1420 3604; x_wconf 95' lang='lat' dir='ltr'> </span> 
     </span>
    </p>
   </div>
   <div class='ocr_carea' id='block_1_25' title="bbox 1442 2732 2514 3044">
    <p class='ocr_par' dir='ltr' id='par_1_35' title="bbox 1442 2732 2514 2821">
     <span class='ocr_line' id='line_1_114' title="bbox 1442 2732 2514 2776; baseline 0 -10"><span class='ocrx_word' id='word_1_718' title='bbox 1442 2736 1599 2767; x_wconf 84' lang='lat' dir='ltr'>Probatur</span> <span class='ocrx_word' id='word_1_719' title='bbox 1623 2735 1745 2765; x_wconf 89' lang='lat' dir='ltr'>minor:</span> <span class='ocrx_word' id='word_1_720' title='bbox 1780 2735 1855 2776; x_wconf 89' lang='lat' dir='ltr'>quia</span> <span class='ocrx_word' id='word_1_721' title='bbox 1883 2734 2127 2774; x_wconf 88' lang='lat' dir='ltr'>magnanimitas</span> <span class='ocrx_word' id='word_1_722' title='bbox 2159 2742 2205 2765; x_wconf 92' lang='lat' dir='ltr'>est</span> <span class='ocrx_word' id='word_1_723' title='bbox 2229 2732 2308 2766; x_wconf 70' lang='lat' dir='ltr'>circa</span> <span class='ocrx_word' id='word_1_724' title='bbox 2333 2736 2430 2766; x_wconf 85' lang='lat' dir='ltr'>ardua</span> <span class='ocrx_word' id='word_1_725' title='bbox 2455 2737 2514 2766; x_wconf 90' lang='lat' dir='ltr'>im-</span> 
     </span>
     <span class='ocr_line' id='line_1_115' title="bbox 1444 2779 2111 2821; baseline -0.003 -10"><span class='ocrx_word' id='word_1_726' title='bbox 1444 2780 1604 2821; x_wconf 89' lang='lat' dir='ltr'>pellendo,</span> <span class='ocrx_word' id='word_1_727' title='bbox 1630 2779 1791 2810; x_wconf 88' lang='lat' dir='ltr'>humilitas</span> <span class='ocrx_word' id='word_1_728' title='bbox 1814 2789 1889 2809; x_wconf 90' lang='lat' dir='ltr'>vero</span> <span class='ocrx_word' id='word_1_729' title='bbox 1914 2779 2111 2809; x_wconf 86' lang='lat' dir='ltr'>refrenando.</span> 
     </span>
    </p>

    <p class='ocr_par' dir='ltr' id='par_1_36' title="bbox 1444 2824 2514 3044">
     <span class='ocr_line' id='line_1_116' title="bbox 1501 2824 2513 2865; baseline 0 -10"><span class='ocrx_word' id='word_1_730' title='bbox 1501 2825 1542 2855; x_wconf 92' lang='lat' dir='ltr'>Et</span> <span class='ocrx_word' id='word_1_731' title='bbox 1559 2826 1701 2865; x_wconf 87' lang='lat' dir='ltr'>primam</span> <span class='ocrx_word' id='word_1_732' title='bbox 1726 2824 1856 2864; x_wconf 91' lang='lat' dir='ltr'>quidem</span> <span class='ocrx_word' id='word_1_733' title='bbox 1874 2831 1904 2854; x_wconf 89' lang='lat' dir='ltr'>et</span> <span class='ocrx_word' id='word_1_734' title='bbox 1918 2824 2090 2854; x_wconf 85' lang='lat' dir='ltr'>secundam</span> <span class='ocrx_word' id='word_1_735' title='bbox 2111 2824 2204 2855; x_wconf 91' lang='lat' dir='ltr'>solvit</span> <span class='ocrx_word' id='word_1_736' title='bbox 2219 2824 2430 2855; x_wconf 87' lang='lat' dir='ltr'>interimendo</span> <span class='ocrx_word' id='word_1_737' title='bbox 2447 2835 2513 2855; x_wconf 90' lang='lat' dir='ltr'>ma-</span> 
     </span>
     <span class='ocr_line' id='line_1_117' title="bbox 1444 2868 2512 2909; baseline 0.001 -10"><span class='ocrx_word' id='word_1_738' title='bbox 1444 2870 1541 2899; x_wconf 88' lang='lat' dir='ltr'>iores:</span> <span class='ocrx_word' id='word_1_739' title='bbox 1566 2869 1709 2909; x_wconf 90' lang='lat' dir='ltr'>alioquin</span> <span class='ocrx_word' id='word_1_740' title='bbox 1727 2879 1838 2899; x_wconf 90' lang='lat' dir='ltr'>omnes</span> <span class='ocrx_word' id='word_1_741' title='bbox 1854 2868 1983 2898; x_wconf 84' lang='lat' dir='ltr'>virtutes</span> <span class='ocrx_word' id='word_1_742' title='bbox 2000 2868 2190 2908; x_wconf 87' lang='lat' dir='ltr'>pertinerent</span> <span class='ocrx_word' id='word_1_743' title='bbox 2206 2869 2244 2899; x_wconf 88' lang='lat' dir='ltr'>ad</span> <span class='ocrx_word' id='word_1_744' title='bbox 2261 2869 2512 2909; x_wconf 88' lang='lat' dir='ltr'>temperantiam,</span> 
     </span>
     <span class='ocr_line' id='line_1_118' title="bbox 1445 2913 2514 2955; baseline 0 -11"><span class='ocrx_word' id='word_1_745' title='bbox 1445 2914 1519 2955; x_wconf 88' lang='lat' dir='ltr'>quia</span> <span class='ocrx_word' id='word_1_746' title='bbox 1537 2923 1649 2944; x_wconf 88' lang='lat' dir='ltr'>omnes</span> <span class='ocrx_word' id='word_1_747' title='bbox 1667 2913 1784 2944; x_wconf 88' lang='lat' dir='ltr'>habent</span> <span class='ocrx_word' id='word_1_748' title='bbox 1800 2920 1908 2944; x_wconf 88' lang='lat' dir='ltr'>actum</span> <span class='ocrx_word' id='word_1_749' title='bbox 1923 2913 2159 2943; x_wconf 89' lang='lat' dir='ltr'>moderationis.</span> <span class='ocrx_word' id='word_1_750' title='bbox 2184 2932 2203 2936; x_wconf 90' lang='lat'><strong>—</strong></span> <span class='ocrx_word' id='word_1_751' title='bbox 2227 2914 2277 2943; x_wconf 94' lang='lat' dir='ltr'>Ad</span> <span class='ocrx_word' id='word_1_752' title='bbox 2293 2915 2419 2944; x_wconf 86' lang='lat' dir='ltr'>tertiam</span> <span class='ocrx_word' id='word_1_753' title='bbox 2440 2914 2514 2944; x_wconf 89' lang='lat' dir='ltr'>dicit</span> 
     </span>
     <span class='ocr_line' id='line_1_119' title="bbox 1445 2957 2513 2999; baseline -0.001 -11"><span class='ocrx_word' id='word_1_754' title='bbox 1445 2959 1534 2999; x_wconf 92' lang='lat' dir='ltr'>quod</span> <span class='ocrx_word' id='word_1_755' title='bbox 1566 2968 1631 2988; x_wconf 91' lang='lat' dir='ltr'>non</span> <span class='ocrx_word' id='word_1_756' title='bbox 1659 2957 1803 2998; x_wconf 91' lang='lat' dir='ltr'>loquitur</span> <span class='ocrx_word' id='word_1_757' title='bbox 1836 2958 1873 2987; x_wconf 91' lang='lat' dir='ltr'>de</span> <span class='ocrx_word' id='word_1_758' title='bbox 1902 2957 2108 2997; x_wconf 81' lang='lat' dir='ltr'>temperantia</span> <span class='ocrx_word' id='word_1_759' title='bbox 2136 2957 2262 2998; x_wconf 88' lang='lat' dir='ltr'>proprie</span> <span class='ocrx_word' id='word_1_760' title='bbox 2294 2957 2385 2988; x_wconf 89' lang='lat' dir='ltr'>dicta.</span> <span class='ocrx_word' id='word_1_761' title='bbox 2416 2976 2434 2980; x_wconf 93' lang='lat'>—</span> <span class='ocrx_word' id='word_1_762' title='bbox 2462 2958 2513 2988; x_wconf 93' lang='lat' dir='ltr'>Ad</span> 
     </span>
     <span class='ocr_line' id='line_1_120' title="bbox 1445 3002 2513 3044; baseline -0.001 -11"><span class='ocrx_word' id='word_1_763' title='bbox 1445 3008 1614 3044; x_wconf 86' lang='lat' dir='ltr'>quartam,</span> <span class='ocrx_word' id='word_1_764' title='bbox 1640 3009 1734 3042; x_wconf 86' lang='lat' dir='ltr'>negat</span> <span class='ocrx_word' id='word_1_765' title='bbox 1756 3002 1930 3032; x_wconf 85' lang='lat' dir='ltr'>minorem:</span> <span class='ocrx_word' id='word_1_766' title='bbox 1962 3002 2037 3042; x_wconf 88' lang='lat' dir='ltr'>quia</span> <span class='ocrx_word' id='word_1_767' title='bbox 2061 3009 2125 3032; x_wconf 91' lang='lat' dir='ltr'>tam</span> <span class='ocrx_word' id='word_1_768' title='bbox 2149 3002 2392 3042; x_wconf 84' lang='lat' dir='ltr'>magnanimitas</span> <span class='ocrx_word' id='word_1_769' title='bbox 2415 3012 2513 3042; x_wconf 90' lang='lat' dir='ltr'>quam</span> 
     </span>
    </p>
   </div>
   <div class='ocr_carea' id='block_1_26' title="bbox 1387 3046 1995 3087">
    <p class='ocr_par' dir='ltr' id='par_1_37' title="bbox 1387 3046 1995 3087">
     <span class='ocr_line' id='line_1_121' title="bbox 1387 3046 1995 3087; baseline -0.003 -9"><span class='ocrx_word' id='word_1_770' title='bbox 1387 3066 1390 3068; x_wconf 39' lang='lat' dir='ltr'>v</span> <span class='ocrx_word' id='word_1_771' title='bbox 1445 3047 1608 3078; x_wconf 87' lang='lat' dir='ltr'>humilitas</span> <span class='ocrx_word' id='word_1_772' title='bbox 1633 3046 1768 3087; x_wconf 87' lang='lat' dir='ltr'>impellit</span> <span class='ocrx_word' id='word_1_773' title='bbox 1791 3054 1821 3077; x_wconf 93' lang='lat' dir='ltr'>et</span> <span class='ocrx_word' id='word_1_774' title='bbox 1845 3046 1995 3086; x_wconf 89' lang='lat' dir='ltr'>reprimit.</span> 
     </span>
    </p>
   </div>
   <div class='ocr_carea' id='block_1_27' title="bbox 1446 3090 2514 3619">
    <p class='ocr_par' dir='ltr' id='par_1_38' title="bbox 1446 3090 2514 3441">
     <span class='ocr_line' id='line_1_122' title="bbox 1502 3090 2512 3131; baseline -0.002 -9"><span class='ocrx_word' id='word_1_775' title='bbox 1502 3092 1539 3122; x_wconf 88' lang='grc' dir='ltr'>ΙΙ.</span> <span class='ocrx_word' id='word_1_776' title='bbox 1564 3092 1615 3122; x_wconf 82' lang='lat' dir='ltr'>Ad</span> <span class='ocrx_word' id='word_1_777' title='bbox 1638 3091 1715 3121; x_wconf 90' lang='lat' dir='ltr'>haec</span> <span class='ocrx_word' id='word_1_778' title='bbox 1739 3091 1910 3121; x_wconf 90' lang='lat' dir='ltr'>dicendum</span> <span class='ocrx_word' id='word_1_779' title='bbox 1934 3091 2032 3131; x_wconf 87' lang='lat' dir='ltr'>quod,</span> <span class='ocrx_word' id='word_1_780' title='bbox 2050 3090 2144 3120; x_wconf 92' lang='lat' dir='ltr'>unico</span> <span class='ocrx_word' id='word_1_781' title='bbox 2169 3091 2388 3120; x_wconf 90' lang='lat' dir='ltr'>subintellecto</span> <span class='ocrx_word' id='word_1_782' title='bbox 2404 3091 2512 3126; x_wconf 90' lang='lat' dir='ltr'>verbo,</span> 
     </span>
     <span class='ocr_line' id='line_1_123' title="bbox 1446 3135 2512 3174; baseline -0.002 -8"><span class='ocrx_word' id='word_1_783' title='bbox 1446 3136 1555 3166; x_wconf 89' lang='lat' dir='ltr'>omnia</span> <span class='ocrx_word' id='word_1_784' title='bbox 1583 3136 1664 3167; x_wconf 91' lang='lat' dir='ltr'>dicta</span> <span class='ocrx_word' id='word_1_785' title='bbox 1696 3135 1815 3166; x_wconf 88' lang='lat' dir='ltr'>litterae</span> <span class='ocrx_word' id='word_1_786' title='bbox 1839 3135 1941 3165; x_wconf 91' lang='lat' dir='ltr'>solida</span> <span class='ocrx_word' id='word_1_787' title='bbox 1974 3142 2136 3170; x_wconf 88' lang='lat' dir='ltr'>constant,</span> <span class='ocrx_word' id='word_1_788' title='bbox 2161 3141 2191 3164; x_wconf 93' lang='lat' dir='ltr'>et</span> <span class='ocrx_word' id='word_1_789' title='bbox 2218 3135 2366 3174; x_wconf 90' lang='lat' dir='ltr'>opposita</span> <span class='ocrx_word' id='word_1_790' title='bbox 2398 3142 2512 3165; x_wconf 91' lang='lat' dir='ltr'>ruunt:</span> 
     </span>
     <span class='ocr_line' id='line_1_124' title="bbox 1446 3178 2512 3221; baseline -0.001 -10"><span class='ocrx_word' id='word_1_791' title='bbox 1446 3180 1562 3211; x_wconf 89' lang='lat' dir='ltr'>scilicet</span> <span class='ocrx_word' id='word_1_792' title='bbox 1584 3180 1672 3221; x_wconf 91' lang='lat' dir='ltr'>quod</span> <span class='ocrx_word' id='word_1_793' title='bbox 1697 3190 1822 3220; x_wconf 88' lang='lat' dir='ltr'>semper</span> <span class='ocrx_word' id='word_1_794' title='bbox 1845 3186 1892 3210; x_wconf 90' lang='lat' dir='ltr'>est</span> <span class='ocrx_word' id='word_1_795' title='bbox 1915 3189 2019 3209; x_wconf 91' lang='lat' dir='ltr'>sermo</span> <span class='ocrx_word' id='word_1_796' title='bbox 2044 3179 2081 3208; x_wconf 93' lang='lat' dir='ltr'>de</span> <span class='ocrx_word' id='word_1_797' title='bbox 2103 3186 2173 3209; x_wconf 89' lang='lat' dir='ltr'>actu</span> <span class='ocrx_word' id='word_1_798' title='bbox 2197 3178 2361 3219; x_wconf 89' lang='lat' dir='ltr'>principali</span> <span class='ocrx_word' id='word_1_799' title='bbox 2379 3179 2512 3210; x_wconf 87' lang='lat' dir='ltr'>virtutis.</span> 
     </span>
     <span class='ocr_line' id='line_1_125' title="bbox 1446 3223 2512 3265; baseline -0.003 -10"><span class='ocrx_word' id='word_1_800' title='bbox 1446 3225 1491 3256; x_wconf 89' lang='lat' dir='ltr'>Ita</span> <span class='ocrx_word' id='word_1_801' title='bbox 1515 3225 1604 3265; x_wconf 92' lang='lat' dir='ltr'>quod</span> <span class='ocrx_word' id='word_1_802' title='bbox 1628 3234 1693 3254; x_wconf 91' lang='lat' dir='ltr'>non</span> <span class='ocrx_word' id='word_1_803' title='bbox 1717 3230 1764 3254; x_wconf 89' lang='lat' dir='ltr'>est</span> <span class='ocrx_word' id='word_1_804' title='bbox 1786 3223 1934 3254; x_wconf 89' lang='lat' dir='ltr'>Auctoris</span> <span class='ocrx_word' id='word_1_805' title='bbox 1959 3223 2101 3253; x_wconf 92' lang='lat' dir='ltr'>doctrina</span> <span class='ocrx_word' id='word_1_806' title='bbox 2128 3223 2215 3263; x_wconf 89' lang='lat' dir='ltr'>quod</span> <span class='ocrx_word' id='word_1_807' title='bbox 2239 3223 2344 3253; x_wconf 90' lang='lat' dir='ltr'>omnis</span> <span class='ocrx_word' id='word_1_808' title='bbox 2369 3223 2512 3253; x_wconf 86' lang='lat' dir='ltr'>modera-</span> 
     </span>
     <span class='ocr_line' id='line_1_126' title="bbox 1446 3267 2513 3308; baseline -0.003 -8"><span class='ocrx_word' id='word_1_809' title='bbox 1446 3269 1502 3305; x_wconf 86' lang='lat' dir='ltr'>tio,</span> <span class='ocrx_word' id='word_1_810' title='bbox 1519 3279 1573 3299; x_wconf 90' lang='lat' dir='ltr'>seu</span> <span class='ocrx_word' id='word_1_811' title='bbox 1598 3268 1687 3308; x_wconf 92' lang='lat' dir='ltr'>quod</span> <span class='ocrx_word' id='word_1_812' title='bbox 1704 3268 1809 3298; x_wconf 88' lang='lat' dir='ltr'>omnis</span> <span class='ocrx_word' id='word_1_813' title='bbox 1833 3267 2011 3303; x_wconf 88' lang='lat' dir='ltr'>refrenatio,</span> <span class='ocrx_word' id='word_1_814' title='bbox 2034 3274 2104 3304; x_wconf 89' lang='lat' dir='ltr'>etc.,</span> <span class='ocrx_word' id='word_1_815' title='bbox 2129 3273 2248 3306; x_wconf 87' lang='lat' dir='ltr'>spectat</span> <span class='ocrx_word' id='word_1_816' title='bbox 2271 3268 2309 3297; x_wconf 88' lang='lat' dir='ltr'>ad</span> <span class='ocrx_word' id='word_1_817' title='bbox 2333 3274 2513 3307; x_wconf 86' lang='lat' dir='ltr'>temperan-</span> 
     </span>
     <span class='ocr_line' id='line_1_127' title="bbox 1446 3311 2513 3352; baseline -0.002 -8"><span class='ocrx_word' id='word_1_818' title='bbox 1446 3314 1532 3349; x_wconf 86' lang='lat' dir='ltr'>tiam,</span> <span class='ocrx_word' id='word_1_819' title='bbox 1558 3319 1593 3343; x_wconf 92' lang='lat' dir='ltr'>ut</span> <span class='ocrx_word' id='word_1_820' title='bbox 1614 3313 1668 3342; x_wconf 91' lang='lat' dir='ltr'>ille</span> <span class='ocrx_word' id='word_1_821' title='bbox 1691 3312 1843 3343; x_wconf 88' lang='lat' dir='ltr'>somniat:</span> <span class='ocrx_word' id='word_1_822' title='bbox 1868 3312 1922 3342; x_wconf 89' lang='lat' dir='ltr'>sed</span> <span class='ocrx_word' id='word_1_823' title='bbox 1946 3312 2034 3352; x_wconf 93' lang='lat' dir='ltr'>quod</span> <span class='ocrx_word' id='word_1_824' title='bbox 2058 3311 2162 3341; x_wconf 90' lang='lat' dir='ltr'>omnis</span> <span class='ocrx_word' id='word_1_825' title='bbox 2185 3311 2284 3341; x_wconf 89' lang='lat' dir='ltr'>virtus</span> <span class='ocrx_word' id='word_1_826' title='bbox 2313 3312 2403 3342; x_wconf 91' lang='lat' dir='ltr'>cuius</span> <span class='ocrx_word' id='word_1_827' title='bbox 2426 3312 2513 3352; x_wconf 88' lang='lat' dir='ltr'>prin·-</span> 
     </span>
     <span class='ocr_line' id='line_1_128' title="bbox 1447 3355 2514 3397; baseline -0.001 -10"><span class='ocrx_word' id='word_1_828' title='bbox 1447 3357 1555 3397; x_wconf 90' lang='lat' dir='ltr'>cipalis</span> <span class='ocrx_word' id='word_1_829' title='bbox 1579 3363 1665 3387; x_wconf 89' lang='lat' dir='ltr'>actus</span> <span class='ocrx_word' id='word_1_830' title='bbox 1690 3356 1832 3387; x_wconf 92' lang='lat' dir='ltr'>consistit</span> <span class='ocrx_word' id='word_1_831' title='bbox 1850 3355 1882 3385; x_wconf 92' lang='lat' dir='ltr'>in</span> <span class='ocrx_word' id='word_1_832' title='bbox 1907 3356 2104 3385; x_wconf 87' lang='lat' dir='ltr'>moderando</span> <span class='ocrx_word' id='word_1_833' title='bbox 2123 3355 2173 3385; x_wconf 92' lang='lat' dir='ltr'>vel</span> <span class='ocrx_word' id='word_1_834' title='bbox 2197 3355 2228 3385; x_wconf 91' lang='lat' dir='ltr'>in</span> <span class='ocrx_word' id='word_1_835' title='bbox 2253 3355 2450 3393; x_wconf 84' lang='lat' dir='ltr'>refrenando,</span> <span class='ocrx_word' id='word_1_836' title='bbox 2468 3363 2514 3386; x_wconf 88' lang='lat' dir='ltr'>est</span> 
     </span>
     <span class='ocr_line' id='line_1_129' title="bbox 1446 3400 2155 3441; baseline -0.004 -9"><span class='ocrx_word' id='word_1_837' title='bbox 1446 3401 1654 3441; x_wconf 84' lang='lat' dir='ltr'>temperantia</span> <span class='ocrx_word' id='word_1_838' title='bbox 1677 3401 1726 3430; x_wconf 89' lang='lat' dir='ltr'>vel</span> <span class='ocrx_word' id='word_1_839' title='bbox 1750 3400 1895 3430; x_wconf 86' lang='lat' dir='ltr'>adiuncta</span> <span class='ocrx_word' id='word_1_840' title='bbox 1921 3400 2155 3439; x_wconf 87' lang='lat' dir='ltr'>temperantiae.</span> 
     </span>
    </p>

    <p class='ocr_par' dir='ltr' id='par_1_39' title="bbox 1446 3444 2513 3619">
     <span class='ocr_line' id='line_1_130' title="bbox 1502 3444 2512 3485; baseline -0.002 -9"><span class='ocrx_word' id='word_1_841' title='bbox 1502 3446 1543 3476; x_wconf 89' lang='lat' dir='ltr'>Et</span> <span class='ocrx_word' id='word_1_842' title='bbox 1566 3452 1642 3476; x_wconf 89' lang='lat' dir='ltr'>tunc</span> <span class='ocrx_word' id='word_1_843' title='bbox 1659 3445 1738 3475; x_wconf 85' lang='lat' dir='ltr'>clare</span> <span class='ocrx_word' id='word_1_844' title='bbox 1754 3444 1841 3474; x_wconf 92' lang='lat' dir='ltr'>vides</span> <span class='ocrx_word' id='word_1_845' title='bbox 1858 3444 2008 3484; x_wconf 86' lang='lat' dir='ltr'>primum,</span> <span class='ocrx_word' id='word_1_846' title='bbox 2027 3444 2203 3474; x_wconf 90' lang='lat' dir='ltr'>secundum</span> <span class='ocrx_word' id='word_1_847' title='bbox 2218 3451 2248 3474; x_wconf 89' lang='lat' dir='ltr'>et</span> <span class='ocrx_word' id='word_1_848' title='bbox 2263 3451 2412 3485; x_wconf 91' lang='lat' dir='ltr'>quartum</span> <span class='ocrx_word' id='word_1_849' title='bbox 2431 3455 2512 3485; x_wconf 89' lang='lat' dir='ltr'>quae</span> 
     </span>
     <span class='ocr_line' id='line_1_131' title="bbox 1446 3488 2511 3528; baseline -0.001 -8"><span class='ocrx_word' id='word_1_850' title='bbox 1446 3491 1479 3520; x_wconf 90' lang='lat' dir='ltr'>in</span> <span class='ocrx_word' id='word_1_851' title='bbox 1502 3490 1604 3520; x_wconf 90' lang='lat' dir='ltr'>littera</span> <span class='ocrx_word' id='word_1_852' title='bbox 1628 3489 1799 3524; x_wconf 86' lang='lat' dir='ltr'>habentur,</span> <span class='ocrx_word' id='word_1_853' title='bbox 1825 3488 1946 3528; x_wconf 81' lang='lat' dir='ltr'>optime</span> <span class='ocrx_word' id='word_1_854' title='bbox 1970 3498 2102 3518; x_wconf 89' lang='lat' dir='ltr'>currere.</span> <span class='ocrx_word' id='word_1_855' title='bbox 2134 3488 2297 3525; x_wconf 91' lang='lat' dir='ltr'>Quoniam</span> <span class='ocrx_word' id='word_1_856' title='bbox 2321 3496 2352 3519; x_wconf 93' lang='lat' dir='ltr'>et</span> <span class='ocrx_word' id='word_1_857' title='bbox 2375 3489 2511 3519; x_wconf 88' lang='lat' dir='ltr'>maiores</span> 
     </span>
     <span class='ocr_line' id='line_1_132' title="bbox 1447 3532 2513 3574; baseline -0.002 -10"><span class='ocrx_word' id='word_1_858' title='bbox 1447 3534 1490 3565; x_wconf 91' lang='lat' dir='ltr'>sic</span> <span class='ocrx_word' id='word_1_859' title='bbox 1521 3541 1594 3564; x_wconf 91' lang='lat' dir='ltr'>sunt</span> <span class='ocrx_word' id='word_1_860' title='bbox 1617 3542 1722 3563; x_wconf 87' lang='lat' dir='ltr'>verae:</span> <span class='ocrx_word' id='word_1_861' title='bbox 1754 3540 1784 3563; x_wconf 94' lang='lat' dir='ltr'>et</span> <span class='ocrx_word' id='word_1_862' title='bbox 1814 3532 1919 3563; x_wconf 90' lang='lat' dir='ltr'>minor</span> <span class='ocrx_word' id='word_1_863' title='bbox 1946 3540 2075 3573; x_wconf 90' lang='lat' dir='ltr'>quartae</span> <span class='ocrx_word' id='word_1_864' title='bbox 2104 3540 2150 3563; x_wconf 86' lang='lat' dir='ltr'>est</span> <span class='ocrx_word' id='word_1_865' title='bbox 2171 3543 2260 3570; x_wconf 82' lang='lat' dir='ltr'>vera,</span> <span class='ocrx_word' id='word_1_866' title='bbox 2286 3533 2360 3574; x_wconf 87' lang='lat' dir='ltr'>quia</span> <span class='ocrx_word' id='word_1_867' title='bbox 2391 3539 2513 3563; x_wconf 89' lang='lat' dir='ltr'>constat</span> 
     </span>
     <span class='ocr_line' id='line_1_133' title="bbox 1446 3576 2510 3619; baseline -0.002 -11"><span class='ocrx_word' id='word_1_868' title='bbox 1446 3578 1534 3619; x_wconf 93' lang='lat' dir='ltr'>quod</span> <span class='ocrx_word' id='word_1_869' title='bbox 1559 3577 1740 3618; x_wconf 85' lang='lat' dir='ltr'>principalis</span> <span class='ocrx_word' id='word_1_870' title='bbox 1755 3583 1843 3607; x_wconf 87' lang='lat' dir='ltr'>actus</span> <span class='ocrx_word' id='word_1_871' title='bbox 1860 3577 2127 3616; x_wconf 86' lang='lat' dir='ltr'>magnanimitatis</span> <span class='ocrx_word' id='word_1_872' title='bbox 2152 3577 2294 3609; x_wconf 89' lang='lat' dir='ltr'>consistit</span> <span class='ocrx_word' id='word_1_873' title='bbox 2310 3578 2342 3607; x_wconf 91' lang='lat' dir='ltr'>in</span> <span class='ocrx_word' id='word_1_874' title='bbox 2366 3576 2510 3607; x_wconf 89' lang='lat' dir='ltr'>firmitate</span> 
     </span>
    </p>
   </div>
  </div>
 </body>
</html>
