2768 4198
46 703 56 713 ⁸
70 697 135 723 Vers.
150 707 183 727 14.

47 1076 55 1086 ⁸
69 1074 136 1096 Vera.
150 1079 183 1102 32,
197 1079 229 1102 33.

46 1339 56 1349 ⁶
70 1338 136 1360 Vera.
150 1343 186 1366 ²9·

51 2624 200 2674 tante-¹>-
215 2631 262 2652 ω·

291 302 365 349 396

285 380 414 428 rigitur
448 380 568 416 homo
599 379 648 416 ad
685 391 730 415 ea
754 383 769 405 Υ
806 377 1075 424 cognoscenda
1109 375 1171 411 vel
1208 373 1356 421 agenda

285 446 385 482 quae
429 433 618 482 pertinent
663 431 711 468 ad
755 431 965 466 humanam
1005 426 1354 464 conversationem.

286 487 409 534 Magis
443 494 571 523 autem
607 493 662 521 est
695 482 894 532 proprium
933 480 1158 530 prophetiae
1190 478 1355 527 cognitio

286 552 403 588 quam
434 538 618 588 operatio.
649 538 697 574 Et
726 536 813 572 ideo
844 535 1000 571 infimus
1020 533 1161 581 gradus
1189 532 1355 581 prophe-

285 594 358 630 tiae
379 600 434 629 est
454 604 541 628 curn
562 589 695 638 aliquis
716 601 762 625 ex
782 587 950 624 interiori
979 586 1156 623 instinctu
1177 592 1357 622 movetur

285 647 334 683 ad
364 646 489 694 aliqua
519 644 681 680 exterius
718 640 914 678 facienda:
954 639 1050 676 sicut
1078 640 1126 677 de
1165 640 1356 676 Samsone

286 699 438 745 dicitur,
467 697 585 734 Iudic.
606 707 653 732 xv
672 695 710 740 *,
741 693 844 742 quod
874 693 984 730 irruit
1012 693 1171 742 Spiritus
1198 692 1358 729 Domini

284 754 321 789 in
351 764 454 788 eum:
482 756 518 786 et
542 750 636 785 sicut
663 747 782 784 solent
809 747 861 783 ad
886 747 1065 783 ardorem
1085 743 1098 768 δ
1126 746 1226 795 ignis
1249 746 1355 794 ligna

284 804 471 847 consumi,
501 803 551 839 ita
579 807 616 838 et
641 801 792 838 vincula
822 800 956 848 quibus
983 799 1124 849 ligatus
1153 804 1255 844 erat,
1284 798 1355 835 dis-

283 860 403 906 sipata
430 862 518 893 sunt
543 861 579 891 et
603 854 737 891 soluta.
767 875 791 880 —
822 853 1024 890 Secundus
1052 859 1182 889 autem
1216 851 1356 899 gradus
1382 847 1384 861 '

284 909 506 960 prophetiae
541 915 597 945 est
631 919 719 944 cum
759 906 895 955 aliquis
925 918 970 943 ex
1006 905 1176 943 interiori
1213 904 1357 942 lumine

283 965 486 1001 illustratur
514 961 562 998 ad
593 960 907 1009 cognoscendum
937 959 1063 1008 aliqua
1091 971 1191 1008 quae
1224 966 1357 995 tamen

284 1030 360 1054 non
390 1015 578 1053 excedunt
606 1014 744 1051 limites
770 1013 950 1051 naturalis
979 1012 1226 1060 cognitionis:
1261 1011 1357 1048 sicut

285 1070 419 1107 dicitur
448 1069 495 1106 de
526 1068 750 1115 Salomone,
772 1069 821 1104 III
851 1068 1007 1117 Reg.1v
1026 1066 1057 1113 ²⁸,
1087 1066 1193 1115 quod
1211 1065 1357 1102 locutus

283 1130 337 1161 est
356 1122 579 1171 parabolas,
608 1128 643 1158 et
670 1121 872 1170 disputavit
897 1132 1011 1169 super
1037 1120 1163 1170 lignis,
1192 1131 1216 1155 a
1244 1119 1356 1156 cedro

283 1189 380 1226 quae
399 1182 451 1213 est
470 1177 507 1213 in
528 1176 676 1212 Libano
697 1186 813 1223 usque
831 1175 883 1211 ad
899 1175 1106 1223 hyssopum
1132 1184 1230 1221 quae
1249 1184 1357 1222 egre-

283 1231 384 1268 ditur
411 1231 456 1267 de
479 1229 636 1278 pariete,
662 1234 698 1264 et
723 1228 898 1264 disseruit
923 1228 968 1264 de
996 1227 1168 1264 iumentis
1191 1231 1227 1262 et
1253 1225 1357 1263 volu-

284 1285 409 1321 cribus
437 1289 472 1320 et
499 1282 691 1331 reptilibus
719 1287 754 1318 et
766 1282 943 1330 piscibus.
974 1281 1022 1318 Et
1041 1281 1116 1317 hoc
1145 1287 1268 1316 totum
1290 1278 1359 1316 fuit

285 1350 330 1374 ex
351 1336 482 1374 divina
501 1335 766 1385 inspiratione:
796 1347 885 1371 nam
910 1334 1164 1383 praemittitur
1182 1333 1217 1369 *z
1247 1333 1362 1370 Dedit

284 1392 388 1428 Deus
407 1390 630 1439 sapientiam
660 1389 867 1434 Salomoni,
888 1393 925 1424 et
934 1387 1179 1437 prudentiam
1200 1387 1358 1424 multam

286 1445 406 1481 nimis.
438 1465 461 1471 —
491 1443 540 1479 Hi
569 1450 700 1479 tamen
730 1442 807 1479 duo
843 1441 983 1490 gradus
1021 1449 1109 1478 sunt
1136 1440 1233 1477 infra
1270 1452 1358 1489 pro—

285 1497 456 1547 phetiam
485 1495 638 1545 proprie
668 1495 830 1532 dictam:
869 1495 958 1544 quia
988 1507 1067 1531 non
1096 1494 1283 1542 attingunt
1310 1493 1359 1531 ad

286 1551 615 1600 supernaturalem
642 1549 856 1586 veritatem.

342 1605 406 1641 llla
434 1611 563 1641 autern
592 1602 793 1652 prophetia
822 1601 860 1638 in
889 1613 965 1650 qua
1003 1600 1266 1638 manifestatur
1298 1612 1359 1636 su-

286 1657 536 1707 pernaturalis
569 1655 710 1693 veritas
746 1667 815 1704 per
851 1654 1113 1702 imaginariam
1149 1653 1358 1700 visionem,

287 1711 562 1748 diversificatur
590 1709 735 1759 primo,
766 1708 979 1745 secundum
1018 1706 1273 1745 differentiam
1301 1718 1359 1743 so—

287 1763 395 1810 mnii,
427 1763 530 1813 quod
559 1763 602 1800 fit
630 1763 668 1799 in
705 1761 953 1806 dormiendo;
993 1768 1030 1797 et
1056 1760 1229 1806 visionis,
1260 1771 1359 1809 quae

286 1818 329 1854 fit
357 1818 394 1854 in
423 1816 628 1865 vigilando.
669 1815 779 1861 Quae
808 1814 971 1863 pertinet
999 1813 1048 1850 ad
1077 1813 1250 1850 altiorem
1278 1825 1360 1861 gra-

287 1871 379 1908 dum
415 1869 660 1920 prophetiae:
700 1867 789 1917 quia
817 1867 942 1904 maior
968 1867 1027 1903 vis
1064 1865 1276 1916 prophetici
1304 1866 1359 1902 lu-
1386 1875 1388 1919 ξ

286 1923 398 1960 minis
436 1935 519 1960 esse
556 1922 709 1959 videtur
746 1932 846 1970 quae
883 1920 1052 1957 animam
1091 1926 1318 1968 occupatam
1345 1921 1388 1949 ‘l

287 1977 386 2014 circa
415 1975 607 2014 sensibilia
626 1975 664 2012 in
682 1974 877 2023 vigilando
907 1972 1089 2011 abstrahit
1108 1973 1157 2010 ad
1176 1985 1359 2022 superna·
1387 1973 1388 1978 ’

286 2031 433 2078 turalia,
454 2042 571 2080 quam
600 2029 662 2066 illa
690 2040 790 2077 quae
819 2027 989 2065 animam
1018 2026 1188 2064 hominis
1217 2027 1360 2064 abstra-

288 2092 387 2121 ctam
417 2097 439 2121 a
468 2083 711 2121 sensibilibus
740 2081 884 2119 invenit
907 2081 944 2118 in
965 2080 1208 2118 dormiendo.
1239 2101 1263 2109 -
1294 2081 1360 2117 Se-

288 2138 415 2175 cundo
454 2144 584 2174 autem
624 2135 928 2173 diversificantur
962 2134 1102 2183 gradus
1137 2133 1360 2183 prophetiae

287 2199 475 2241 quantum
505 2190 553 2227 ad
583 2189 870 2238 expressionem
904 2188 1101 2236 signorum
1139 2187 1362 2235 imaginabi-

287 2245 380 2281 lium
419 2244 559 2293 quibus
592 2243 734 2279 veritas
769 2241 1006 2290 intelligibilis
1044 2240 1276 2290 exprimitur.
1315 2241 1363 2277 Et

288 2299 378 2347 quia
407 2297 513 2345 signa
542 2296 709 2333 maxime
731 2307 908 2344 expressa
937 2294 1175 2342 intelligibilis
1196 2293 1363 2331 veritatis

290 2359 378 2388 sunt
398 2351 532 2397 verba,
554 2349 641 2387 ideo
663 2349 772 2386 altior
799 2349 938 2396 gradus
958 2347 1183 2397 prophetiae
1211 2347 1364 2385 videtur

290 2404 445 2454 quando
474 2404 663 2453 propheta
691 2402 797 2439 audit
823 2402 944 2439 verba
972 2400 1223 2450 exprimentia
1256 2400 1364 2437 intel-

289 2457 468 2506 ligibilem
487 2456 701 2503 veritatem,
723 2455 804 2492 sive
833 2454 871 2492 in
891 2453 1084 2503 vigilando
1105 2454 1185 2491 sive
1214 2453 1252 2490 in
1278 2454 1365 2490 dor-

290 2511 462 2558 miendo,
493 2522 611 2558 quarn
640 2509 797 2558 quando
826 2508 932 2545 videt
961 2508 1105 2557 aliquas
1134 2519 1194 2544 res
1224 2506 1364 2555 signifi-

290 2565 431 2601 cativas
450 2563 630 2610 veritatis,
652 2562 748 2599 sicut
774 2567 913 2610 septem
941 2561 1068 2610 spicae
1087 2561 1227 2610 plenae
1253 2560 1365 2609 signi-

290 2618 407 2655 ficant
433 2623 571 2666 septem
601 2628 722 2653 annos
751 2615 928 2652 ubertatis
947 2614 978 2652 ²¹⁶.
1009 2615 1052 2652 In
1081 2614 1220 2664 quibus
1250 2614 1363 2651 etiam

921 296 1189 344 QUAESTIO
1224 295 1437 342 CLXXIV,
1466 295 1764 332 ARTICULUS
1795 296 1845 332 III

1410 373 1517 420 signa
1536 381 1624 410 sunt
1651 373 1773 422 magis
1793 385 1991 422 expressa:
2022 373 2117 410 sicut
2141 372 2248 421 quod
2263 371 2276 397 ζ
2305 371 2486 408 Ieremias

1408 425 1506 462 vidit
1541 426 1763 463 incendium
1802 427 1961 464 civitatis
1998 427 2070 463 sub
2108 424 2355 463 similitudine
2389 424 2488 462 ollae

1408 490 1623 525 succensae,
1644 479 1740 516 sicut
1760 479 1897 517 dicitur
1917 481 2052 517 Ierem.
2075 492 2084 516 1
2103 479 2135 516 *.
2156 499 2180 505 -
2201 478 2336 516 Tertio
2356 485 2486 515 autem

1410 531 1622 569 ostenditur
1651 544 1734 569 esse
1763 532 1874 569 altior
1900 533 2040 580 gradus
2068 531 2295 581 prophetiae
2329 531 2486 579 quando

1410 585 1599 633 propheta
1634 597 1714 622 non
1748 586 1876 622 solum
1903 586 2009 623 videt
2041 586 2148 634 signa
2184 585 2396 622 verborum
2424 584 2488 620 vel

1410 638 1621 684 factorum,
1651 638 1720 675 sed
1756 638 1870 676 etiam
1898 638 2025 686 videt,
2054 639 2094 676 in
2125 638 2320 686 vigilando
2358 637 2421 674 vel
2449 636 2488 674 in

1411 691 1654 739 dormiendo,
1676 691 1843 739 aliquem
1863 691 1934 728 sibi
1955 693 2240 740 colloquentem
2261 699 2327 728 aut
2345 689 2488 738 aliquid

1411 744 1760 781 demonstrantem:
1799 744 1889 792 quia
1916 757 1986 793 per
2022 746 2098 782 hoc
2136 745 2348 782 ostenditur
2380 743 2488 792 quod

1411 809 1521 834 mens
1550 797 1762 846 prophetae
1792 797 1914 845 magis
1943 798 2230 847 appropinquat
2256 798 2305 836 ad
2331 808 2488 835 causam

1410 851 1661 888 revelantem.
1691 871 1715 879 -
1745 851 1894 897 Quarto
1925 858 2054 888 autem
2084 858 2210 900 potest
2237 850 2379 888 attendi
2409 849 2490 887 alti-

1410 904 1505 941 tudo
1534 904 1674 952 gradus
1709 903 1944 953 prophetalis
1978 915 2023 940 ex
2057 903 2274 941 conditione
2312 904 2394 941 eius
2423 902 2489 951 qui

1409 957 1573 995 videtur.
1603 958 1708 995 Nam
1737 957 1848 994 altior
1871 957 2011 1005 gradus
2030 956 2256 1006 prophetiae
2285 964 2340 994 est
2369 956 2400 994 si
2427 956 2488 993 ille

1410 1011 1476 1060 qui
1497 1011 1665 1058 loquitur
1682 1011 1746 1048 vel
1767 1010 2015 1057 demonstrat,
2031 1010 2221 1057 videatur,
2237 1010 2276 1047 in
2293 1009 2488 1058 vigilando

1383 1098 1385 1111 ,
1409 1065 1473 1101 vel
1495 1064 1738 1111 dormiendo,
1759 1063 1799 1101 in
1818 1064 1946 1113 specie
1966 1063 2103 1112 angeli,
2123 1075 2241 1112 quam
2262 1062 2294 1100 si
2312 1062 2491 1100 videatur

1410 1118 1449 1156 in
1478 1117 1606 1166 specie
1640 1117 1822 1155 hominis.
1863 1118 1912 1154 Et
1939 1117 2066 1155 adhuc
2103 1116 2214 1154 altior
2241 1116 2272 1153 si
2299 1115 2489 1164 videatur,

1410 1171 1449 1209 in
1469 1171 1699 1208 dormiendo
1718 1172 1782 1208 vel
1801 1170 2010 1219 vigilando,
2031 1170 2070 1207 in
2090 1169 2218 1219 specie
2238 1169 2330 1207 Dei:
2356 1180 2491 1206 secun-

1413 1225 1506 1262 dum
1536 1225 1627 1262 illud
1658 1225 1778 1261 Isaiae
1797 1236 1833 1261 vt
1851 1224 1889 1261 *ε
1926 1224 2012 1261 Vidi
2041 1224 2253 1261 Dominum
2286 1223 2487 1260 sedentem.
2516 1233 2528 1245 ⁸

1467 1279 1592 1327 Super
1626 1289 1764 1315 omnes
1802 1285 1932 1314 autern
1963 1278 2036 1314 hos
2073 1276 2214 1325 gradus
2247 1284 2304 1313 est
2336 1276 2490 1313 tertium

1412 1344 1532 1380 genus
1560 1331 1809 1380 prophetiae,
1840 1331 1879 1368 in
1908 1342 1987 1379 quo
2016 1329 2258 1379 intelligibilis
2284 1329 2425 1366 veritas
2455 1335 2491 1366 et

1412 1385 1710 1435 supernaturalis
1743 1385 1892 1433 absque
1928 1383 2153 1432 imaginaria
2180 1382 2330 1420 visione
2365 1390 2491 1420 osten-

1413 1439 1525 1477 ditur.
1565 1439 1676 1486 Quae
1705 1446 1836 1476 tamen
1866 1437 2014 1476 excedit
2041 1437 2230 1475 rationem
2264 1435 2491 1486 prophetiae

1413 1492 1568 1542 proprie
1598 1492 1742 1539 dictae,
1771 1499 1814 1528 ut
1843 1491 1988 1528 dictum
2017 1498 2074 1528 est
2091 1490 2124 1528 ²⁸.
2161 1491 2211 1528 Et
2237 1489 2328 1528 ideo
2357 1501 2492 1527 conse-

1414 1558 1536 1595 quens
1566 1554 1622 1582 est
1650 1545 1755 1594 quod
1776 1544 1917 1594 gradus
1944 1544 2171 1594 prophetiae
2190 1543 2348 1593 proprie
2367 1543 2491 1581 dictae

1414 1599 1695 1647 distinguantur
1731 1599 1946 1636 secundum
1984 1597 2248 1646 imaginariam
2285 1596 2490 1634 visionem.

1467 1655 1527 1690 AD
1548 1664 1688 1690 prunum
1713 1663 1812 1689 ERGO
1833 1663 2022 1690 DICENDUM
2042 1651 2148 1700 quod
2175 1649 2353 1688 discretio
2380 1649 2492 1688 lumi-

1414 1706 1472 1743 nis
1488 1705 1727 1754 intelligibilis
1743 1718 1823 1743 non
1837 1713 1965 1755 potest
1983 1717 2006 1742 a
2025 1704 2138 1742 nobis
2154 1703 2334 1752 cognosci
2350 1703 2421 1741 nisi
2435 1715 2493 1741 se-

1415 1759 1588 1796 cundum
1608 1759 1714 1808 quod
1734 1758 1922 1796 iudicatur
1947 1770 2016 1807 per
2036 1757 2163 1807 aliqua
2182 1757 2290 1806 signa
2309 1757 2493 1805 imagina-

1415 1812 1470 1850 ria
1484 1812 1547 1849 vel
1563 1811 1766 1849 sensibilia.
1790 1813 1840 1849 Et
1858 1812 1947 1849 ideo
1968 1823 2014 1848 ex
2031 1810 2247 1848 diversitate
2268 1810 2494 1859 imaginato-

1415 1877 1501 1902 rum
1530 1865 1781 1915 perpenditur
1809 1864 2010 1902 diversitas
2040 1863 2301 1901 intellectualis
2325 1863 2492 1901 luminis.

1468 1920 1527 1956 An
1556 1930 1751 1956 SECUNDUM
1776 1929 1963 1955 memnon
1993 1918 2111 1966 quod,
2133 1917 2229 1954 sicut
2256 1928 2372 1965 supra
2389 1915 2412 1938 *
2438 1915 2494 1955 di-

1416 1979 1519 2009 ctum
1550 1979 1618 2019 est,
1638 1971 1842 2021 prophetia
1870 1983 1950 2008 non
1980 1978 2036 2007 est
2061 1982 2131 2020 per
2149 1969 2314 2007 modum
2341 1969 2494 2007 habitus

1415 2025 1683 2074 immanentis,
1723 2024 1792 2062 sed
1829 2024 1951 2073 magis
1992 2035 2063 2073 per
2098 2024 2264 2062 modum
2305 2023 2494 2072 passio'nis

1415 2079 1659 2117 transeuntis.
1690 2078 1803 2116 Unde
1823 2090 1902 2115 non
1923 2085 1980 2115 est
1998 2077 2274 2115 inconveniens
2302 2077 2409 2126 quod
2427 2076 2494 2115 uni

1416 2141 1452 2171 et
1482 2133 1610 2171 eidem
1638 2133 1852 2182 prophetae
1881 2132 1948 2169 fiat
1971 2130 2156 2168 revelatio
2185 2129 2410 2181 prophetica
2439 2130 2493 2168 di-

1415 2186 1538 2224 versis
1563 2185 1714 2223 vicibus
1743 2185 1959 2223 secundum
1989 2184 2164 2222 diversos
2191 2183 2343 2233 gradus.

1469 2241 1528 2276 Ab
1565 2251 1726 2277 Tannum
1760 2250 1947 2276 DICENDUM
1981 2238 2088 2287 quod
2122 2237 2222 2276 dicta
2251 2244 2288 2275 et
2316 2237 2416 2275 facta
2445 2237 2493 2276 de

1418 2293 1557 2342 quibus
1590 2293 1641 2330 ibi
1669 2293 1712 2329 fit
1739 2292 1905 2340 mentio,
1936 2304 2015 2329 non
2043 2291 2235 2341 pertinent
2272 2291 2322 2328 ad
2349 2291 2495 2329 revela-

1417 2346 1563 2383 tionem
1591 2345 1827 2395 prophetiae,
1849 2345 1917 2382 sed
1941 2346 1991 2383 ad
2012 2345 2364 2382 denuntiationem:
2394 2357 2494 2394 quae

1418 2400 1461 2437 fit
1497 2399 1711 2437 secundum
1751 2398 2043 2448 dispositionem
2081 2410 2219 2436 eorum
2252 2397 2393 2446 quibus
2429 2398 2495 2435 de-

1418 2453 1613 2490 nuntiatur
1641 2452 1679 2490 id
1713 2453 1820 2500 quod
1857 2452 2070 2501 prophetae
2100 2451 2311 2489 revelatum
2341 2457 2418 2498 est;
2458 2458 2495 2489 et

1417 2507 1493 2543 hoc
1520 2506 1564 2544 fit
1592 2507 1826 2555 quandoque
1854 2518 1925 2555 per
1954 2505 2065 2553 dicta,
2085 2505 2321 2554 quandoque
2349 2516 2419 2554 per
2442 2504 2495 2542 fa-

1419 2567 1489 2597 cta.
1519 2559 1767 2597 Denuntiatio
1797 2566 1926 2596 autem
1956 2566 1993 2596 et
2022 2558 2194 2608 operatio
2219 2557 2494 2596 miraculorum

1419 2621 1700 2663 consequenter
1720 2625 1760 2650 se
1780 2613 1924 2650 habent
1943 2613 1993 2650 ad
2012 2611 2268 2662 prophetiam,
2290 2618 2332 2649 ut
2349 2610 2495 2662 supra*

291 2671 404 2720 signis
432 2678 536 2708 tanto
566 2670 719 2707 videtur
738 2668 939 2718 prophetia
960 2680 1042 2705 esse
1071 2668 1190 2715 altior,
1220 2675 1364 2716 quanto
1391 2679 1393 2713 ι
1420 2667 1563 2704 dictum
1593 2674 1661 2704 est.

342 2813 368 2846 γ)
388 2812 425 2838 ad
442 2819 483 2838 ea.
495 2825 514 2831 -
531 2811 568 2836 ad
587 2818 619 2836 ea
637 2818 706 2843 quae
729 2809 892 2843 BEFKLpC,
911 2817 928 2834 a
949 2809 1008 2835 Deo
1026 2816 1095 2842 quae
1115 2809 1152 2840 D;
1171 2814 1232 2842 post
1256 2808 1365 2842 agenda

290 2849 388 2873 addunt
405 2851 469 2872 sunt
487 2847 596 2881 BpCsK.

341 2883 366 2916 ὅ)
385 2883 522 2909 ardorem.
535 2896 553 2902 —
571 2883 681 2908 odorem
701 2881 805 2907 ABFIa.

1471 2808 1493 2841 ε)
1513 2808 1632 2833 animam
1652 2810 1818 2840 occupatam.
1831 2820 1851 2827 -
1867 2807 1984 2840 atquem
2003 2809 2164 2839 occupatum
2184 2806 2229 2832 Pa.

1470 2843 1496 2877 ζ)
1516 2844 1628 2877 quod.-
1645 2843 1755 2877 quando
1775 2843 1803 2874 Ρ,
1822 2850 1876 2869 om.
1895 2842 2024 2876 AHpCaK
2043 2847 2069 2868 et
2087 2849 2113 2868 a.

970 2960 1310 2993 Commentaria.
1332 2959 1590 2993 Cardinans
1613 2958 1820 2992 Caietam

323 3056 342 3075 N
359 3044 492 3076 articulo
515 3043 608 3074 tertio
633 3043 777 3074 eiusdem
793 3041 989 3083 quaestionis
1007 3041 1365 3082 centesimaeseptuage-

295 3058 571 3130 Isimaequartae,
597 3094 674 3118 nota
703 3086 771 3118 tria.
805 3086 931 3123 Prim0‚
956 3086 1105 3117 ordinem
1136 3095 1304 3126 processus
1332 3084 1365 3115 in

291 3134 403 3165 littera.
433 3134 518 3164 Nam
540 3132 647 3163 statim
675 3131 708 3162 in
732 3130 891 3172 principio
916 3130 1060 3171 corporis
1083 3129 1207 3161 articuli
1235 3139 1364 3161 enume-

293 3185 401 3210 rantur
422 3178 480 3209 tria
503 3186 618 3218 genera
642 3175 838 3217 prophetiae,
862 3175 925 3206 hoc
948 3182 1004 3212 est,
1027 3182 1090 3206 tres
1113 3174 1274 3215 generales
1297 3184 1366 3215 gra-

293 3223 352 3253 dus
382 3221 586 3263 prophetiae:
621 3227 651 3252 et
678 3220 808 3252 tertium
838 3229 913 3251 cum
937 3219 1154 3251 subdivisione
1177 3219 1366 3260 specialium

293 3267 450 3306 graduum
480 3276 576 3307 penes
608 3265 830 3306 cognoscenda
854 3264 905 3295 vel
928 3264 1060 3304 agenda.
1093 3263 1135 3294 Et
1164 3263 1253 3295 aliter
1279 3262 1365 3294 ordi-

296 3317 410 3341 nantur
433 3321 531 3351 quam
556 3315 792 3341 enumerentur.
828 3309 911 3339 Nam
936 3308 1157 3346 numerando,
1182 3307 1366 3348 imaginaria

296 3355 400 3395 primo
424 3354 618 3386 nominatur.
644 3354 705 3385 Sed
729 3353 920 3391 ordinando,
944 3353 976 3384 in
1001 3362 1154 3394 supremo
1177 3353 1302 3383 locatur
1316 3352 1365 3383 in-

297 3399 481 3429 tellectualis
510 3409 590 3439 pura
620 3405 763 3439 respectu
788 3398 926 3429 veritatis
952 3397 1215 3438 supernaturalis;
1247 3403 1278 3428 et
1307 3397 1366 3427 im-

297 3442 434 3473 mediate
467 3450 557 3483 post,
586 3443 770 3483 imaginaria
797 3442 991 3479 illuminata;
1028 3449 1059 3473 et
1097 3442 1211 3473 deinde
1244 3441 1367 3472 intelle-

298 3486 408 3518 ctualis
431 3497 511 3527 pura
534 3494 677 3527 respectu
701 3487 838 3518 veritatis
862 3486 1014 3518 naturalis
1037 3486 1088 3517 vel
1111 3492 1256 3526 respectu
1273 3485 1368 3517 actio-

298 3531 355 3562 nis.
380 3547 398 3553 —
422 3530 485 3562 Sed
508 3531 539 3560 in
564 3531 752 3561 declarando
777 3531 961 3571 retrogrado
978 3530 1089 3561 ordine
1113 3532 1236 3562 Auctor
1259 3539 1367 3570 prose-

298 3575 416 3616 quitur,
441 3574 623 3615 incipiendo
646 3575 685 3605 ab
710 3574 834 3611 ultimo,
860 3575 892 3605 in
917 3575 1081 3606 Samsone.
1106 3574 1169 3605 Ubi
1193 3574 1289 3605 etiam
1313 3574 1367 3604 de-

298 3619 363 3650 iicit
382 3619 533 3651 ultimum
549 3619 684 3658 gradum
707 3628 808 3659 usque
833 3619 873 3648 ad
896 3617 1044 3649 infimum
1067 3618 1162 3655 illius,
1187 3618 1305 3649 scilicet
1328 3617 1368 3647 ad

1415 3040 1621 3071 instinctum:
1653 3040 1692 3070 de
1716 3049 1783 3081 quo
1813 3038 1935 3070 dictum
1959 3045 2006 3069 est
2020 3038 2039 3058 ¹⁸¹
2060 3037 2150 3080 quod
2175 3043 2221 3068 est
2244 3036 2322 3078 quid
2346 3035 2494 3077 imperfe-

1418 3091 1506 3116 ctum
1529 3085 1562 3115 in
1586 3094 1700 3125 genere
1724 3083 1923 3124 prophetiae.
1947 3083 1989 3114 Et
2011 3081 2142 3118 deinde,
2165 3081 2382 3117 ascendendo,
2409 3079 2496 3112 affert

1418 3129 1638 3160 Salomonem.
1661 3129 1702 3159 Et
1721 3127 1872 3168 deinceps
1886 3126 2107 3168 imaginariam
2122 3125 2338 3167 prosequitur,
2355 3131 2497 3167 quatuor

1418 3174 1463 3204 illi
1491 3174 1608 3214 gradus
1635 3173 1816 3204 tribuendo.
1850 3172 1892 3203 Et
1920 3172 2054 3202 demum
2077 3170 2117 3201 ad
2144 3179 2224 3211 pure
2247 3169 2504 3207 intellectualem*

1418 3225 1564 3259 respectu
1587 3216 1838 3259 supernaturalis
1860 3215 2016 3253 veritatis,
2040 3224 2141 3257 quam
2163 3214 2267 3246 David
2289 3214 2416 3251 habuit,
2441 3214 2495 3246 de-

1419 3269 1516 3294 vetut.

1475 3306 1634 3343 Secundo,
1648 3305 1738 3347 quod
1753 3302 1923 3347 prophetia
1937 3302 2158 3334 intellectualis
2174 3303 2295 3344 absque
2310 3301 2496 3344 imaginaria

1418 3351 1542 3382 visione
1566 3356 1711 3391 respectu
1734 3347 1872 3381 veritatis
1888 3347 2146 3388 supernaturalis,
2171 3357 2253 3389 quae
2277 3354 2364 3379 tenet
2385 3355 2495 3388 supre—

1419 3405 1512 3427 mum
1535 3395 1689 3436 gradum,
1714 3393 1829 3424 dicitur
1851 3392 1999 3423 excedere
2023 3392 2180 3423 rationem
2203 3391 2390 3433 prophetiae
2421 3401 2495 3432 pro—

1420 3440 1487 3481 prie
1511 3439 1623 3476 dictae,
1647 3448 1716 3469 non
1738 3444 1892 3478 tanquam
1915 3446 1963 3467 res
1987 3436 2160 3477 superioris
2184 3436 2315 3473 ordinis,
2339 3435 2395 3467 sed
2413 3435 2496 3467 sicut

1419 3493 1587 3515 summum
1609 3482 1643 3514 in
1665 3482 1723 3513 illo
1747 3481 1870 3513 ordine.
1894 3480 2092 3521 Supremum
2114 3480 2201 3512 enim
2224 3487 2271 3512 est
2293 3480 2328 3512 in
2352 3479 2494 3512 confinio

1419 3527 1540 3559 altioris
1564 3525 1684 3557 ordinis
1698 3525 1732 3556 *ε
1767 3532 1798 3556 et
1829 3532 1996 3566 propterea
2025 3525 2146 3557 excedit
2173 3535 2255 3567 quae
2280 3523 2495 3556 communiter
2520 3528 2734 3585 ἱνῑέὲοψάρᾱυο..

2520 3582 2544 3604 s.
2559 3572 2605 3605 τί.
2619 3572 2672 3605 ιοά.

1422 3577 1498 3603 sunt
1519 3571 1553 3601 in
1577 3580 1637 3601 suo
1661 3570 1783 3600 ordine.

1478 3614 1606 3651 Tertio,
1632 3614 1721 3656 quod
1750 3614 1782 3644 in
1810 3613 2019 3655 responsione
2042 3614 2082 3645 ad
2106 3614 2249 3655 primum
2278 3613 2376 3644 habes
2403 3612 2493 3654 quod

2515 482 2525 492 ⁸
2539 480 2606 502 Vera.
2621 486 2650 509 ¹3·

2542 1233 2607 1256 Vm.
2635 1250 2640 1255 .

2518 1493 2706 1524 ἈΙ-ικαὶ).

2543 1919 2592 1947 Qu.
2601 1923 2680 1946 eni,
2689 1922 2733 1941 art.

2522 2611 2532 2623 ·
2545 2609 2614 2638 ma„
2629 2612 2671 2632 un.
2686 2614 2703 2631 ι.
