2768 4198
39 1812 48 1822 ⁸
62 1811 127 1833 Vei-s.
143 1817 162 1839 3.

40 2243 50 2254 ⁸
60 2243 109 2264 Lib.
119 2243 136 2269 1,
148 2249 197 2271 cap.
207 2249 254 2264 xxv.

273 257 351 303 496

896 250 1164 298 QUAESTIO
1195 249 1440 296 CLXXXVI,
1470 248 1769 286 ARTICULUS
1798 249 1849 285 VI

331 334 382 364 Ad
405 334 466 364 hoc
491 333 604 364 dicitur
627 333 725 374 quod,
749 331 825 371 quia
847 331 908 360 hoc
933 329 1021 370 quod
1038 335 1085 359 est
1108 338 1191 368 opus
1211 327 1371 368 aliquod!
1398 327 1596 367 displicentia
1626 335 1657 358 et
1680 327 1873 358 difficultatis
1896 328 2058 368 superatio
2088 327 2217 358 maioris
2246 327 2382 359 caritatis
2406 338 2474 359 esse

276 378 439 419 displicere
463 378 641 408 secundum
663 386 696 407 se
720 375 774 406 uni
792 374 939 414 religioso
964 380 994 403 et
1010 382 1076 402 non
1097 372 1158 408 alii,
1184 381 1249 402 non
1269 381 1343 411 pro·
1368 365 1371 402 i
1398 370 1527 402 effectus
1552 378 1582 402 et
1606 372 1752 412 signum:
1778 372 1858 402 dum
1880 372 1949 408 iste,
1970 382 2008 403 ex
2032 372 2159 403 caritate
2175 382 2239 412 qua
2263 380 2391 412 superat
2415 372 2474 404 hu—

275 423 362 453 venit
392 432 428 452 ex
452 421 670 462 magnitudine
694 419 815 459 operis,
847 417 901 447 sed
925 427 962 447 ex
986 415 1181 447 dissonantia
1209 415 1247 445 ad
1272 414 1344 445 affe·
1369 403 1371 453 ξ

277 475 364 497 ctum
387 466 476 497 istius
500 473 530 496 et
554 475 619 495 non
635 464 729 499 illius,
747 470 777 492 et
793 461 866 492 hinc
889 460 924 491 fit
949 468 983 491 ut
1007 460 1081 491 huic
1098 460 1158 490 tale
1176 469 1259 499 opus
1276 460 1344 490 red-

277 554 443 586 difficultas
473 564 539 585 non
563 558 656 591 auget
685 550 854 585 meritum,
879 549 1035 590 quoniam
1064 547 1231 579 difficultas
1263 558 1345 589 quae

1398 415 1538 446 iusmodi
1563 415 1795 452 difficultatem,
1821 416 2036 447 delectabilius
2061 423 2211 456 operatur
2234 415 2361 447 istamet
2377 427 2476 457 opera

1369 467 1371 502 g
1398 469 1498 500 quam
1521 459 1602 490 alius
1626 460 1693 490 sine
1717 460 1915 500 displicentia
1938 461 2060 492 illamet
2083 468 2243 501 operatur.

277 511 369 542 datur
392 510 526 546 difficile,
552 509 596 539 illi
620 515 726 538 autem
750 516 815 536 non
833 506 872 536 sit
891 504 1035 535 difficile:
1061 504 1133 534 ideo
1158 503 1345 534 huiusmodi
1370 514 1371 531 ;

1370 552 1371 559 ¹
1399 548 1474 578 dicit
1498 548 1601 577 maius
1626 548 1775 578 meritum
1799 558 1836 579 ex
1856 549 2054 589 displicentia
2078 558 2108 581 et
2124 560 2181 580 sua
2197 549 2394 580 difficultate:
2420 550 2476 580 sed

1455 504 1505 534 Ad
1529 504 1744 535 obiectionem
1768 504 1800 534 in
1817 505 2007 545 oppositum
2024 505 2138 536 dicitur
2162 506 2251 546 quod
2271 507 2394 536 Auctor
2408 515 2474 536 non

277 609 309 630 se
338 606 422 629 tenet
451 608 487 628 ex
518 603 604 637 parte
628 594 788 635 operantis
812 604 878 624 non
903 600 998 633 auget
1020 592 1188 629 meritum,
1220 593 1275 622 sed
1299 599 1346 622 est
1370 591 1371 634 l
1399 601 1436 622 ex
1455 591 1554 633 priori
1573 599 1661 628 voto,
1686 602 1753 632 quo
1778 602 1870 623 suam
1888 594 2090 625 voluntatem
2113 594 2153 624 ad
2177 594 2254 625 haec
2278 594 2477 625 necessitavit

277 643 403 683 signum
430 639 678 682 imperfectionis
706 638 844 669 affectus.
876 637 917 668 Et
948 643 1131 678 propterea,
1161 636 1346 676 simpliciter
1370 637 1372 680 l
1399 647 1436 666 ex
1461 636 1641 667 obedientia
1663 636 1795 676 agenda.
1819 637 1879 667 Per
1893 638 1955 668 hoc
1972 638 2059 668 enim
2078 639 2178 679 magis
2198 639 2324 679 placent
2338 638 2388 669 isti
2405 639 2475 669 Deo

276 687 454 728 loquendo,
479 695 544 715 non
568 683 666 723 magis
690 690 828 713 meretur
852 681 1017 722 religiosus
1043 691 1178 721 operans
1203 690 1238 710 ea
1263 691 1346 721 quae
1370 681 1372 707 ἰ
1400 680 1443 710 sic
1467 681 1632 720 operando
1663 691 1764 722 quam
1786 680 1832 711 illi
1863 681 1919 722 qui
1943 682 2010 712 sine
2034 682 2234 713 obedientiae
2257 682 2335 723 iugo
2363 683 2476 713 eadem

277 732 452 762 secundum
476 740 508 759 se
531 729 576 759 illi
601 727 785 767 displicent,
819 735 917 766 quam
942 725 1056 766 aliquis
1080 725 1246 765 religiosus
1271 734 1345 764 ope·
1371 722 1373 772 l
1401 724 1626 755 delectabiliter
1650 732 1833 765 operantur.
1859 726 1900 756 Et
1922 726 1985 757 hoc
2008 725 2144 758 intendit
2166 729 2305 758 Auctor:
2331 734 2367 758 ut
2390 733 2477 767 patet

277 785 347 806 rans
368 775 487 804 illamet
510 773 577 803 sine
599 772 663 802 ulla
680 770 887 811 displicentia.
911 770 1020 800 Potest
1033 777 1141 800 tamen
1158 768 1345 799 huiusmodi
1371 775 1374 806 ᾗ
1399 779 1436 799 ex
1460 769 1628 799 Sarabaitis
1652 769 1840 801 subiunctis.

1091 897 1304 940 ARTICU
1312 898 1412 940 LUS
1448 897 1658 940 SEXTUS

564 984 720 1015 UTRUM
744 983 1032 1020 REQUIRATUR
1056 982 1114 1012 AD
1138 981 1479 1013 PERFECTIONEM
1502 982 1749 1013 RELIGIONIS
1773 982 1898 1020 QUOD
1922 983 2187 1020 PAUPERTAS,

809 1027 1111 1058 CONTINENTIA
1135 1027 1194 1057 ET
1218 1026 1486 1058 OBEDIENTIA
1511 1026 1691 1057 CADANT
1715 1026 1795 1058 SUB
1814 1027 1938 1059 VOTO

866 1097 908 1122 De
926 1097 999 1130 Pe’Y-
1024 1097 1099 1122 Vitae
1119 1097 1202 1129 Spin,
1221 1104 1278 1130 cap.
1297 1104 1341 1128 xn,
1360 1105 1406 1128 xv;
1427 1097 1504 1123 Cont.
1524 1097 1645 1130 impugn.
1665 1097 1769 1131 Relig„
1790 1105 1846 1130 cap.
1864 1105 1882 1122 1.

423 1189 461 1232 «ᾗ
486 1181 508 1205 D
528 1179 670 1205 SEXTUM
695 1180 749 1204 sm
778 1179 1021 1205 Pnocssnlrun.
1051 1167 1211 1204 Videtur
1239 1169 1346 1216 quod

306 1182 366 1209 ’ΔΙ-«ω
389 1185 434 1217 χαί

300 1200 463 1281 ‘'5223''ssssss
486 1234 564 1259 non
585 1221 799 1270 requiratur
827 1221 876 1259 ad
900 1221 1177 1270 perfectionem
1197 1221 1347 1270 religio-

292 1273 412 1321 XV<
430 1276 455 1317 ‘6
469 1270 544 1312 nis
579 1275 685 1323 quod
719 1275 914 1324 praedicta
951 1274 1041 1322 tria,
1080 1275 1220 1312 scilicet
1252 1287 1347 1324 pau—

292 1320 306 1332 *
329 1341 342 1358 ὸ
363 1320 428 1358 743³)
443 1318 476 1361 ‘a
486 1336 624 1378 pertas,
646 1328 878 1366 continentia
898 1336 934 1365 et
953 1328 1185 1376 obedientia,
1208 1330 1348 1366 cadant

275 1381 346 1418 sub
374 1387 481 1417 v0t0.
510 1382 720 1431 Disciplina
745 1382 847 1419 enim
876 1382 1119 1431 perfectionis
1148 1394 1348 1420 assumen-

276 1436 348 1472 dae
378 1446 422 1470 ex
450 1435 651 1473 traditione
680 1435 839 1473 Domini
868 1443 923 1472 est
952 1443 1120 1485 accepta.
1161 1436 1239 1473 Sed
1269 1437 1347 1474 Do-

230 1524 232 1526 .
276 1488 423 1534 minus,
463 1490 558 1526 dans
593 1489 758 1527 formam
787 1489 1048 1538 perfectionis,
1079 1490 1215 1528 Matth.
1235 1502 1296 1527 iux
1315 1489 1346 1537 *‚

277 1541 383 1579 dixit:
414 1541 456 1577 Si
483 1543 537 1580 vis
558 1544 750 1592 perfectus
777 1555 866 1588 esse,
895 1543 993 1580 vade
1016 1549 1052 1580 et
1073 1543 1192 1580 vende
1219 1544 1348 1580 omnia

277 1607 374 1644 quae
391 1595 505 1633 hahes
523 1602 560 1633 et
576 1597 625 1634 da
638 1597 881 1646 pauperihus,
906 1597 1008 1634 nulla
1027 1597 1225 1634 mentione
1251 1597 1349 1634 facta

278 1651 324 1686 de
351 1655 458 1685 voto.
498 1650 600 1698 Ergo
628 1650 780 1687 videtur
814 1651 919 1699 quod
947 1658 1085 1687 votum
1115 1663 1193 1687 non
1223 1651 1348 1699 requi—

278 1710 380 1739 ratur
408 1703 456 1739 ad
487 1703 726 1753 disciplinam
757 1704 960 1752 religionis.

333 1767 367 1792 2.
399 1756 634 1804 PRAETEREA,
658 1765 796 1794 votum
822 1757 991 1794 consistit
1011 1757 1048 1794 in
1069 1757 1239 1806 quadam
1261 1769 1348 1806 pro-

279 1809 461 1846 missione
482 1810 566 1847 Deo
587 1811 699 1848 facta:
730 1811 834 1848 unde
854 1811 978 1848 Eccle.
995 1822 1019 1847 v
1032 1810 1064 1858 ³¹⁶,
1087 1823 1175 1847 cum
1197 1810 1351 1848 dixisset

280 1862 452 1911 Sapiens,
482 1864 524 1900 Si
550 1865 641 1912 quid
662 1865 798 1901 vovisti
819 1865 914 1910 Deo,
935 1876 983 1901 ne
1001 1865 1162 1901 moreris
1182 1865 1349 1911 reddere,

279 1916 403 1953 statim
433 1917 576 1954 subdit:
606 1918 787 1966 Displicet
813 1918 913 1955 enim
942 1918 978 1954 ei
1005 1918 1162 1966 infidelis
1182 1925 1218 1955 et
1238 1918 1350 1956 stulta

273 1969 487 2018 promissio.
529 1971 605 2008 Sed
633 1971 699 2008 ubi
729 1979 786 2008 est
813 1971 992 2009 exhibitio
1023 1971 1086 2018 rei,
1117 1984 1195 2009 non
1226 1972 1351 2020 requi-

279 2023 372 2060 ritur
398 2023 615 2072 promissio.
646 2026 749 2073 Ergo
770 2025 908 2062 sufficit
927 2025 976 2062 ad
996 2025 1272 2074 perfectionem
1294 2038 1351 2063 re-

279 2075 427 2124 ligionis
455 2078 562 2126 quod
589 2078 724 2128 aliquis
754 2087 880 2116 servet
915 2086 1201 2128 paupertatem,
1232 2080 1350 2117 conti—

280 2130 449 2168 nentiam
479 2139 516 2168 et
543 2132 815 2179 obedientiam,
845 2133 991 2181 absque
1020 2140 1126 2169 voto.

335 2184 369 2221 3.
399 2184 635 2232 PRAETEREA,
665 2186 899 2234 Augustinus
920 2186 1020 2232 dicit,
1041 2187 1092 2223 ad
1109 2185 1350 2233 Pollentium‚

280 2238 326 2274 de
344 2237 554 2276 Adulterin.
589 2239 751 2289 Coniug.
767 2239 807 2276 *t
836 2240 896 2276 Ea
923 2245 1011 2276 sunt
1037 2239 1074 2276 in
1105 2240 1240 2276 nostris
1267 2241 1352 2288 offi-

281 2291 347 2327 ciis
373 2291 548 2340 gratiora
576 2303 688 2340 quae,
718 2304 805 2328 cum
839 2292 967 2329 liceret
997 2293 1103 2329 nobis
1130 2293 1242 2329 etiam
1276 2305 1351 2330 non

282 2344 508 2392 impendere,
538 2350 662 2381 tamen
698 2357 814 2382 causa
851 2345 1056 2382 dilectionis
1091 2345 1351 2394 impendimus.

284 2397 363 2434 Sed
391 2409 435 2434 ea
463 2410 562 2446 quae
591 2398 689 2435 fiunt
717 2398 797 2435 sine
826 2406 942 2445 voto,
982 2398 1068 2436 licet
1097 2411 1176 2436 non
1204 2399 1353 2448 impen-

284 2450 392 2488 dere:
423 2452 529 2498 quod
549 2463 628 2488 non
648 2451 734 2488 licet
754 2451 801 2489 de
821 2451 880 2489 his
900 2464 999 2501 quae
1019 2452 1118 2489 fiunt
1137 2465 1224 2489 curn
1244 2461 1351 2490 voto,

283 2504 386 2551 Ergo
415 2504 567 2542 videtur
599 2505 739 2552 gratius
774 2517 857 2542 esse
886 2506 971 2542 Deo
1009 2505 1039 2542 si
1069 2505 1153 2555 quis
1189 2518 1352 2555 pauper-

283 2564 412 2604 tatem,
443 2557 714 2595 continentiam
745 2565 781 2595 et
809 2558 1067 2596 obedientiam
1093 2559 1239 2608 absque
1258 2567 1352 2597 voto

284 2619 463 2648 servaret.
505 2612 596 2648 Non
626 2623 716 2660 ergo
744 2620 881 2649 votum
911 2612 1114 2662 requiritur
1152 2612 1201 2650 ad
1229 2613 1352 2662 perfe-

284 2663 450 2701 ctionem
481 2665 683 2713 religionis.

339 2718 414 2755 SED
444 2730 591 2756 CONTRA
620 2730 686 2756 esr
714 2719 819 2768 quod
848 2719 886 2756 in
915 2719 1034 2756 veteri
1063 2719 1145 2767 lege
1166 2720 1355 2758 Nazaraei

285 2783 373 2808 cum
392 2779 486 2809 voto
507 2773 862 2810 sanctificabantur:
885 2773 1098 2810 secundum
1119 2773 1214 2810 illud
1232 2774 1352 2812 Num.

284 2837 319 2862 V1
338 2824 378 2861 *τ
415 2825 480 2862 Vir
506 2826 584 2863 sive
607 2826 744 2863 mulier
761 2838 848 2863 cum
857 2826 1000 2875 fecerit
1017 2831 1034 2848 ⁸
1062 2831 1190 2863 votum
1211 2833 1252 2864 ut
1267 2839 1353 2865 san-

285 2878 477 2926 ctificetur,
506 2885 542 2916 et
566 2892 606 2917 se
633 2879 795 2917 voluerit
820 2880 987 2917 Domino
1016 2891 1251 2927 consecrare,
1283 2889 1352 2918 etc.

286 2932 359 2968 Per
379 2944 446 2969 eos
466 2940 594 2971 autem
619 2933 878 2981 significantur
906 2932 955 2970 illi
984 2933 1048 2982 qui
1077 2934 1129 2970 ad
1154 2935 1355 2982 perfectio—

286 2985 343 3022 nis
360 2997 550 3023 summam
563 2987 799 3037 pertingunt,
819 2994 861 3023 ut
881 2986 969 3023 dicit
989 2987 1127 3024 Glossa
1142 2986 1162 3008 '¹‘
1181 2987 1355 3036 Gregorii

122 3052 171 3067 erv
198 3052 209 3067 ο
228 3052 258 3067 ¹-
286 3038 430 3075 ibidem
444 3038 475 3076 *.
506 3040 609 3088 Ergo
629 3048 764 3077 votum
796 3039 996 3088 requiritur
1024 3041 1072 3078 ad
1102 3047 1241 3078 statum
1270 3053 1355 3090 per-

287 3091 470 3128 fectionis.

342 3145 568 3183 Responmzo
603 3158 789 3184 mCENnuM
823 3146 927 3195 quod
961 3147 1008 3184 ad
1043 3146 1238 3195 religiosos
1271 3160 1356 3197 per-

287 3197 379 3235 tinet
415 3198 519 3248 quod
557 3199 629 3237 sint
661 3199 699 3237 in
738 3207 835 3237 statu
874 3199 1135 3249 perfectionis,
1177 3201 1273 3238 sicut
1311 3213 1356 3238 ex

179 3264 261 3284 mw·
289 3263 403 3299 supra
417 3251 438 3273 '¹‘
457 3252 564 3289 dictis
583 3260 696 3302 patet.
723 3253 784 3290 Ad
804 3261 944 3291 statum
965 3261 1094 3291 autern
1113 3254 1357 3302 perfectionis

290 3304 488 3352 requiritur
516 3306 694 3354 obligatio
723 3307 773 3343 ad
793 3319 838 3343 ea
861 3319 960 3355 quae
986 3314 1072 3344 sunt
1099 3308 1355 3356 perfectionis.

191 3398 196 3408 ‚
226 3398 230 3402 ,
291 3356 399 3402 Quae
421 3358 576 3406 quidem
596 3360 681 3396 Deo
702 3360 745 3396 fit
772 3372 841 3408 per
858 3367 1007 3397 votum.
1034 3360 1279 3398 Manifestum
1302 3369 1358 3398 est

291 3417 419 3447 autern
458 3423 502 3448 ex
539 3412 756 3460 praemissis
779 3412 800 3434 *
828 3413 932 3462 quod
956 3411 972 3443 Ρ
1000 3413 1049 3450 ad
1084 3414 1356 3463 perfectionem

343 3521 371 3554 α)
384 3521 490 3555 secer-it.
502 3535 521 3541 -
533 3523 651 3555 fecerint
670 3524 704 3554 P;
724 3531 771 3556 pro
789 3525 979 3559 sanctificetur,
994 3526 1195 3558 sanctificentur
1214 3526 1290 3558 Pp1<3
1310 3533 1358 3559 pro

290 3556 412 3587 voluerit,
433 3557 566 3582 voluerint
584 3558 735 3584 PABEFIL.

344 3591 369 3624 β)
389 3593 469 3625 quod.
481 3607 499 3612 -
516 3596 645 3625 quantum
666 3595 850 3627 ABCDEFpK.

1401 1167 1639 1204 Christianae
1667 1165 1778 1205 vitae
1799 1168 1963 1216 pertinet
1990 1175 2214 1217 paupertas,
2245 1166 2478 1206 continentia

1401 1229 1439 1258 et
1467 1221 1697 1258 obedientia.
1729 1222 1778 1258 Et
1806 1221 1894 1258 ideo
1924 1221 2115 1270 religionis
2143 1230 2262 1260 status
2288 1222 2443 1272 requirit
2461 1227 2477 1250 Υ

1400 1283 1441 1311 ut
1469 1275 1518 1312 ad
1546 1275 1643 1311 haec
1662 1274 1732 1312 tria
1752 1274 1888 1323 aliquis
1908 1283 2001 1312 voto
2022 1275 2220 1324 obligetur.
2250 1275 2363 1314 Unde
2383 1276 2477 1314 Gre-

1401 1328 1530 1376 gorius
1550 1328 1650 1375 dicit,
1673 1340 1787 1377 super
1805 1329 1940 1378 Ezech.
1957 1328 1992 1365 *z
2028 1329 2126 1366 Cum
2144 1329 2227 1378 quis
2245 1341 2359 1367 omne
2377 1329 2480 1378 quod

1400 1383 1523 1428 habet,
1553 1393 1666 1418 omne
1693 1382 1795 1431 quod
1821 1382 1922 1429 vivit,
1951 1394 2064 1419 omne
2091 1383 2194 1432 quod
2217 1383 2328 1432 sapit,
2356 1383 2476 1420 omni-

1395 1435 1542 1484 potenti
1567 1436 1651 1472 Deo
1680 1435 1840 1482 voverit,
1870 1435 2131 1474 holocaustum
2160 1441 2232 1473 est:
2261 1435 2369 1486 quod
2396 1436 2479 1485 qui-

1403 1490 1493 1527 dem
1522 1489 1710 1538 pertinere
1745 1497 1880 1538 postea
1915 1489 2004 1526 dicit
2032 1489 2081 1527 ad
2110 1501 2178 1527 eos
2205 1489 2273 1539 qui
2295 1501 2480 1539 praesens

1400 1543 1595 1580 saeculum
1624 1542 1810 1580 deserunt.

1456 1599 1516 1633 An
1540 1608 1679 1634 Palmum
1711 1607 1811 1634 ERGO
1840 1607 2027 1634 D1CENDUM
2061 1596 2168 1646 quod
2202 1597 2251 1635 ad
2280 1595 2480 1646 perfectio-

1403 1662 1493 1687 nem
1521 1649 1623 1689 vitae
1652 1649 1844 1687 Dominus
1871 1649 2061 1699 pertinere
2091 1649 2182 1687 dixit
2210 1649 2316 1699 quod
2345 1649 2479 1698 aliquis

1403 1715 1493 1740 eum
1515 1710 1709 1751 sequatur,
1727 1715 1806 1740 non
1825 1703 2166 1752 qualitercumque,
2183 1703 2252 1741 sed
2266 1711 2309 1740 ut
2322 1703 2480 1741 ulterius

1404 1764 1504 1794 retro
1526 1769 1604 1793 non
1625 1756 1765 1793 abiret:
1785 1756 1889 1794 unde
1909 1757 1990 1805 ipse
2012 1756 2112 1804 dicit,
2135 1758 2228 1794 Luc.
2241 1753 2281 1794 >ut
2294 1756 2331 1794 *z
2351 1757 2479 1794 Nemo

1404 1811 1550 1847 mittens
1585 1822 1743 1848 manum
1776 1811 1829 1847 ad
1853 1815 2028 1847 aratrum
2063 1815 2100 1847 et
2126 1810 2326 1859 respiciens
2354 1815 2478 1857 retro,

1404 1869 1513 1913 aptus
1540 1870 1596 1901 est
1621 1875 1743 1913 regno
1771 1864 1856 1901 Dei.
1888 1864 1937 1900 Et
1965 1863 2143 1913 quamvis
2171 1863 2328 1912 quidam
2355 1864 2403 1901 de
2424 1863 2479 1901 di-

1405 1917 1558 1967 scipulis
1594 1917 1675 1954 eius
1708 1925 1918 1955 retrorsum
1957 1917 2130 1964 abierint,
2160 1925 2291 1955 tamen
2330 1917 2446 1955 Petru

1405 1973 1492 2009 loco
1530 1971 1706 2016 aliorum,
1737 1970 1907 2008 Domino
1946 1970 2203 2019 interroganti,
2231 1971 2429 2020 Nunquid.

1404 2037 1472 2062 vos
1499 2025 1609 2062 vultis
1627 2023 1763 2062 abire?
1782 2024 1990 2073 respondit:
2018 2025 2195 2071 Domine,
2215 2025 2267 2062 ad
2283 2035 2394 2073 quem
2415 2024 2481 2071 ibn?-

1405 2078 1521 2116 mus?
1534 2078 1554 2100 *
1579 2077 1691 2116 Unde
1711 2086 1749 2115 et
1767 2076 2004 2126 Augustinus
2024 2077 2124 2126 dicit,
2145 2078 2183 2115 in
2202 2077 2298 2116 libro
2318 2078 2364 2116 de
2383 2078 2482 2116 Con-

1405 2145 1515 2170 sensu
1534 2130 1811 2183 Evangelist.*,
1833 2131 1950 2181 quod,
1969 2132 2066 2169 sicut
2082 2132 2303 2170 Matthaeus
2322 2137 2359 2169 et
2369 2131 2483 2171 Mar-

1406 2198 1472 2223 cus
1501 2191 1674 2232 narrant,
1694 2187 1829 2223 Petrus
1856 2191 1893 2222 et
1909 2186 2097 2232 Andreas,
2118 2198 2194 2224 non
2221 2185 2412 2223 subductis
2429 2185 2484 2223 ad

1407 2245 1550 2276 terram
1580 2240 1751 2285 navibus,
1781 2244 1963 2287 tanquam
1992 2250 2109 2277 causa
2143 2239 2338 2285 redeundi,
2365 2239 2484 2276 secuti

1405 2298 1494 2329 sunt
1524 2303 1632 2329 eum:
1666 2293 1733 2330 sed
1768 2297 1950 2341 tanquam
1989 2293 2175 2330 iubentem
2210 2298 2251 2330 ut
2281 2303 2480 2342 sequeren-

1407 2351 1479 2382 tur.
1525 2345 1632 2382 Haec
1668 2352 1796 2382 autem
1831 2345 2079 2383 immobilitas
2121 2346 2300 2395 sequelae
2343 2345 2484 2383 Christi

1407 2399 1581 2437 firmatur
1619 2411 1687 2447 per
1719 2406 1868 2436 votum.
1905 2398 1954 2436 Et
1990 2398 2079 2436 ideo
2107 2407 2246 2436 votum
2282 2398 2483 2449 requiritur

1408 2452 1457 2490 ad
1486 2452 1760 2501 perfectionem
1790 2451 1992 2501 religionis.

1461 2507 1521 2542 An
1541 2517 1733 2543 SECUNDUM
1752 2517 1938 2543 οιοΕΝυυΜ
1959 2506 2065 2555 quod
2088 2505 2271 2555 perfectio
2292 2505 2483 2554 religionis

1409 2559 1575 2608 requirit,
1606 2559 1701 2596 sicut
1729 2558 1937 2607 Gregorius
1967 2558 2055 2596 dicit
2073 2558 2105 2607 ¹⁸,
2135 2566 2176 2596 ut
2204 2558 2340 2608 aliquis
2370 2571 2484 2597 omne

1408 2613 1510 2662 quod
1527 2612 1618 2650 vivit
1636 2610 1649 2634 ⁶
1678 2613 1764 2650 Deo
1786 2611 1974 2650 exhibeat.
2005 2613 2081 2650 Sed
2111 2612 2232 2650 homo
2255 2624 2334 2650 non
2354 2620 2482 2662 potest

1408 2674 1528 2704 totam
1555 2666 1676 2703 vitam
1705 2678 1816 2703 suam
1845 2673 1931 2704 actu
1959 2667 2045 2704 Deo
2067 2666 2265 2704 exhibere:
2294 2666 2385 2715 quia
2403 2678 2484 2705 non

1409 2727 1464 2757 est
1492 2727 1571 2757 tota
1600 2719 1725 2766 simul,
1755 2719 1824 2757 sed
1852 2720 2068 2758 successive
2097 2720 2229 2768 agitur.
2258 2719 2372 2758 Unde
2402 2731 2482 2759 non

1410 2773 1516 2810 aliter
1553 2774 1674 2810 homo
1709 2780 1835 2822 potest
1870 2781 1991 2810 totam
2020 2773 2139 2811 vitam
2178 2774 2265 2811 Deo
2303 2773 2483 2810 exhibere

1409 2827 1478 2864 nisi
1507 2838 1576 2876 per
1602 2826 1681 2863 voti
1713 2826 1996 2875 obligationem.
2163 2855 2187 2872 .-

1462 2881 1520 2917 An
1544 2891 1706 2917 TERTIUM
1731 2891 1916 2918 monimum
1945 2880 2051 2930 quod
2071 2879 2168 2918 inter
2186 2879 2259 2917 alia
2277 2890 2378 2928 quae
2398 2879 2484 2917 licet

1410 2933 1520 2971 nobis
1540 2946 1619 2971 non
1638 2933 1874 2982 impendere,
1905 2941 1962 2971 est
1990 2933 2104 2972 etiam
2133 2932 2288 2982 propria
2316 2931 2482 2980 libertas,

1410 2999 1527 3036 quam
1556 2988 1677 3024 homo
1702 2987 1836 3024 ceteris
1856 2988 1970 3025 rebus
1999 2987 2185 3024 cariorem
2212 2985 2340 3023 habet.
2369 2985 2482 3024 Unde

1411 3053 1498 3078 cum
1534 3040 1669 3090 aliquis
1707 3041 1860 3090 propria
1889 3048 2026 3090 sponte
2052 3047 2147 3077 voto
2180 3038 2252 3076 sibi
2278 3039 2414 3076 adimit
2441 3039 2482 3076 li-

1410 3095 1597 3131 bertatem
1618 3093 1832 3132 abstinendi
1852 3093 1900 3131 ab
1920 3093 1978 3131 his
2004 3105 2102 3142 quae
2123 3092 2172 3130 ad
2192 3092 2265 3130 Dei
2285 3092 2482 3130 servitium

1410 3147 1611 3198 pertinent,
1642 3149 1717 3186 hoc
1744 3147 1788 3185 fit
1815 3148 1901 3185 Deo
1921 3145 2240 3196 acceptissimum.
2270 3145 2382 3184 Unde
2402 3147 2482 3184 Au·

1411 3201 1582 3250 gustinus
1619 3201 1728 3248 dicit,
1765 3200 1804 3238 in
1842 3199 2012 3249 Epistola
2047 3199 2100 3236 ad
2123 3199 2412 3238 Armentarium
2447 3204 2485 3237 et

1411 3254 1662 3292 Paulinam*:
1682 3254 1774 3292 Non
1791 3259 1825 3291 te
1837 3254 1985 3291 vovisse
1997 3252 2203 3301 poeniteat.-
2224 3253 2340 3290 immo
2353 3252 2483 3303 gaude

1411 3309 1488 3345 iam
1517 3308 1584 3345 tibi
1610 3319 1684 3345 non
1713 3307 1826 3344 licere
1856 3306 1959 3355 quod
1984 3317 2070 3342 cum
2099 3311 2162 3343 tuo
2190 3306 2412 3343 detrimento
2440 3306 2481 3343 li-

1411 3362 1555 3398 cuisset.
1594 3361 1706 3398 Felix
1741 3359 1938 3397 necessitas
1974 3370 2072 3408 quae
2109 3359 2146 3396 in
2184 3359 2343 3396 meliora
2380 3370 2482 3397 com-

1407 3414 1522 3463 pellit.

1464 3526 1491 3558 γ)
1511 3524 1633 3557 requirit.
1645 3538 1664 3543 —
1682 3523 1831 3557 requiritur
1850 3524 1971 3556 DEFKL,
1988 3524 2061 3555 (ideo
2079 3524 2117 3550 ad
2130 3525 2324 3560 perfectionem
2343 3525 2482 3559 religionis

1410 3561 1508 3591 status)
1528 3559 1676 3592 requiritur
1695 3560 1726 3585 Α.

1465 3593 1490 3627 δ)
1510 3595 1584 3621 vivit.
1596 3608 1615 3614 —
1634 3594 1708 3620 vovit
1727 3595 1755 3620 P.

2604 1227 2623 1256 7
2648 1240 2650 1242 ,

2504 1332 2720 1388 :stt-rma:

2506 1762 2517 1774 ⁸
2531 1761 2600 1786 Vm.
2613 1763 2650 1785 σο,

2583 2110 2612 2139 ⁶⁷
2620 2089 2679 2132 cap..
2691 2089 2724 2110 vi,

2536 2084 2601 2106 loun.

2539 2127 2592 2161 Lib.
2615 2137 2650 2166 n,
2671 2142 2722 2166 up.

2509 2084 2520 2096 ο

2507 2116 2560 2150 'UH

2511 2561 2723 2590 namatium.

2507 3257 2537 3306 ἰ..
2594 3256 2724 3307 vqxxvn,
