2768 4198
46 975 54 983 ·
69 973 135 994 Ver-s.
149 978 184 1000 29.

45 1827 54 1836 ”
70 1827 135 1847 Vers.
150 1833 171 1851 4.

45 1884 55 1892 ⁸
68 1883 133 1904 Vers.
148 1888 167 1911 5,
183 1889 204 1910 9.

45 2017 54 2026 ¹⁸
69 2015 133 2036 Vers.
149 2021 169 2043 ¹5
184 2020 234 2042 sqq.

51 2687 58 2693 ⁸
74 2685 138 2706 Vers.
153 2686 173 2706 8.

49 2786 131 2813 ''Apud
137 2786 258 2807 bombard.

50 2823 59 2827 -
70 2812 103 2833 Ex
115 2812 185 2834 Hilar.
196 2812 258 2834 Diae.

51 2839 91 2860 sub
116 2845 177 2860 nom.
203 2840 261 2860 Ain-

51 2866 111 2887 bros.

58 3377 67 3384 ⁸
82 3376 129 3396 Art.
147 3373 249 3401 praeced.

58 3427 68 3437 ⁸
82 3426 146 3447 Vers.
163 3433 190 3454 ¹3·

285 291 359 327 218

1048 422 1364 465 ARTICULUS

970 283 1235 331 QUAESTIO
1266 282 1401 328 CLIV,
1431 283 1729 320 ARTICULUS
1760 284 1788 319 ΙΙ

1395 422 1698 465 SECUNDUS

758 512 911 543 UTRUM
936 507 1206 540 FORNICATIO
1231 506 1413 537 SIMPLEX
1437 506 1503 537 SIT
1527 507 1767 539 PECCATUM
1791 509 2003 540 MORTALE

546 586 578 610 IV
599 585 683 612 Sent.‚
703 583 760 608 dist.
780 589 864 611 xxx111,
885 588 930 612 qu.
954 588 974 609 1,
995 584 1043 603 art.
1066 578 1088 607 3,
1108 577 1157 610 qua
1179 584 1209 606 2;
1230 577 1260 601 ΙΙΙ
1283 577 1360 601 Cont.
1381 577 1469 606 Gent„
1490 584 1545 609 cap.
1566 584 1646 606 cxxu:
1668 577 1710 602 De
1731 578 1812 607 Malo,
1832 587 1876 611 qu.
1895 586 1936 610 xv,
1956 584 2003 605 art.
2025 587 2048 611 2,
2067 581 2100 605 ad
2124 588 2148 605 ιι
2173 589 2246 614 sqq.;

673 619 713 643 De
734 619 795 642 Dec.
817 617 964 647 Praecept„
984 622 1040 646 cap.
1060 614 1093 639 de
1112 613 1191 638 Sext.
1214 613 1367 643 Frater-*epm

369 716 377 730 ι
414 725 442 736 s„
496 706 517 731 D
533 701 720 729 SECUNDUM
736 700 789 725 sm
804 697 1044 724 PROCEDITUR.
1066 684 1225 721 Videtur
1242 683 1345 732 quod
1373 681 1375 696 '

321 731 360 771 εἴ
402 736 469 798 Ἶξ
494 744 689 783 fornicatio
737 742 896 790 simplex
939 752 1016 776 non
1059 738 1105 775 sit
1146 745 1347 786 peccatum

453 799 664 850 mortale.
703 797 759 832 Ea
799 794 898 831 enim
928 805 1026 841 quae
1061 791 1172 828 simul
1203 802 1347 826 connu-
1373 817 1375 824 .

452 846 699 896 Χωετειηῐυῑ,
720 849 897 886 videntur
927 859 1008 883 esse
1037 845 1151 882 unius
1180 843 1346 881 rationis.
1374 867 1376 887 j

283 909 356 945 Sed
379 905 574 943 fornicatio
596 910 894 940 connumeratur
909 900 1139 949 quibusdam
1156 910 1255 946 quae
1270 909 1348 934 non

282 969 368 998 sunt
404 967 561 1007 peccata
590 956 787 994 mortalia:
825 955 959 992 dicitur
995 953 1096 990 enim
1125 952 1208 988 Act.
1238 964 1288 988 xv
1312 949 1349 987 *ε

281 1013 504 1051 Abstineatis
542 1023 607 1048 vos
645 1011 693 1047 ab
731 1008 933 1046 immolatis
971 1006 1286 1051 simulacrorum,
1315 1010 1351 1040 et

280 1067 466 1117 sanguine
502 1071 537 1102 et
570 1064 774 1114 suffocato,
813 1068 850 1099 et
873 1061 1152 1111 fornicatione;
1196 1059 1347 1096 illorum

282 1129 408 1159 autem
447 1132 538 1156 usus
572 1130 651 1155 non
687 1124 741 1153 est
774 1125 975 1165 peccatum
1007 1113 1184 1160 mortale,
1216 1125 1349 1149 secun-

283 1176 374 1212 dum
394 1174 485 1210 illud
506 1174 518 1209 I
540 1172 591 1209 ad
613 1171 708 1208 Tim.
731 1182 766 1207 1v
785 1169 822 1206 *ε
852 1169 961 1206 Nihil
988 1168 1230 1205 reiiciendum
1251 1166 1352 1215 quod

282 1241 367 1265 cum
386 1227 602 1277 gratiarum
621 1225 768 1261 actione
782 1223 999 1272 percipitur.
1028 1223 1129 1269 Ergo
1150 1219 1348 1258 fornicatio

283 1294 359 1320 non
390 1289 445 1318 est
473 1286 673 1329 peccatum
703 1277 875 1313 mortale.

337 1348 371 1372 2.
393 1336 625 1378 PRAETEREA,
656 1331 802 1368 nullum
832 1337 1033 1378 peccatum
1062 1330 1222 1366 mortale
1252 1327 1351 1364 cadit

283 1390 353 1427 sub
382 1394 586 1437 praecepto
617 1385 760 1422 divino.
801 1384 878 1420 Sed
914 1384 1016 1420 Osee
1046 1383 1094 1419 1³¹e
1122 1381 1351 1432 praecipitur

283 1457 305 1480 a
333 1442 524 1479 Domino:
561 1439 680 1483 Vade,
709 1449 815 1474 sume
843 1438 909 1474 tibi
946 1449 1105 1474 uxorem
1123 1435 1351 1486 fornicatio-

284 1508 386 1541 num,
407 1501 443 1531 et
457 1496 531 1543 fac
548 1493 654 1541 filios
670 1491 988 1539 fornicationum.
1026 1491 1127 1539 Ergo
1153 1489 1351 1527 fornicatio
1377 1485 1379 1538 ξ

285 1563 361 1588 non
391 1557 446 1585 est
475 1554 674 1596 peccatum
705 1545 875 1581 mortale.
1377 1541 1379 1582 ἶ

340 1605 373 1640 3.
413 1603 654 1646 PRAETEREA,
695 1599 842 1635 nullum
878 1605 1078 1646 peccatum
1118 1597 1277 1634 mortale
1314 1597 1379 1634 in.

286 1656 476 1704 Scriptura
515 1666 620 1691 sacra
658 1652 804 1699 absque
844 1650 1138 1699 reprehensione
1181 1662 1352 1687 comme—

284 1718 463 1747 moratur.
505 1707 581 1744 Sed
610 1705 807 1742 fornicatio
837 1705 995 1753 simplex
1025 1711 1353 1741 commemoratur

285 1765 322 1800 in
352 1763 543 1811 Scriptura
570 1760 607 1796 in
636 1758 798 1806 antiquis
837 1758 1011 1795 Patribus
1040 1757 1119 1794 sine
1149 1759 1351 1806 reprehen-

285 1817 407 1854 sione:
439 1815 533 1852 sicut
558 1812 691 1860 legitur
714 1812 806 1848 Gen.
827 1823 885 1847 xV1
905 1810 925 1832 '¹‘
954 1812 1002 1848 de
1022 1811 1218 1847 Abraham
1246 1811 1353 1859 quod

284 1869 439 1907 accessit
468 1869 514 1904 ad
544 1867 658 1913 Agar,
684 1864 858 1901 ancillam
888 1876 1015 1910 suam;
1046 1872 1082 1900 et
1101 1864 1208 1910 infra,
1229 1876 1301 1900 xxx
1319 1863 1350 1910 ³⁸,

283 1923 414 1971 legitur
434 1921 482 1958 de
503 1919 616 1956 Iacob
638 1918 741 1966 quod
762 1917 919 1954 accessit
939 1918 987 1954 ad
1007 1917 1159 1954 ancillas
1188 1929 1351 1954 uxorum

283 1987 437 2013 suarum
470 1974 604 2010 Balam
634 1976 704 2007 εἴα
734 1971 936 2019 Zelpham;
972 1979 1007 2007 et
1035 1971 1142 2017 infra,
1171 1970 1351 2017 xxxviii*,

283 2030 416 2077 legitur
443 2027 547 2075 quod
587 2025 698 2062 Iudas
737 2023 894 2060 accessit
932 2024 980 2061 ad
1014 2024 1202 2071 Thamar,
1234 2036 1351 2072 quam

283 2081 493 2120 aestimavit
527 2078 778 2115 meretricem.
819 2077 920 2126 Ergo
955 2077 1153 2115 fornicatio
1192 2078 1352 2127 simplex

283 2149 360 2173 non
390 2142 444 2171 est
472 2140 672 2183 peccatum
702 2132 873 2168 mortale.

335 2201 372 2236 4.
402 2189 643 2233 PRAETEREA,
674 2197 790 2222 omne
828 2193 1027 2234 peccatum
1065 2185 1225 2222 mortale
1263 2197 1352 2222 con-

283 2243 456 2280 trariatur
476 2239 628 2277 caritati.
660 2238 736 2276 Sed
756 2238 953 2275 fornicatio
974 2238 1134 2288 simplex
1162 2251 1240 2275 non
1261 2251 1351 2276 con-

284 2296 455 2334 trariatur
484 2293 644 2331 caritati:
675 2304 800 2340 neque
830 2300 1014 2341 quantum
1035 2293 1083 2330 ad
1110 2292 1352 2329 dilectionem

286 2350 368 2396 Dei,
390 2348 479 2397 quia
499 2360 576 2384 non
597 2355 652 2383 est
673 2346 812 2383 directe
832 2353 1032 2395 peccatum
1054 2354 1185 2383 contra
1206 2347 1351 2392 Deum3

286 2416 354 2441 nec
376 2403 489 2439 etiam
519 2409 702 2450 quantum
725 2399 773 2437 ad
793 2399 1036 2437 dilectionem
1057 2399 1233 2448 proximi,
1263 2400 1353 2448 quia

285 2470 353 2506 per
381 2457 455 2493 hoc
483 2456 602 2492 homo
628 2453 717 2490 nulli
746 2453 893 2490 homini
923 2454 1010 2490 facit
1030 2454 1218 2491 iniuriam.
1250 2455 1351 2502 Ergo

286 2509 480 2547 fornicatio
510 2509 668 2556 simplex
698 2519 775 2544 non
805 2515 859 2544 est
888 2515 1088 2556 peccatum
1119 2508 1291 2544 mortale.

343 2565 374 2600 5.
405 2564 646 2608 PRAETEREA,
677 2573 793 2597 omne
827 2569 1026 2610 peccatum
1061 2562 1221 2598 mortale
1252 2561 1354 2598 ducit

286 2618 322 2654 in
351 2616 603 2666 perditionem
634 2623 840 2652 aeternam.
882 2615 966 2652 Hoc
996 2622 1124 2652 autem
1161 2627 1239 2652 non
1268 2615 1355 2652 facit

287 2670 480 2707 fornicatio
501 2669 681 2718 simplex:
703 2668 790 2717 quia
811 2681 925 2717 super
944 2669 1033 2706 illud
1056 2670 1068 2705 l
1090 2669 1142 2706 ad
1163 2669 1258 2706 Tim.
1276 2681 1310 2706 ιν
1321 2668 1352 2716 *,

286 2725 407 2761 Pietas
435 2724 486 2760 ad
512 2723 639 2760 omnia
674 2722 771 2759 utilis
798 2728 869 2768 est,
902 2722 989 2760 dicit
1023 2722 1160 2759 Glossa
1188 2723 1354 2760 Ambro-

288 2777 330 2814 sii
348 2778 382 2814 *ε
418 2778 545 2814 Omnis
564 2788 712 2814 summa
733 2776 949 2824 disciplinae
973 2777 1209 2814 Christianae
1228 2777 1264 2813 in
1286 2777 1354 2813 mi-

287 2831 489 2868 sericordia
509 2837 543 2867 et
560 2831 698 2879 pietate
725 2836 787 2866 est.
822 2830 945 2872 Quam
967 2830 1102 2878 aliquis
1130 2842 1299 2879 sequens,
1324 2830 1357 2867 si

288 2885 471 2922 lubricum
501 2884 625 2920 carnis
647 2884 802 2932 patitur,
822 2884 902 2921 sine
930 2884 1041 2920 dubio
1067 2884 1272 2933 vapulabit,
1291 2884 1357 2921 sed

289 2951 361 2975 non
386 2937 534 2986 peribit.
565 2937 666 2984 Ergo
689 2937 884 2974 fornicatio
905 2937 1065 2986 simplex
1086 2950 1164 2975 non
1185 2946 1240 2975 est
1267 2950 1355 2986 pec-

290 3000 415 3028 catum
446 2991 616 3027 mortale.

342 3046 377 3081 6.
409 3045 644 3089 PRAETEREA,
676 3044 770 3080 sicut
797 3045 1030 3091 Augustinus
1059 3045 1161 3090 dicit,
1193 3045 1229 3082 in
1259 3044 1354 3081 libro

290 3099 334 3134 de
358 3099 452 3134 Bon.
479 3098 639 3146 Coniug.
660 3096 691 3143 ²¹²,
713 3098 814 3145 quod
836 3103 890 3134 est
906 3098 1009 3134 cibus
1028 3099 1079 3135 ad
1096 3098 1253 3135 salutem
1274 3109 1356 3135 cor-

286 3151 401 3199 poris,
422 3153 492 3188 hoc
519 3156 573 3187 est
594 3150 810 3187 concubitus
829 3151 880 3187 ad
906 3152 1062 3189 salutem
1085 3152 1247 3202 generis.
1279 3152 1356 3189 Sed

293 3216 369 3240 non
399 3204 523 3241 omnis
553 3203 787 3241 inordinatus
815 3217 906 3241 usus
937 3205 1109 3242 ciborum
1139 3214 1196 3242 est
1223 3218 1356 3255 pecea-

293 3266 371 3292 tum
394 3258 563 3294 mortale.
594 3258 696 3305 Ergo
718 3269 787 3294 nec
807 3259 933 3295 omnis
962 3258 1198 3296 inordinatus
1218 3271 1356 3296 concu-
1383 3279 1385 3318 Ι

295 3310 403 3346 bitus,
434 3310 549 3356 Quod
570 3311 734 3347 maxime
754 3311 905 3348 videtur
925 3313 973 3349 de
993 3313 1242 3350 fornicatione
1266 3313 1356 3350 sitn-

295 3362 390 3410 plici,
413 3375 509 3410 quae
530 3364 686 3400 minima
712 3372 767 3401 est
787 3365 882 3402 inter
902 3365 1047 3414 species
1068 3374 1310 3403 enumeratas
1324 3365 1355 3403 *.

350 3416 424 3451 SED
453 3427 596 3452 CONTRA
626 3429 692 3453 EST
711 3419 814 3466 quod
846 3418 980 3455 dicitur
1005 3419 1144 3456 Tobiae
1171 3431 1205 3456 1v
1223 3418 1263 3456 *ε
1292 3419 1358 3456 At-

1388 611 1484 642 Quodl.
1504 611 1543 641 ΙΙΙ,
1564 620 1609 644 qu.
1628 620 1652 642 v,
1672 618 1718 637 art.
1740 620 1769 643 23
1789 613 1854 643 vm,
1874 622 1918 646 qu.
1939 622 1972 644 vi,
1991 621 2038 639 art.
2061 615 2083 640 5.

1403 688 1519 724 tuam,
1541 695 1616 719 non
1638 681 1653 712 β
1675 684 1838 732 patiaris
1856 686 1999 723 crimen
2020 687 2127 724 scire.
2159 688 2315 725 Crimen
2345 697 2474 727 autem

1403 736 1583 784 importat
1611 745 1810 785 peccatum
1842 740 2014 777 mortale.
2051 741 2153 789 Ergo
2189 742 2408 790 fornicatio,
2440 751 2475 780 et

1404 789 1528 826 omnis
1566 790 1792 827 concubitus
1830 792 1895 840 qui
1933 800 1990 830 est
2021 801 2171 841 praeter
2208 808 2390 842 uxorem,
2421 806 2476 834 est

1402 850 1603 891 peccatum
1631 845 1804 881 mortale.

1458 908 1493 932 2.
1524 897 1764 943 PRAETEREA,
1795 897 1886 934 nihil
1916 899 2079 936 excludit
2106 912 2128 936 a
2157 913 2274 949 regno
2304 903 2374 940 Dei
2406 903 2476 940 nisi

1402 957 1603 998 peccatum
1623 952 1794 987 mortale.
1826 951 2043 989 Fornicatio
2064 961 2191 990 autem
2223 955 2405 993 excludit:
2435 965 2477 994 ut

1402 1011 1506 1052 patet
1537 1016 1606 1052 per
1633 1005 1878 1053 Apostolum,
1911 1005 2034 1043 Galat.
2055 1018 2079 1043 v
2097 1005 2129 1054 ³⁸,
2159 1007 2237 1054 ubi,
2266 1009 2477 1057 praemissa

1403 1056 1677 1104 fornicatione,
1713 1066 1749 1095 et
1788 1059 2020 1106 quibusdam
2057 1060 2137 1097 aliis
2173 1061 2290 1109 vitiis,
2329 1063 2475 1101 subdit:

1409 1111 1484 1152 Qui
1509 1111 1599 1148 talia
1628 1118 1760 1161 agunt,
1791 1124 1955 1162 regnum
1984 1114 2060 1150 Dei
2086 1126 2161 1150 non
2184 1116 2432 1162 possidebunt
2447 1121 2475 1154 Υ.

1405 1165 1507 1212 Ergo
1529 1164 1727 1201 fornicatio
1758 1165 1918 1214 simplex
1939 1174 1995 1203 est
2023 1175 2224 1215 peccatum
2250 1171 2422 1207 mortale.
2476 1186 2477 1189 ¹

1460 1219 1495 1255 3.
1526 1219 1760 1265 PRAETEREA,
1778 1218 1816 1255 in
1836 1220 2007 1257 Decretis
2033 1221 2167 1258 dicitur
2177 1219 2202 1268 δ,
2224 1222 2330 1259 XXII
2349 1223 2476 1270 Caus.,

1405 1284 1468 1320 qu.
1491 1284 1499 1308 1
1519 1271 1560 1308 *ε
1589 1272 1715 1309 Nosse
1733 1272 1866 1309 debent
1891 1273 2002 1311 talem
2027 1275 2072 1311 de
2090 1275 2262 1324 periurio
2284 1277 2479 1325 poeniten-

1376 1330 1378 1380 J
1405 1326 1496 1362 tiam
1525 1325 1670 1374 imponi
1687 1326 1821 1363 dehere
1849 1327 1999 1375 qualem
2023 1329 2070 1365 de
2092 1329 2277 1367 adulterio
2306 1336 2341 1367 et
2346 1331 2478 1378 forni—

1405 1379 1564 1424 catione,
1593 1385 1628 1415 et
1654 1379 1700 1416 de
1727 1380 1927 1418 homicidio
1964 1388 2095 1430 sponte
2122 1384 2342 1429 commisso,
2371 1390 2407 1421 et
2433 1384 2480 1421 de

1405 1433 1535 1469 ceteris
1554 1433 1812 1470 criminalibus
1829 1434 1937 1471 vitiis.
1969 1435 2072 1483 Ergo
2093 1435 2289 1474 fornicatio
2318 1437 2479 1486 simplex

1407 1494 1462 1523 est
1489 1494 1690 1535 peccatum
1721 1486 1928 1534 criminale,
1958 1487 2039 1525 sive
2069 1490 2240 1527 mortale.

1461 1541 1687 1577 RESPONDEO
1707 1552 1893 1578 mmmmm
1913 1542 2019 1589 quod
2048 1543 2193 1592 absque
2223 1544 2330 1581 omni
2360 1544 2478 1585 dubio

1406 1593 1616 1630 tenendum
1647 1601 1701 1630 est
1729 1595 1833 1642 quod
1861 1595 2059 1632 fornicatio
2089 1596 2248 1646 simplex
2271 1597 2317 1635 sit
2344 1610 2479 1646 pecca-

1406 1655 1487 1684 tum
1518 1648 1697 1684 mortale:
1728 1660 1807 1684 non
1836 1649 2010 1686 obstante
2039 1650 2144 1697 quod
2168 1651 2279 1688 Deut.
2300 1663 2397 1697 xxm,
2418 1663 2480 1689 su-

1406 1713 1475 1750 per
1498 1700 1600 1747 illud,
1621 1700 1713 1737 Non
1733 1702 1806 1737 erit
1823 1703 2004 1739 meretrix
2024 1710 2092 1740 etc.
2109 1703 2140 1750 ²⁸,
2159 1703 2247 1741 dicit
2271 1704 2478 1742 Glossa*⁸⁸:

1406 1754 1469 1790 Ad
1491 1766 1555 1790 eas
1568 1755 1745 1802 prohibet
1761 1756 1941 1792 accedere
1959 1767 2122 1804 quarum
2143 1763 2198 1794 est
2218 1758 2375 1795 venialis
2403 1763 2480 1795 tur-

1401 1807 1544 1855 pitudo.
1576 1807 1667 1843 Non
1697 1807 1801 1844 enim
1832 1808 1946 1846 debet
1975 1809 2048 1846 dici
2075 1810 2245 1857 venialis,
2270 1811 2338 1848 sed
2366 1823 2480 1850 vena—

1406 1861 1462 1906 lis,
1492 1860 1599 1908 quod
1629 1868 1685 1897 est
1712 1861 1912 1909 proprium
1943 1862 2201 1901 meretricum.
2365 1904 2368 1906 ,

1460 1914 1521 1949 Ad
1554 1913 1667 1950 huius
1705 1921 1834 1951 autem
1870 1914 2124 1963 evidentiam,
2155 1917 2479 1956 considerandum

1407 1974 1463 2003 est
1491 1966 1598 2014 quod
1626 1975 1828 2015 peccatum
1858 1969 2019 2004 mortale
2050 1977 2105 2006 est
2132 1981 2250 2007 omne
2278 1978 2479 2019 peccatum

1407 2020 1512 2068 quod
1542 2019 1791 2057 committitur
1820 2020 1960 2058 directe
1991 2029 2121 2059 contra
2148 2022 2269 2060 vitam
2298 2023 2480 2062 hominis.

1408 2073 1625 2110 Fornicatio
1655 2081 1784 2111 autern
1823 2074 1982 2123 simplex
2017 2075 2199 2125 importat
2235 2076 2482 2117 inordinatio-

1408 2139 1496 2164 nem
1527 2139 1627 2175 quae
1655 2128 1778 2175 vergit
1805 2127 1843 2165 in
1873 2137 2151 2167 nocumentum
2179 2129 2281 2168 vitae
2310 2131 2390 2169 eius
2418 2132 2483 2182 qui

1407 2189 1464 2219 est
1493 2193 1539 2218 ex
1566 2181 1630 2219 tali
1667 2181 1873 2219 concubitu
1910 2182 2134 2220 nasciturus.
2164 2184 2351 2222 Videmus
2380 2185 2482 2224 enim

1407 2235 1445 2272 in
1473 2234 1654 2271 omnibus
1677 2235 1905 2272 animalibus
1926 2235 1963 2273 in
1983 2237 2122 2285 quibus
2141 2237 2190 2275 ad
2212 2239 2480 2278 educationem

1407 2288 1523 2337 prolis
1552 2288 1754 2338 requiritur
1782 2301 1869 2326 cura
1901 2289 2016 2327 maris
2044 2298 2079 2327 et
2107 2291 2283 2338 feminae,
2308 2292 2414 2341 quod
2443 2292 2482 2332 in

1408 2342 1461 2379 eis
1477 2355 1556 2380 non
1578 2350 1633 2380 est
1646 2355 1768 2391 vagus
1789 2343 2025 2390 concubitus,
2043 2345 2109 2381 sed
2132 2344 2248 2383 maris
2268 2345 2317 2383 ad
2338 2354 2482 2385 certam

1407 2395 1603 2443 feminam,
1634 2408 1750 2433 unam
1781 2397 1843 2434 vel
1872 2397 2021 2446 plures:
2052 2397 2148 2435 sicut
2175 2406 2278 2447 patet
2296 2398 2334 2436 in
2359 2400 2484 2438 omni-

1409 2451 1480 2487 bus
1516 2450 1664 2487 avibus.
1702 2451 1822 2488 Secus
1859 2458 1988 2488 autern
2027 2459 2083 2488 est
2110 2451 2148 2488 in
2177 2451 2406 2490 animalibus
2443 2453 2482 2491 in

1408 2503 1547 2553 quibus
1576 2505 1657 2540 sola
1677 2504 1819 2542 femina
1840 2504 1978 2542 sufficit
1997 2505 2046 2542 ad
2075 2505 2342 2543 educationem
2372 2506 2481 2555 fetus,

1409 2558 1446 2595 in
1475 2557 1614 2607 quibus
1644 2565 1700 2594 est
1727 2569 1848 2606 vagus
1878 2558 2124 2596 concubitus:
2154 2566 2195 2595 ut
2221 2566 2326 2608 patet
2354 2559 2392 2597 in
2421 2572 2482 2597 ca-

1409 2611 1521 2649 nibus
1551 2619 1587 2648 et
1616 2611 1695 2648 aliis
1714 2611 1936 2649 huiusmodi
1963 2612 2204 2650 animalibus.
2235 2612 2481 2652 Manifestum

1410 2674 1465 2703 est
1498 2673 1626 2703 autern
1666 2665 1770 2714 quod
1808 2666 1856 2703 ad
1891 2666 2160 2704 educationem
2197 2666 2365 2704 hominis
2402 2679 2480 2704 non

1409 2721 1535 2757 solum
1567 2719 1770 2768 requiritur
1803 2732 1893 2756 cura
1931 2720 2079 2766 matris,
2109 2732 2131 2757 a
2160 2731 2236 2768 qua
2273 2720 2434 2758 nutritur
2455 2725 2480 2767 ⁸,

1410 2774 1477 2811 sed
1507 2774 1628 2810 multo
1649 2773 1770 2821 magis
1801 2785 1891 2810 cura
1919 2773 2046 2823 patris,
2069 2786 2090 2810 a
2119 2785 2196 2823 quo
2217 2780 2274 2810 est
2296 2773 2481 2811 instruen-

1411 2828 1481 2865 dus
1511 2835 1547 2864 et
1576 2827 1850 2874 defendendus,
1873 2834 1908 2863 et
1937 2827 1975 2864 in
1996 2827 2106 2864 bonis
2134 2834 2212 2864 tam
2241 2826 2483 2865 interioribus

1410 2894 1527 2932 quam
1558 2881 1805 2918 exterioribus
1833 2880 2138 2930 promovendus.
2169 2880 2218 2918 Et
2237 2880 2323 2918 ideo
2351 2888 2484 2919 contra

1410 2943 1586 2973 naturam
1606 2934 1775 2972 hominis
1796 2942 1851 2972 est
1870 2934 1975 2983 quod
1995 2942 2121 2972 utatur
2139 2946 2240 2982 vago
2263 2934 2481 2981 concubitu,

1411 2989 1478 3027 sed
1508 2996 1659 3038 oportet
1688 2989 1792 3037 quod
1817 2988 1863 3025 sit
1891 2988 2007 3025 maris
2036 2988 2084 3025 ad
2109 2987 2400 3025 determinatam
2431 2988 2482 3024 fe-

1411 3043 1570 3089 minam,
1601 3054 1689 3079 curn
1719 3054 1795 3091 qua
1823 3049 2058 3090 permaneat,
2080 3053 2158 3078 non
2186 3053 2256 3090 per
2284 3041 2481 3078 modicum

1411 3105 1574 3147 tempus,
1605 3096 1672 3133 sed
1703 3095 1779 3144 diu,
1800 3095 1863 3132 vel
1893 3093 2005 3132 etiam
2025 3106 2095 3144 per
2123 3101 2242 3131 totam
2271 3093 2403 3132 vitam.
2435 3094 2484 3132 Et

1412 3151 1499 3188 inde
1529 3158 1585 3187 est
1614 3149 1720 3198 quod
1750 3148 1970 3186 naturaliter
1997 3155 2053 3186 est
2081 3147 2252 3186 maribus
2289 3147 2327 3185 in
2355 3147 2483 3197 specie

1411 3205 1581 3242 humana
1610 3202 1822 3241 sollicitudo
1853 3202 1900 3240 de
1920 3200 2142 3239 certitudine
2170 3201 2299 3250 prolis,
2321 3201 2409 3250 quia
2429 3201 2484 3239 eis

1412 3257 1586 3295 imminet
1616 3256 1792 3294 educatio
1824 3255 1951 3304 prolis.
1987 3255 2095 3292 Haec
2130 3263 2258 3292 autem
2297 3254 2482 3292 certitudo

1411 3306 1603 3348 tolleretur
1623 3310 1653 3347 si
1673 3317 1771 3347 esset
1785 3320 1906 3357 vagus
1927 3307 2163 3345 concubitus.
2184 3329 2209 3336 -
2225 3309 2332 3345 Haec
2353 3316 2482 3346 autem

1413 3363 1678 3403 determinatio
1708 3369 1831 3400 certae
1860 3361 2023 3399 feminae
2052 3362 2337 3399 matrimonium
2365 3373 2483 3399 voca-

1412 3427 1483 3456 tur.
1516 3418 1564 3455 Et
1593 3417 1680 3454 ideo
1711 3415 1845 3454 dicitur
1873 3427 1955 3452 esse
1986 3414 2032 3453 de
2053 3415 2134 3452 iure
2163 3415 2323 3453 naturali
2342 3414 2373 3452 ²¹¹.
2405 3414 2484 3453 Sed

297 3468 402 3504 tende
427 3469 492 3504 tibi
509 3470 556 3506 ab
576 3470 680 3506 omni
683 3471 955 3518 fornicatione,
977 3478 1012 3534 eg
1025 3478 1178 3520 praeter
1197 3485 1357 3510 uxorem
1413 3472 1501 3522 quia
1531 3469 1756 3508 concubitus
1790 3468 1986 3506 ordinatur
2014 3469 2064 3506 ad
2093 3469 2239 3506 bonum
2274 3480 2483 3506 commune

351 3582 378 3614 α)
399 3585 464 3607 et.·-
481 3582 542 3606 Om.
562 3583 701 3607 ABCEFL.

352 3615 376 3649 β)
397 3624 458 3642 ηοη.
470 3631 489 3636 -
508 3625 640 3650 nunquam
662 3618 690 3643 Ρ.

351 3654 376 3685 γ)
394 3653 574 3684 possidebunt.
589 3668 604 3672 —
623 3658 813 3686 consequentur
835 3656 861 3681 Ρ.

1467 3585 1492 3619 δ)
1512 3586 1621 3612 dicitur.
1632 3598 1654 3606 -
1671 3585 1733 3610 Om.
1753 3584 1792 3609 Ea
1798 3592 1807 3614 ‚·
1825 3584 1910 3610 Nosse
1929 3591 1982 3609 om.
2003 3584 2105 3609 codices
2118 3589 2143 3609 et
2156 3591 2187 3614 a,-
2205 3591 2253 3618 pro
2273 3584 2376 3611 debent.
2391 3582 2484 3608 dicunt

1415 3623 1462 3652 Ka,
1483 3622 1533 3647 dm
1552 3621 1662 3650 BFHIL.
1682 3621 1759 3646 debet
1776 3620 1875 3651 (talis)
1894 3620 1925 3649 D.
1944 3619 2061 3652 capitulo
2082 3620 2130 3645 dut
2149 3627 2229 3653 super
2246 3627 2299 3646 ras.
2319 3619 2349 3644 C.

1467 3658 1489 3689 ε)
1510 3657 1640 3682 nutritur.
1653 3671 1670 3675 —
1689 3656 1807 3681 Iactatur
1825 3655 1949 3686 ACEHL,
1969 3657 2087 3681 lactatur·
2106 3659 2132 3681 et
2151 3655 2273 3681 nutritur
2292 3655 2323 3680 D.

2506 1022 2514 1030 ¹
2531 1020 2597 1043 Vers.
2616 1026 2639 1049 ¹9
2654 1026 2706 1050 sqq.

2608 1122 2626 1150 't

2505 1286 2721 1337 2032me

2508 1712 2518 1722 ⁴
2532 1710 2599 1733 ven.
2638 1726 2644 1732 .

2507 1738 2528 1749 ⁸·
2543 1736 2599 1759 ord.

2510 3419 2569 3468 2..0¹
2587 3419 2723 3469 ὲκ
