2768 4198
63 400 74 410 ¹*
88 398 158 420 Ionae
172 403 223 426 cap.
239 403 276 424 iv,

63 431 124 447 vers.
139 430 159 447 α.

939 269 1209 316 QUAESTIO
1239 269 1451 318 CLXXIII,
1481 269 1779 307 ARTICULUS
1810 269 1861 306 IV
2414 270 2484 316 391
2520 282 2525 284 “

303 352 478 393 prophetae
500 361 541 382 an
563 351 643 382 illud
666 350 812 382 futurum
836 348 958 379 eveniet
973 348 1024 378 vel
1040 358 1117 378 non.
1141 348 1184 379 Et
1206 355 1372 389 propterea
1397 348 1400 392 1
1424 348 1594 389 prophetat
1617 349 1795 379 secundum
1817 348 1850 378 id
1873 347 1963 389 quod
1979 354 2025 378 est
2047 346 2106 377 sibi
2121 346 2310 377 revelatum:
2335 353 2375 383 et,
2399 354 2435 377 ut
2458 346 2491 377 in

305 397 398 428 Ionas
415 396 579 427 recusabat
594 394 784 435 prophetare
798 392 946 424 Ninivitis
961 392 988 429 *,
1006 392 1153 423 dubitans
1170 393 1208 423 de
1225 403 1263 423 eo
1283 393 1373 434 quod
1398 403 1400 441 Ι
1425 392 1526 423 littera
1549 392 1671 433 optime
1695 392 1858 429 subditur,
1883 387 2039 432 propheta
2067 391 2147 422 circa
2177 390 2312 422 revelata
2335 390 2394 421 sibi
2425 400 2492 421 non

304 440 417 477 evenit,
434 440 552 471 scilicet
566 439 656 480 quod
673 444 754 469 esset
777 437 945 478 prophetia
961 436 1219 467 comminationis
1236 444 1371 468 tantum.
1398 443 1400 451 ¹
1425 436 1589 477 cognoscit
1616 436 1726 467 omnia
1755 447 1837 478 quae
1861 436 1996 476 Spiritus
2019 435 2153 466 Sanctus
2176 434 2311 466 intendit
2340 444 2396 475 per
2419 435 2490 471 illa,

304 485 428 516 Sciebat
443 484 530 515 enim
546 483 627 514 clare
642 482 732 523 quod
748 488 814 512 erat
828 480 996 522 prophetia
1013 481 1280 517 comminationis,
1298 481 1373 522 quia
1426 481 1481 512 sed
1504 480 1619 512 sufficit
1641 481 1730 522 quod
1752 481 1858 512 videat
1879 480 1968 512 illam
1990 479 2209 511 conditionem
2232 489 2331 520 quam
2354 479 2492 519 prophe-

303 529 424 559 viderat
451 527 593 558 futuram
620 525 876 557 submersionem
899 525 1030 557 civitatis
1052 525 1087 556 in
1110 525 1227 562 causis,
1253 532 1283 556 et
1306 535 1372 556 non
1425 531 1489 556 tare
1512 525 1649 556 iubetur.
1679 525 1746 556 Nec
1769 531 1896 566 oportet
1919 525 2008 566 quod
2032 523 2280 564 comprehendat
2302 523 2406 554 illam:
2438 523 2493 553 sed

302 572 423 603 viderat
441 571 545 602 aliter:
569 571 624 602 sed
640 570 799 601 nesciebat
814 580 854 600 an
871 576 952 601 esset
970 576 1096 600 tantum
1114 569 1372 601 comminationis
1426 569 1745 610 comprehensionem
1769 569 1853 600 illius
1877 568 2008 610 Spiritui
2035 568 2150 599 Sancto
2180 567 2339 609 relinquit,
2365 573 2493 608 propter

303 622 334 647 et
350 626 416 646 non
433 622 574 652 eventus,
599 614 676 655 quia
698 614 779 645 nihil
802 621 867 645 erat
889 614 948 645 sibi
972 614 1011 645 de
1033 614 1096 645 hoc
1111 614 1296 645 revelatum.
1321 614 1372 644 Ad
1426 614 1582 644 rationem
1605 613 1742 650 litterae,
1766 613 1884 644 scilicet
1907 613 1983 655 quia
2006 619 2053 644 est
2074 612 2325 644 instrumentum
2344 610 2492 642 deficiens

302 669 414 691 verum
433 659 519 690 enim
540 659 732 700 prophetam
748 658 863 690 sufficit
885 668 1077 699 cognoscere
1101 658 1260 689 evidenter
1283 658 1373 699 quod
1427 668 1445 688 a
1469 658 1588 698 Spiritu
1611 658 1738 689 Sancto.
