2768 4198
94 1082 104 1094 ⁸
135 1088 158 1104 u.
167 1087 198 1107 tv.
209 1082 304 1104 notand.

159 1108 262 1131 conclus.

973 278 1241 324 QUAESTIO
1272 278 1480 323 CXLVIII,
1511 278 1809 315 ARTICULUS
1840 277 1890 313 IV

332 365 459 395 actum
479 355 493 379 δ
522 357 641 405 gulae.
672 356 870 393 Diluvium
901 363 1028 392 autem
1059 364 1094 392 et
1121 369 1247 404 poena
1277 357 1399 393 Sodo-

332 423 486 448 morum
526 417 613 447 sunt
649 409 802 446 inducta
839 418 994 457 propter
1034 418 1190 458 peccata
1233 410 1400 446 luxuriae

331 462 607 513 praecedentia,
629 475 674 498 ex
702 463 788 510 gula
817 462 1071 499 occasionata.

385 519 444 554 An
467 527 658 554 SECUNDUM
682 527 867 552 DtCENDUM
897 516 1002 563 quod
1027 515 1120 552 ratio
1142 515 1201 552 illa
1231 516 1402 564 procedit

333 582 378 607 ex
397 578 502 618 parte
522 577 768 618 peccatorum
798 580 895 617 quae
917 581 961 605 ex
990 570 1076 616 gula
1096 569 1279 606 oriuntur.
1310 570 1401 606 Non

332 631 460 660 autem
482 630 632 671 oportet
651 622 757 671 quod
777 634 892 659 causa
913 622 958 659 sit
973 622 1108 670 potior,
1130 622 1199 659 nisi
1220 623 1255 659 in
1277 622 1400 659 causis

333 689 401 726 per
420 689 472 713 se.
490 675 589 713 Gula
609 683 737 712 autem
754 688 832 712 non
849 684 904 712 est
925 687 1039 712 causa
1055 676 1203 712 illorum
1219 675 1399 712 vitiorum

332 741 402 778 per
420 741 478 776 se,
500 729 568 766 sed
588 728 695 777 quasi
716 741 784 778 per
804 729 980 766 accidens
1000 737 1035 765 et
1054 741 1122 778 per
1142 729 1397 766 occasionem.

2450 290 2514 325 ¹71

1508 359 1567 393 AD
1604 368 1766 393 Triarium
1802 367 1987 393 mesanum
2026 356 2132 404 quod
2165 357 2320 403 gulosus
2357 368 2434 392 non
2470 356 2524 392 in-

1455 410 1573 447 tendit
1602 422 1671 446 suo
1710 409 1861 458 corpori
1889 417 2169 446 nocumentum
2207 408 2364 455 inferre,
2391 410 2456 446 sed
2486 409 2523 445 in

1457 463 1540 499 cibo
1580 463 1778 500 delectari:
1809 463 1839 499 si
1877 471 2004 499 autem
2042 470 2319 499 nocumentum
2355 462 2523 510 corporis

1456 524 1648 564 sequatur,
1682 517 1757 553 hoc
1786 524 1841 553 est
1874 529 1942 565 per
1970 515 2159 553 accidens.
2193 515 2304 552 Unde
2342 516 2417 551 hoc
2446 528 2523 552 non

1456 569 1595 606 directe
1624 569 1786 618 pertinet
1823 569 1872 606 ad
1900 569 2123 617 gravitatem
2161 569 2282 616 gulae.
2323 568 2443 605 Cuius
2471 577 2523 605 ta-

1456 634 1546 659 men
1585 624 1695 670 culpa
1737 627 1963 671 aggravatur
2000 624 2029 659 si
2064 622 2149 671 quis
2178 623 2376 670 corporale
2414 622 2526 658 detri-

1456 683 1629 712 mentum
1651 676 1815 712 incurrat
1834 684 1991 724 propter
2009 676 2304 713 immoderatam
2325 675 2397 712 cibi
2423 687 2526 711 sum-

1455 736 1638 777 ptionem.

388 858 412 891 δ)
433 859 470 884 ad
492 862 591 884 actum.
605 873 623 878 —
641 859 718 884 Adae
742 862 831 884 actum
852 859 908 888 ΒΗ,
927 860 1004 884 Adae
1022 860 1059 884 ad
1077 863 1166 885 actum
1188 860 1216 890 E,
1235 860 1312 885 Adae
1330 863 1406 885 actus
1425 859 1473 892 pC,
1491 860 1579 885 Adam
1599 861 1636 885 ad
1654 864 1742 885 actum
1763 860 1781 890 1,
1799 860 1887 885 Adam
1908 860 1934 884 in
1954 863 2043 885 actum
2063 861 2093 884 Α.

1015 945 1348 978 Commentaria
1370 944 1623 977 cardinalis
1644 945 1848 978 Caietam

364 1040 384 1060 n
404 1029 537 1060 articulo
557 1029 649 1060 tertio
666 1029 809 1059 eiusdem
829 1029 1026 1070 quaestionis
1046 1029 1181 1059 dubium
1198 1039 1235 1059 ex
1250 1028 1399 1064 Martino‚

338 1042 397 1104 lin
422 1073 607 1115 quaestione
632 1073 670 1104 de
694 1073 777 1104 Gula
792 1073 819 1109 *,
843 1074 902 1103 sub
924 1073 986 1103 hoc
1002 1073 1117 1103 eodem
1132 1072 1236 1109 titulo,
1254 1072 1400 1102 occurrit.

333 1119 416 1150 Nam
442 1125 550 1149 contra
573 1118 651 1154 hoc,
677 1118 808 1148 scilicet:
839 1117 992 1148 Gravitas
1009 1122 1217 1157 peccatorum
1237 1117 1402 1156 principa-

334 1164 409 1194 liter
425 1162 603 1194 attenditur
625 1162 801 1193 secundum
826 1162 996 1192 materiam
1012 1162 1045 1191 in
1061 1170 1124 1201 qua
1144 1165 1312 1200 peccatur,
1330 1167 1400 1196 etc„

334 1207 446 1248 arguit,
465 1208 585 1247 primo,
610 1207 686 1247 quia
710 1206 734 1236 si
759 1206 813 1241 sic,
837 1205 965 1236 nullum
988 1212 1155 1245 peccatum
1178 1204 1237 1234 nisi
1261 1204 1340 1234 circa
1355 1213 1403 1234 res

334 1251 456 1283 divinas
479 1258 561 1282 esset
584 1251 771 1281 maximum.
795 1267 817 1273 —
840 1249 998 1286 Secundo,
1024 1248 1099 1289 quia
1115 1255 1196 1278 esset
1219 1248 1404 1288 simpliciter

334 1296 472 1337 denti-ius
482 1302 518 1326 et
533 1295 659 1335 gravius
675 1305 741 1325 non
757 1294 860 1325 colere
875 1294 982 1324 Deum
1002 1293 1035 1323 in
1056 1292 1106 1323 die
1123 1292 1287 1323 dominico
1304 1302 1403 1333 quam

302 1335 547 1372 “Homicidium
570 1346 625 1370 aut
648 1338 851 1369 adulterium.

106 3113 116 3124 '⁴
130 3112 186 3144 Cap.
201 3118 272 3138 avrti,
287 3112 317 3134 al.

105 3142 237 3188 rarat·
245 3144 319 3193 ¹¹&ss:

163 3191 248 3220 modis,
263 3191 318 3213 dist.

131 3218 173 3246 ,de
180 3218 318 3241 Cmecrat.

391 1384 441 1415 Ad
465 1383 606 1424 primurn
628 1383 746 1414 horum
769 1382 883 1413 dicitur
905 1382 1005 1423 quod,
1028 1380 1104 1422 quia
1128 1380 1304 1410 maximum
1331 1380 1406 1410 dici-

333 1436 385 1460 tur
408 1427 586 1469 dupliciter,
602 1427 720 1458 scilicet
743 1426 927 1467 simpliciter
949 1426 999 1456 vel
1022 1425 1054 1455 in
1078 1434 1202 1465 genere,
1221 1424 1406 1455 conceditur

335 1473 425 1515 quod
449 1473 557 1503 solum
579 1479 747 1512 peccatum
761 1471 795 1501 in
819 1470 924 1501 divina
941 1477 988 1501 est
1004 1469 1181 1499 maximum
1205 1468 1404 1510 simpliciter:

335 1517 466 1558 aliquod
496 1523 604 1547 autem
627 1516 714 1546 aliud
737 1522 842 1556 potest
864 1514 926 1545 dici
955 1514 1132 1544 maximum
1155 1513 1188 1544 in
1212 1522 1345 1553 genere;
1371 1520 1407 1544 ut

334 1561 449 1592 vitium
477 1568 587 1591 contra
615 1566 760 1590 naturam
784 1559 817 1589 in
841 1568 953 1599 genere
982 1557 1124 1589 luxuriae
1148 1564 1194 1588 est
1218 1557 1405 1588 maximum.

391 1606 442 1636 Ad
465 1604 643 1635 secundum
664 1614 740 1634 vero
770 1603 885 1634 dicitur
912 1603 1016 1644 quod,
1041 1603 1117 1643 quia
1145 1609 1272 1643 peccata
1297 1609 1406 1633 contra

335 1655 501 1691 praecepta
524 1648 645 1689 primae
669 1648 794 1679 tabulae
818 1655 892 1678 sunt
908 1657 945 1678 ex
960 1657 1020 1678 suo
1037 1657 1151 1687 genere
1167 1646 1310 1686 graviora
1333 1656 1406 1687 pec-

335 1694 411 1726 catis
435 1699 545 1725 contra
567 1693 741 1724 secundam
764 1692 916 1728 tabulam,
933 1691 1006 1722 ideo
1023 1691 1207 1722 conceditur
1229 1691 1319 1732 quod
1342 1690 1407 1721 vio-

334 1738 412 1770 latio
427 1738 532 1770 cultus
549 1737 647 1768 divini
663 1744 710 1768 est
725 1737 851 1777 gravius
867 1736 1052 1777 simpliciter
1067 1746 1166 1777 quam
1182 1735 1405 1771 homicidium,

336 1782 483 1825 quamvis
512 1782 574 1812 hoc
603 1781 643 1812 sit
674 1781 773 1821 magis
802 1781 970 1812 nocivum:
1002 1780 1083 1811 sicut
1110 1780 1204 1812 etiam
1230 1779 1407 1820 periurium

335 1827 485 1859 iocosum
509 1833 556 1858 est
578 1826 704 1866 gravius
728 1825 914 1856 homicidio.

393 1871 430 1903 11.
449 1872 483 1902 ln
500 1871 615 1904 eodem
631 1870 763 1901 articulo
780 1869 884 1906 tertio,
900 1876 976 1900 nota
991 1868 1080 1910 quod
1096 1868 1183 1899 aliud
1199 1875 1246 1899 est
1260 1868 1350 1908 loqui
1367 1868 1406 1898 de

336 1923 496 1957 peccante,
521 1922 552 1946 et
574 1915 672 1951 aliud,
687 1914 741 1945 tali
758 1920 918 1954 peccante,
934 1920 969 1944 ut
988 1919 1084 1953 patet.
1109 1913 1149 1943 Et
1172 1912 1261 1953 quod
1284 1914 1407 1943 Auctor

337 1960 413 1992 dicit
441 1961 532 2001 quod
559 1965 726 2000 peccatum
752 1958 846 1998 gulae
871 1967 908 1988 ex
932 1965 1019 1998 parte
1042 1956 1202 2001 peccantis
1225 1956 1405 1987 alleviatur:

338 2011 369 2036 et
391 2014 457 2035 non
482 2004 556 2036 dicit
578 2003 668 2044 quod
691 2013 728 2033 ex
744 2009 832 2042 parte
851 2001 922 2032 talis
944 2001 995 2032 vel
1018 2001 1088 2032 talis
1107 2000 1266 2041 peccantis
1281 2001 1407 2032 allevia-

337 2055 399 2079 tur.
431 2049 524 2080 Unde
553 2047 667 2088 probat
695 2046 784 2088 quod
812 2045 887 2077 dicit
911 2055 947 2076 ex
971 2045 1197 2076 communibus
1221 2045 1310 2075 omni
1335 2055 1406 2085 pec-

338 2092 421 2124 canti
444 2092 476 2123 in
499 2092 590 2133 gula:
615 2091 731 2122 scilicet
747 2100 786 2121 ex
801 2090 983 2122 necessitate
998 2089 1058 2120 cibi
1082 2096 1112 2120 et
1136 2089 1319 2120 difficultate
1343 2089 1407 2119 dis-

339 2137 496 2168 cernendi.
527 2137 568 2168 Et
595 2146 631 2166 ex
659 2136 721 2166 hoc
751 2135 848 2166 habes
876 2135 961 2165 unde
985 2134 1089 2164 solvas
1112 2134 1236 2164 obiecta
1259 2143 1296 2164 ex
1319 2140 1407 2174 parte

337 2181 409 2212 talis
430 2181 481 2212 vel
509 2181 580 2212 talis
610 2179 768 2221 peccantis
797 2179 831 2210 in
860 2179 936 2219 gula
961 2178 995 2208 in
1019 2188 1112 2215 casu,
1130 2185 1205 2209 etc.:
1230 2187 1297 2208 non
1321 2178 1408 2208 enim

338 2233 414 2257 sunt
437 2232 547 2256 contra
575 2230 773 2265 praesentem
797 2223 975 2254 doctrinam
1005 2222 1178 2253 formaliter
1201 2221 1406 2253 intellectam.

394 2269 447 2300 111.
471 2269 507 2300 In
530 2269 645 2300 eodem
661 2267 793 2299 articulo
816 2267 908 2298 tertio
925 2266 1068 2297 eiusdem
1085 2266 1408 2307 centesimaequadra-

337 2313 607 2355 gesimoeoctavae
629 2311 835 2354 quaestionis,
859 2311 892 2342 in
911 2311 1120 2351 responsione
1135 2311 1176 2341 ad
1191 2310 1330 2347 tertium,
1349 2311 1408 2341 du-

338 2357 429 2389 bium
458 2357 594 2389 occurrit
623 2357 705 2388 circa
733 2356 795 2386 hoc
825 2355 916 2397 quod
945 2361 1180 2386 nocumentum
1204 2354 1347 2395 corporis
1371 2365 1408 2385 ex

337 2402 412 2443 gula
435 2411 490 2442 per
506 2401 649 2432 accidens
673 2410 706 2431 se
729 2400 824 2431 habet
846 2400 887 2431 ad
909 2400 1029 2440 gulam,
1053 2406 1085 2430 et
1108 2409 1175 2430 non
1197 2399 1313 2430 directe
1337 2409 1407 2439 per-

337 2445 416 2478 tinet
438 2446 479 2476 ad
500 2445 594 2487 gulae
616 2445 811 2485 gravitatem.
835 2444 877 2476 Et
896 2451 942 2475 est
965 2444 1044 2474 ratio
1062 2443 1151 2474 dubii
1166 2443 1242 2485 quia
1259 2443 1409 2484 opposita

338 2489 576 2522 conditionibus
600 2489 757 2530 requisitis
780 2489 820 2520 ad
842 2489 994 2519 virtutem
1017 2488 1172 2529 aliquam,
1197 2495 1340 2528 spectant
1364 2487 1408 2518 di-

338 2541 420 2566 recte
443 2535 483 2565 ad
505 2533 619 2566 vitium
643 2533 831 2574 oppositum
846 2533 892 2564 illi
908 2532 1026 2564 virtuti.
1051 2532 1112 2563 Sed
1137 2532 1408 2563 commensuratio

1457 1028 1517 1059 cibi
1540 1028 1584 1059 ad
1606 1029 1776 1059 sanitatem
1800 1033 1831 1058 et
1854 1028 1968 1058 bonam
1993 1029 2209 1059 habitudinem
2239 1036 2358 1069 spectat
2380 1029 2420 1059 ad
2447 1037 2526 1060 tem-

1457 1072 1648 1112 perantiam:
1674 1079 1709 1102 ut
1725 1078 1810 1111 patet
1825 1072 1858 1101 in
1879 1072 1918 1101 111
1936 1072 2038 1103 Ethic.
2054 1073 2081 1108 *,
2107 1079 2137 1103 et
2153 1083 2247 1112 supra
2263 1073 2297 1092 **
2318 1073 2418 1104 dictis.
2442 1073 2527 1113 Ergo

1456 1115 1762 1146 incommensuratio
1791 1115 1852 1146 cibi
1880 1116 1920 1146 ad
1948 1116 2114 1146 sanitatem
2144 1127 2181 1147 ex
2203 1117 2295 1156 gulae
2320 1118 2528 1148 delectatione

1457 1167 1578 1200 spectat
1601 1161 1641 1190 ad
1664 1160 1774 1200 gulam
1797 1169 1854 1199 per
1877 1170 1919 1196 se,
1945 1167 1975 1190 et
1999 1170 2064 1190 non
2089 1171 2144 1200 per
2167 1161 2320 1192 accidens.

1514 1204 1564 1234 Ad
1588 1204 1650 1234 hoc
1673 1204 1787 1235 dicitur
1810 1205 1909 1244 quod,
1926 1204 2001 1244 quia
2017 1205 2184 1235 necessitas
2199 1205 2357 1236 humanae
2374 1206 2464 1242 vitae,
2482 1216 2528 1236 sa-

1458 1248 1563 1279 nitatis
1587 1255 1618 1278 et
1642 1248 1837 1284 huiusmodi,
1863 1258 1929 1278 non
1953 1255 1999 1279 est
2022 1247 2094 1278 finis
2118 1249 2353 1289 temperantiae,
2370 1257 2405 1280 ut
2421 1250 2453 1280 in
2473 1261 2527 1290 qu.

1459 1292 1498 1322 de
1514 1292 1751 1333 Temperantia,
1767 1299 1823 1323 art.
1838 1293 1868 1328 6,
1887 1293 1926 1322 ad
1948 1303 1973 1328 1,
1989 1299 2085 1332 patet,
2103 1293 2157 1323 sed
2181 1303 2286 1323 rerum
2311 1293 2426 1334 quibus
2451 1301 2529 1324 tem-

1459 1336 1600 1376 perantia
1631 1336 1746 1373 utitur;
1779 1336 1852 1367 ideo
1884 1335 2079 1367 modificatio
2107 1337 2140 1367 in
2165 1337 2275 1367 ordine
2299 1338 2339 1367 ad
2363 1338 2529 1369 sanitatem

1460 1388 1491 1411 et
1514 1380 1678 1411 facultates
1709 1387 1739 1411 et
1769 1380 1955 1411 huiusmodi
1984 1391 2049 1411 non
2080 1391 2136 1421 per
2167 1392 2199 1412 se
2230 1389 2260 1412 et
2290 1382 2434 1422 proxime
2461 1392 2530 1422 spe-

1460 1432 1523 1456 ctat
1546 1425 1585 1455 ad
1609 1425 1862 1464 temperantiam,
1887 1426 1941 1455 sed
1965 1425 2178 1456 mediantibus
2202 1426 2270 1456 aliis
2293 1426 2462 1457 virtutibus
2481 1427 2531 1456 vel

1460 1469 1550 1510 quasi
1570 1469 1750 1500 virtutibus.
1774 1469 1836 1499 Pro
1856 1476 1977 1510 quanto
1995 1480 2134 1510 namque
2156 1470 2323 1501 liberalitas
2341 1477 2531 1511 sumptuum

1462 1513 1596 1544 deservit
1626 1513 1869 1554 temperantiae,
1901 1520 2094 1554 temperatus
2125 1515 2260 1544 modum
2290 1514 2323 1544 in
2354 1515 2463 1545 ordine
2492 1516 2531 1544 ad

1460 1557 1624 1589 facultates
1648 1564 1758 1588 servat.
1792 1558 1832 1588 Et
1857 1568 1914 1598 pro
1939 1565 2060 1599 quanto
2085 1558 2234 1589 naturalis
2258 1569 2349 1589 amor
2372 1559 2421 1590 sui
2445 1559 2529 1589 ordi-

1461 1609 1554 1633 natus
1578 1609 1768 1643 cooperatur
1791 1602 2028 1642 temperantiae,
2053 1610 2246 1642 temperatus
2262 1602 2424 1634 modificat
2444 1603 2530 1634 cibos

1460 1647 1494 1677 in
1516 1647 1627 1677 ordine
1651 1647 1691 1676 ad
1714 1646 1890 1677 sanitatem.
1927 1647 1993 1677 Nec
2022 1647 2108 1677 aliud
2132 1647 2267 1678 intendit
2290 1647 2474 1678 Aristoteles
2498 1648 2530 1677 in

1462 1691 1503 1722 111
1516 1691 1619 1722 Euhie.
1644 1691 1684 1722 Et
1707 1697 1874 1731 propterea
1891 1691 2005 1722 dicitur
2021 1692 2110 1732 quod
2127 1691 2313 1722 huiusmodi
2334 1692 2531 1722 conditiones

1462 1746 1519 1766 nec
1542 1735 1666 1766 virtutis
1689 1735 1894 1766 abstinentiae
1918 1745 1974 1776 per
1990 1745 2022 1766 se
2042 1743 2072 1766 et
2095 1736 2249 1776 proxime,
2274 1746 2332 1767 nec
2348 1746 2458 1767 earum
2475 1747 2531 1777 op-

1461 1780 1584 1820 positae
1607 1779 1674 1810 vitii
1703 1779 1796 1819 gulae
1823 1779 1867 1810 sic
1895 1787 1984 1810 sunt:
2017 1780 2173 1821 quoniam
2201 1780 2299 1811 virtus
2327 1780 2531 1811 abstinentiae

1461 1834 1517 1865 per
1540 1833 1574 1854 se
1597 1823 1740 1854 consistit
1762 1823 1795 1853 in
1810 1824 2029 1854 moderatione
2053 1824 2245 1855 delectabilis
2269 1824 2330 1855 cibi
2354 1825 2531 1855 secundum

1461 1868 1551 1909 quod
1574 1874 1711 1908 oportet,
1729 1875 1798 1904 etc„
1822 1868 1862 1898 ad
1886 1868 2010 1899 bonum
2033 1868 2181 1905 rationis;
2206 1876 2236 1900 et
2259 1869 2334 1908 gula
2357 1869 2389 1899 in
2413 1869 2530 1899 immo-

1462 1913 1567 1943 derata
1583 1912 1791 1943 delectatione
1807 1912 1961 1943 eiusdem.
1980 1913 2021 1943 Et
2039 1913 2138 1954 quod,
2155 1913 2181 1943 si
2201 1920 2330 1953 propter
2345 1913 2532 1944 huiusmodi

1462 1956 1704 1987 delectationem
1728 1956 1892 1987 facultates
1916 1957 2062 1994 excedat,
2086 1957 2279 1998 inquantum
2311 1957 2531 1998 prodigalitate

1462 2001 1571 2036 utitur,
1588 2000 1672 2031 facit.
1697 2001 1737 2031 Et
1756 2001 1855 2042 quod,
1872 2000 1898 2031 si
1914 2001 1972 2031 sibi
1988 2001 2048 2041 ipsi
2068 2008 2190 2038 noceat,
2207 2001 2366 2032 mediante
2380 2002 2533 2033 iniustitia

1462 2051 1571 2076 contra
1594 2045 1746 2085 seipsum,
1763 2045 1789 2075 si
1814 2045 1857 2075 sic
1880 2045 1971 2086 loqui
1990 2045 2072 2082 licet,
2088 2045 2170 2077 facit.
2203 2046 2244 2077 Et
2267 2046 2310 2076 sic
2334 2046 2373 2076 de
2397 2046 2475 2076 aliis.

1517 2089 1558 2120 Et
1581 2099 1638 2130 per
1660 2089 1738 2120 haec
1760 2096 1847 2129 patet
1870 2090 2035 2130 responsio
2059 2090 2099 2120 ad
2122 2090 2305 2127 Martinum,
2323 2090 2378 2121 ubi
2394 2100 2489 2131 supra
2504 2091 2531 2126 *,

1462 2140 1647 2173 arguentem
1671 2133 1751 2164 hanc
1775 2133 1924 2164 Auctoris
1948 2134 2200 2174 responsionem,
2225 2134 2301 2175 quia
2324 2144 2421 2175 penes
2435 2145 2534 2165 nocu—

1462 2185 1609 2208 mentum
1640 2177 1782 2217 corporis
1805 2178 1943 2208 sumitur
1970 2178 2111 2218 primum
2134 2188 2235 2218 genus
2258 2179 2367 2218 gulae;
2400 2186 2430 2210 et
2457 2179 2533 2219 quia

1462 2222 1535 2262 plus
1565 2228 1674 2262 peccat
1704 2222 1761 2252 iste
1792 2222 1926 2261 gulosus
1956 2232 1992 2252 ex
2017 2229 2214 2253 nocumento
2245 2223 2335 2263 quod
2358 2223 2416 2253 sibi
2440 2223 2534 2254 infert

1462 2276 1562 2307 quam
1591 2275 1627 2296 ex
1656 2266 1864 2296 delectatione
1894 2276 1993 2307 quam
2023 2267 2168 2297 intendit.
2203 2266 2366 2298 Concesso
2395 2277 2534 2308 namque

1462 2310 1525 2341 hoc
1549 2310 1701 2346 secundo,
1727 2320 1793 2340 non
1817 2310 1976 2351 sequitur:
2001 2311 2086 2351 Ergo
2111 2311 2184 2351 plus
2200 2318 2309 2351 peccat
2324 2318 2454 2351 peccato
2479 2322 2535 2351 per

1462 2364 1495 2384 se
1518 2354 1611 2394 gulae
1635 2364 1672 2385 ex
1688 2361 1895 2386 nocumento.
1921 2355 1982 2386 Sed
1998 2355 2141 2396 sequitur
2157 2355 2248 2396 quod
2270 2355 2343 2395 plus
2367 2363 2475 2396 peccet
2498 2366 2535 2386 ex

1462 2406 1593 2439 peccato
1617 2399 1707 2440 quod
1731 2398 1832 2439 oritur
1856 2409 1892 2429 ex
1911 2399 1986 2439 gula
2009 2409 2108 2440 quam
2125 2410 2162 2430 ex
2177 2399 2246 2440 ipsa
2261 2399 2351 2439 gula:
2376 2400 2451 2440 quia
2467 2411 2533 2430 ma-

1462 2443 1512 2474 ius
1542 2450 1710 2483 peccatum
1738 2451 1785 2474 est
1813 2443 1925 2474 odium
1950 2443 1999 2474 sui
2023 2444 2123 2484 ipsius
2154 2454 2252 2485 quam
2275 2444 2360 2484 gula.
2385 2462 2406 2468 -
2430 2445 2534 2475 Prima

1462 2494 1570 2518 autern
1593 2487 1732 2518 obiectio
1755 2487 1872 2518 falsum
1895 2488 2070 2528 supponit:
2095 2495 2130 2519 ut
2152 2488 2186 2518 in
2202 2488 2346 2529 sequenti
2370 2489 2504 2519 articulo
2518 2489 2535 2508 *

1462 2532 1582 2572 patebit
1605 2532 1717 2572 magis.

1127 2694 1446 2737 ARTICULUS
1476 2694 1752 2745 QUARTUS

804 2805 960 2836 UTRUM
984 2805 1326 2837 CONVENIENTER
1349 2804 1521 2836 SPECIES
1545 2805 1694 2836 GULAE
1718 2803 2078 2848 DISTINGUANTUR

1044 2902 1068 2926 1⁸
1087 2902 1143 2932 11⁸⁰,
1162 2910 1207 2935 qu.
1226 2909 1303 2933 Lxxn,
1321 2909 1368 2927 art.
1386 2910 1416 2936 9;
1438 2902 1478 2927 De
1496 2902 1581 2932 Malo,
1603 2909 1649 2934 qu.
1667 2909 1719 2932 xxv,
1739 2906 1786 2927 art.
1807 2900 1831 2925 3.

383 3008 406 3031 ·.
432 3010 441 3033 2
467 3019 531 3049 „q
557 3007 579 3032 o
600 3006 774 3037 QUARTUM
794 3006 847 3032 sm
867 3006 1107 3032 PRocanrrua.
1126 2993 1288 3031 Videtur
1307 2995 1412 3043 quod

477 3035 529 3105 ’ζμ
557 3048 871 3086 inconvenienter
890 3047 1035 3097 species
1055 3048 1164 3096 gulae
1184 3047 1412 3096 distinguan-

384 3134 387 3144 ,
428 3146 439 3153 ν
464 3146 475 3153 γ
512 3091 525 3138 ¹2
557 3109 618 3139 tur
632 3114 654 3138 a
669 3101 867 3149 Gregorio,
884 3101 960 3150 qui,
977 3101 1086 3138 XXX
1101 3101 1245 3138 Moral.
1256 3100 1288 3148 ²³⁶,
1305 3101 1411 3138 dicit:

381 3151 386 3159 '
408 3172 410 3174 ¹
440 3150 502 3179 ”’
518 3145 545 3183 lx
562 3155 735 3203 Quinque
753 3154 873 3192 modis
896 3166 964 3191 nos
982 3154 1099 3204 gulae
1115 3154 1247 3191 vitium
1275 3159 1410 3191 tentat:

345 3206 549 3255 aliquando
575 3220 739 3257 namque
758 3208 986 3258 indigentiae
1004 3213 1174 3256 tempora
1195 3207 1413 3255 praevenit;

346 3259 550 3308 aliquando
579 3261 756 3298 lautiores
775 3261 876 3298 cibos
894 3261 1063 3310 quaerit‚·
1089 3260 1293 3309 aliquando
1317 3272 1414 3309 quae

346 3313 529 3350 sumenda
555 3320 644 3351 sunt
661 3315 896 3363 praeparari
920 3314 1134 3352 accuratius
1161 3313 1320 3362 appetit;
1346 3313 1415 3350 ali-

348 3366 499 3415 quando
527 3366 564 3403 in
594 3367 674 3415 ipsa
693 3368 899 3416 quantitate
915 3368 1090 3405 sumendi
1114 3378 1332 3404 mensuram
1356 3378 1414 3403 re-

335 3419 518 3468 fectionis
545 3420 711 3465 excedit‚·
747 3421 952 3470 aliquando
990 3421 1068 3469 ipso
1105 3426 1208 3457 aestu
1242 3420 1416 3457 immensi

349 3472 523 3510 desiderii
552 3472 687 3521 aliquis
717 3480 862 3522 peccat.
901 3475 950 3511 Et
987 3474 1227 3511 continentur
1263 3473 1301 3510 in
1338 3474 1414 3510 hoc

349 3537 483 3563 versu:
511 3525 787 3574 staepropere,
815 3527 934 3573 laute,
963 3528 1091 3573 nimis,
1120 3527 1311 3573 ardenter,
1340 3532 1414 3563 stu-

351 3579 463 3616 diose.
484 3599 508 3606 -
527 3578 726 3615 Praedicta
746 3579 847 3616 enim
876 3579 1179 3618 diversificantur
1203 3580 1415 3618 secundum

1466 2995 1636 3032 diversas
1666 2994 1978 3031 circumstantias.
2009 2993 2086 3031 Sed
2107 2993 2422 3040 circumstantiae,
2444 3005 2533 3030 cum

1466 3048 1539 3085 sint
1559 3047 1767 3085 accidentia
1788 3055 1956 3094 actuum,
1978 3059 2057 3084 non
2077 3046 2333 3084 diversificant
2352 3046 2532 3095 speciem.

1466 3101 1569 3149 Ergo
1590 3101 1805 3138 secundum
1825 3100 2019 3150 praedicta
2037 3112 2117 3137 non
2133 3099 2436 3138 diversificantur
2451 3112 2535 3148 spe-

1467 3154 1543 3191 cies
1572 3154 1696 3202 gulae.

1522 3219 1557 3244 2.
1585 3207 1824 3254 PRAETEREA,
1856 3206 1951 3243 sicut
1979 3214 2131 3254 tempus
2160 3213 2216 3242 est
2243 3207 2436 3253 quaedam
2465 3206 2533 3243 cir-

1468 3260 1705 3306 cumstantia,
1735 3259 1786 3296 ita
1815 3267 1851 3296 et
1877 3260 1996 3296 locus.
2028 3259 2067 3295 Si
2096 3270 2186 3307 ergo
2207 3259 2419 3296 secundum
2440 3266 2534 3296 tem-

1467 3325 1540 3362 pus
1568 3325 1645 3350 una
1680 3312 1826 3361 species
1858 3313 1968 3360 gulae
2004 3311 2202 3360 accipitur,
2230 3311 2384 3350 videtur
2416 3313 2533 3361 quod,

1467 3365 1550 3414 pari
1577 3365 1744 3412 ratione,
1774 3366 1987 3403 secundum
2024 3365 2154 3402 locum
2183 3371 2220 3401 et
2246 3365 2338 3403 alias
2376 3365 2535 3402 circum-

1468 3419 1634 3456 stantias.

1524 3473 1558 3510 3.
1588 3473 1830 3518 plumeam,
1860 3470 1956 3507 sicut
1982 3471 2236 3520 temperantia
2263 3472 2444 3509 observat
2472 3471 2534 3508 de-

1468 3525 1565 3562 bitas
1594 3524 1913 3572 circumstantias,
1942 3524 1992 3561 ita
2035 3525 2149 3561 etiam
2185 3531 2221 3561 et
2248 3524 2343 3562 aliae
2378 3524 2533 3562 virtutes

1469 3579 1648 3616 morales.
1680 3578 1757 3615 Sed
1776 3577 1815 3615 in
1833 3577 1932 3615 vitiis
1957 3589 2056 3627 quae
2084 3585 2332 3627 opponuntur
2356 3577 2435 3614 aliis
2458 3577 2533 3614 vir-

2555 1082 2565 1092 ⁸
2575 1081 2632 1109 Cap.
2647 1089 2680 1107 xi,
2695 1088 2717 1103 n.
2729 1084 2768 1104 8.-

2555 1107 2579 1130 S.
2592 1110 2637 1131 Th.
2652 1110 2703 1131 lect.
2719 1115 2766 1130 xxi.

2555 1135 2576 1145 ⁸·
2592 1136 2639 1185 OBu.
2653 1142 2714 1163 cxi-1,
2725 1140 2766 1157 art.

2555 1161 2578 1187 6,
2635 1169 2656 1185 2.

2559 2091 2569 2101 ⁸
2583 2090 2619 2112 Ad
2641 2090 2725 2111 obiect.
2744 2096 2756 2118 3

2559 2121 2621 2165 ἱππί.
2653 2117 2756 2138 conclusi.

2564 2496 2706 2517 ’comment
2714 2501 2726 2516 n
2732 2500 2768 2515 .1v,
