2768 4198
49 1836 57 1845 ⁸
72 1834 108 1856 cf.
119 1834 216 1856 Aristot.
226 1834 257 1855 A·

47 1861 257 1889 nalytJ’osterJib.

48 1888 76 1936 ¹s¹.⁷
87 1894 138 1935 4³ss
148 1894 203 1936 ῗεεῗῑ
214 1888 258 1935 fv?

49 2048 59 2057 ⁸
73 2046 138 2068 Vei-s.
155 2052 185 2075 ¹9·

55 2951 66 2963 ³
81 2952 127 2978 Qui
138 2957 185 2977 xix,
199 2954 240 2973 nrt.
251 2956 266 2977 ι,

55 2978 84 3000 ad
95 2985 117 3006 3:
129 2979 188 2999 Part.
198 2977 216 3004 1,
227 2983 265 3005 qu.

55 3008 182 3029 numan.
191 3004 216 3030 63
228 3010 266 3032 qu.

56 3038 118 3058 mx,
133 3035 173 3053 art.
189 3036 208 3052 α,

56 3059 66 3069 ·
82 3058 139 3080 vers
162 3063 190 3085 13.

286 306 363 353 334

956 300 1223 349 QUAESTIO
1253 298 1424 345 CLXIV,
1454 299 1752 336 ART1CULUS
1783 300 1796 335 1

479 531 884 611 QUAESTIO
930 527 2288 605 CENTESIMASEXAGESIMAQUARTA

970 647 1053 688 DE
1086 647 1295 688 POENA
1328 647 1492 687 PRIMI
1527 647 1787 688 PECCATI

1110 764 1143 788 IN
1175 763 1270 788 Duos
1297 763 1502 788 ARTICULOS
1531 763 1649 788 DlVlSA

369 872 476 897 EINDE
523 858 843 895 considerandum
883 866 938 895 est
985 858 1032 895 de
1069 869 1196 906 poena
1239 857 1352 906 primi

48 920 59 930 ⁸
73 920 109 942 ef.
124 924 164 946 qu·
179 923 260 945 mm,
288 872 511 962 Dpeccati
530 912 561 949 ²⁸.

49 945 135 968 Iun-od.

286 968 334 1003 Et
363 967 461 1003 circa
489 966 563 1002 hoc
592 972 826 1012 quaeruntur
856 964 945 1001 duo.

1464 857 1613 894 Primo:
1649 858 1697 894 de
1726 865 1863 904 morte,
1884 869 1983 906 quae
2007 866 2063 894 est
2090 871 2217 906 poena
2246 860 2476 897 communis.

1465 910 1663 947 Secundo:
1704 910 1750 947 de
1780 910 1861 947 aliis
1894 910 2182 959 particularibus
2210 913 2345 961 poenis
2378 925 2477 962 quae

1517 963 1555 1000 in
1587 964 1725 1000 Genesi
1751 963 2000 1012 assignantur.

1101 1073 1422 1116 ARTICULUS
1461 1073 1667 1115 PRIMUS

734 1168 892 1199 UTRUM
915 1168 1033 1199 MORs
1058 1168 1125 1199 SIT
1149 1168 1295 1199 POENA
1318 1167 1507 1199 PECCATI
1533 1167 1766 1198 PRIMORUM
1788 1167 2030 1199 PARENTUM

378 1247 402 1272 1⁸
421 1247 477 1278 11··‚
496 1255 540 1279 qu.
560 1255 648 1277 μων,
668 1252 714 1272 art.
735 1246 765 1277 5;
785 1247 805 1271 11
825 1247 909 1276 Sent.,
929 1247 988 1273 dist.
1007 1255 1063 1278 xxx,
1083 1255 1128 1280 qu.
1146 1255 1165 1277 1,
1185 1252 1232 1272 art.
1255 1254 1279 1276 1;
1299 1247 1340 1276 111,
1359 1247 1417 1272 dist.
1436 1254 1487 1278 xvt,
1507 1255 1552 1279 qu.
1571 1255 1589 1277 x,
1608 1252 1654 1272 art.
1678 1253 1703 1276 1;
1723 1247 1765 1278 Ν,
1786 1247 1904 1279 Prolog.;
1925 1247 1983 1273 dist.
2002 1255 2036 1278 ιν,
2056 1255 2100 1281 qu.
2119 1256 2145 1279 π,
2165 1254 2212 1274 art.
2236 1256 2257 1279 1,
2276 1249 2326 1282 qu*
2347 1250 2377 1281 3;

543 1282 577 1306 IV
598 1283 674 1307 Cont.
696 1283 784 1312 Geni„
804 1290 859 1315 cap.
879 1289 927 1312 L11;
949 1283 990 1308 De
1009 1282 1093 1312 Malo,
1113 1290 1158 1315 qu.
1177 1287 1318 1343 vhgriiegi
1341 1282 1607 1350 ξὲζηριεχηάιὲεζᾘῖολ,
1627 1290 1682 1315 cap.
1702 1290 1795 1313 exeun
1814 1283 1858 1307 Ad
1877 1283 1964 1312 Rom„
1984 1290 2039 1316 cap.
2059 1291 2083 1313 ν,
2103 1284 2161 1310 lect.
2180 1292 2223 1316 111;

324 1423 374 1457 ἐὴ
439 1423 474 1464 ⁴<
499 1410 521 1434 D
550 1410 687 1435 PR1M1JM
715 1410 769 1435 s1c
789 1410 1031 1435 PROCEDITUR.
1061 1398 1222 1435 Videtur
1250 1399 1355 1446 quod

313 1434 474 1510 ἧρἑιᾼῇὴ
499 1463 603 1488 mors
631 1464 710 1488 non
740 1452 786 1488 sit
812 1464 939 1500 poena
968 1452 1113 1501 peccati
1142 1452 1356 1500 primorum

304 1505 353 1564 '55‘
400 1506 402 1508 ’
436 1491 713 1554 'parentum.
745 1505 839 1542 Illud
862 1505 963 1542 enim
993 1506 1097 1554 quod
1126 1513 1182 1542 est
1211 1504 1356 1541 homini

344 1573 354 1585 x
376 1561 441 1595 ἕν
456 1550 681 1604 &naturale
703 1570 781 1595 non
805 1566 929 1607 potest
952 1559 1024 1596 dici
1043 1571 1170 1608 poena
1189 1558 1354 1607 peccati:

318 1415 329 1434 *t
406 1428 458 1447 μή(

286 1665 393 1701 Mors
418 1672 545 1701 autem
568 1673 623 1701 est
650 1665 795 1702 homini
816 1666 1013 1702 naturalis:
1043 1666 1149 1713 quod
1178 1673 1282 1714 patet
1311 1677 1355 1701 ex

284 1719 359 1754 hoc
388 1719 492 1765 quod
522 1730 661 1767 corpus
690 1718 771 1755 eius
801 1731 846 1755 ex
867 1719 1061 1756 contrariis
1091 1718 1356 1767 componitur;

287 1780 322 1807 et
357 1783 402 1807 ex
431 1772 505 1807 hoc
534 1772 647 1808 etiam
685 1772 790 1821 quod
819 1773 978 1809 mortale
1012 1772 1168 1821 ponitur
1195 1772 1233 1808 in
1264 1772 1357 1809 defi·
1383 1772 1385 1796 ³

286 1824 427 1861 nitione
446 1825 612 1861 hominis
631 1824 661 1862 ³¹².
693 1826 795 1873 Ergo
824 1838 928 1862 mors
949 1838 1027 1862 non
1049 1833 1105 1862 est
1125 1837 1252 1874 poena
1270 1837 1358 1874 pec-

287 1878 358 1915 cati
387 1877 600 1925 primorum
628 1886 842 1927 parentum.

342 1942 376 1967 2.
407 1932 641 1978 PRAETEREA‚
671 1944 775 1969 mors
805 1940 841 1969 et
864 1931 924 1968 alii
946 1933 1163 1981 corporales
1189 1932 1358 1969 defectus
1383 1948 1384 1951 ¹

287 1984 456 2022 similiter
485 1985 730 2022 inveniuntur
758 1986 796 2022 in
824 1985 982 2022 homine
1020 1986 1116 2022 sicut
1145 1994 1181 2022 et
1210 1986 1246 2022 in
1276 1985 1358 2022 aliis

287 2092 415 2128 teritus
434 2097 488 2128 est
509 2092 670 2129 hominis
689 2098 725 2129 et
742 2093 1007 2138 iumentorum,
1028 2098 1063 2129 et
1081 2104 1203 2141 aequa
1224 2093 1359 2129 utrius-

288 2157 359 2194 que
386 2145 560 2181 conditio.
592 2146 668 2182 Sed
698 2146 735 2182 in
760 2145 988 2182 animalibus
1008 2146 1126 2182 brutis
1156 2158 1260 2183 mors
1281 2158 1359 2183 non

290 2207 345 2235 est
381 2210 508 2246 poena
537 2198 693 2247 peccati.
733 2199 836 2246 Ergo
870 2199 983 2236 etiam
1014 2211 1140 2247 neque
1170 2199 1207 2236 in
1235 2199 1360 2236 homi-

290 2252 414 2288 nibus.

345 2305 380 2341 3.
409 2304 650 2350 PRAETEREA,
680 2312 881 2352 peccatum
916 2304 1129 2353 primorum
1158 2312 1359 2353 parentum

290 2357 358 2394 fuit
386 2356 608 2406 specialium
637 2369 903 2406 personarum.
934 2358 1010 2394 Sed
1035 2370 1140 2394 mors
1161 2358 1361 2407 consequi-

290 2418 351 2447 tur
378 2418 497 2447 totam
527 2410 738 2447 humanam
767 2418 953 2448 naturam.
985 2412 1087 2459 Ergo
1113 2423 1190 2448 non
1209 2411 1362 2449 videtur

293 2475 376 2500 esse
405 2476 532 2512 poena
560 2464 706 2511 peccati
735 2464 947 2513 primorum
977 2472 1192 2513 parentum.

346 2528 384 2563 4.
414 2517 656 2563 PRAETEREA,
687 2530 824 2554 omnes
852 2517 1058 2566 aequaliter
1091 2518 1311 2555 derivantur
1340 2530 1361 2555 a

292 2569 423 2618 primis
461 2570 693 2618 parentibus.
735 2570 774 2607 Si
810 2570 920 2618 igitur
957 2583 1062 2608 mors
1101 2579 1199 2608 esset
1236 2583 1361 2620 poena

292 2623 437 2672 peccati
474 2623 686 2671 primorum
729 2632 952 2672 parentum,
993 2632 1215 2673 sequeretur
1255 2624 1361 2674 quod

293 2689 428 2713 omnes
466 2676 644 2714 homines
682 2677 889 2725 aequaliter
925 2685 1092 2714 mortem
1130 2686 1360 2727 paterentur.

293 2730 410 2776 Quod
435 2737 538 2778 patet
557 2742 640 2766 esse
664 2730 820 2768 falsum:
851 2730 941 2779 quia
961 2730 1119 2778 quidam
1141 2731 1247 2768 citius
1267 2731 1360 2777 aliis,

293 2791 329 2819 et
356 2783 509 2830 gravius
538 2783 764 2820 moriuntur.
795 2785 898 2831 Ergo
928 2796 1033 2821 mors
1054 2797 1131 2821 non
1153 2793 1208 2821 est
1235 2797 1361 2834 poena

293 2836 406 2885 primi
434 2837 590 2884 peccati.

351 2890 383 2927 5.
413 2890 654 2935 Pium-ream,
686 2891 831 2927 malum
866 2903 1016 2939 poenae
1052 2899 1108 2928 est
1135 2903 1157 2927 a
1185 2891 1291 2938 Deo,
1322 2900 1363 2929 ut
1387 2921 1389 2942 ᾖ
1416 2892 1658 2941 perfectioni:
1684 2892 1799 2939 unde,
1819 2904 1888 2941 per
1916 2893 2150 2941 oppositum,
2171 2906 2277 2931 mors
2305 2901 2342 2931 et
2369 2895 2488 2943 aegri-

294 2955 409 2991 supra
427 2942 448 2964 ’¹‘
475 2943 646 2980 habitum
677 2951 743 2980 est.
775 2944 852 2980 Sed
881 2957 987 2983 mors
1011 2957 1088 2981 non
1108 2944 1260 2982 videtur
1279 2957 1362 2982 esse

295 3008 316 3032 a
346 2997 449 3033 Deo:
488 2996 622 3033 dicitur
650 2996 751 3033 enim
782 2998 869 3045 Sap.
892 3010 901 3034 1
921 2997 960 3044 ³¹⁶,
991 2998 1096 3047 quod
1130 2999 1234 3035 Deus
1261 3011 1362 3036 mor-

295 3055 367 3085 tem
397 3062 471 3086 non
493 3050 602 3098 fecit.
641 3050 744 3097 Ergo
773 3062 878 3087 mors
906 3063 984 3089 non
1014 3059 1070 3088 est
1097 3064 1222 3100 poena
1251 3052 1363 3101 primi

296 3110 453 3150 peccati.

350 3156 385 3192 6.
416 3156 658 3202 PRAETEREA,
689 3167 839 3205 poenae
868 3168 946 3193 non
974 3156 1152 3194 videntur
1182 3170 1264 3195 esse
1285 3171 1364 3195 me-

297 3208 462 3245 ritoriae:
484 3219 573 3245 nam
591 3208 769 3246 meritum
786 3209 999 3246 continetur
1013 3211 1084 3247 sub
1105 3211 1222 3257 bono,
1238 3223 1365 3260 poena

297 3268 425 3298 autem
455 3261 525 3298 sub
555 3262 669 3299 malo.
700 3262 777 3299 Sed
807 3274 911 3299 mors
939 3264 1173 3312 quandoque
1202 3273 1258 3301 est
1286 3277 1366 3302 me-

299 3313 445 3350 ritoria:
475 3313 569 3351 sicut
597 3322 699 3364 patet
723 3316 770 3353 de
790 3323 911 3352 morte
932 3325 1156 3365 martyrum.
1187 3318 1289 3366 Ergo
1308 3318 1365 3355 vi—

299 3366 408 3403 detur
436 3368 540 3414 quod
570 3380 675 3405 mors
704 3381 782 3406 non
812 3369 857 3406 sit
884 3381 1023 3418 poena.

353 3431 388 3467 7.
411 3420 642 3467 Pru-emam,
664 3434 789 3470 poena
804 3422 956 3460 videtur
972 3435 1054 3460 esse
1075 3423 1265 3461 afflictiva.
1288 3423 1363 3461 Sed

354 3541 381 3574 α)
402 3548 481 3567 mors.
500 3555 519 3561 -
537 3546 658 3567 mortuus
679 3544 719 3568 ed.
738 3551 755 3568 a
762 3552 770 3574 ;
790 3552 836 3576 pro
858 3545 950 3575 homo,
970 3549 1034 3571 tunc
1056 3547 1134 3572 homo
1156 3547 1194 3576 Α,
1213 3547 1266 3571 iam
1288 3546 1366 3571 homo

300 3576 377 3607 CEH,
396 3584 455 3602 eam
474 3577 552 3602 homo
571 3578 605 3609 Ρ;
625 3586 672 3610 pro
690 3579 779 3608 sentit,
799 3583 839 3604 est
857 3581 896 3610 1⁴13
916 3588 964 3612 pro
981 3581 1085 3611 sentiri,
1105 3582 1205 3607 sentire
1223 3582 1274 3607 Ha.

354 3610 379 3645 β)
398 3612 567 3639 subiectione.
580 3627 598 3631 -
615 3614 785 3646 suggestione
809 3615 974 3648 ABFHKpE.

1408 1410 1514 1435 mors
1543 1411 1621 1435 non
1649 1406 1774 1447 potest
1802 1411 1884 1435 esse
1915 1399 2106 1447 afflictiva‚
2133 1408 2174 1438 ut
2193 1401 2362 1439 videtur:
2393 1403 2483 1451 quia

1410 1452 1565 1500 quando
1598 1463 1702 1488 mors
1727 1457 1745 1473 ²
1779 1460 1853 1498 est,
1883 1453 2003 1489 homo
2043 1466 2121 1490 non
2158 1456 2288 1502 sentit;
2325 1457 2482 1505 quando

1410 1512 1538 1541 autem
1572 1517 1650 1541 non
1680 1513 1756 1552 est,
1786 1505 1913 1542 sentiri
1953 1519 2031 1544 non
2069 1514 2205 1556 potest.
2241 1509 2343 1557 Ergo
2377 1522 2483 1548 mors

1382 1590 1383 1610 3
1410 1570 1488 1594 non
1519 1566 1575 1594 est
1602 1571 1730 1606 poena
1759 1559 1917 1607 peccati.

285 1611 374 1661 quia
402 1618 602 1658 peccatum
632 1624 710 1648 non
739 1612 887 1660 perficit
915 1621 1111 1657 naturam,
1142 1612 1209 1648 sed
1237 1612 1355 1648 vitiat.
1382 1614 1384 1629 ⁵

1465 1612 1499 1648 8.
1522 1612 1757 1657 Pammmm,
1787 1613 1816 1648 si
1839 1625 1943 1649 mors
1964 1621 2063 1649 esset
2086 1626 2213 1662 poena
2232 1617 2390 1664 peccati,
2411 1625 2484 1654 sta-

1382 1678 1384 1717 3
1409 1664 1474 1701 tim
1504 1665 1635 1702 fuisset
1663 1666 1710 1702 ad
1740 1674 1940 1714 peccatum
1963 1675 2180 1705 consecuta.
2211 1668 2287 1706 Sed
2310 1669 2385 1707 hoc
2405 1683 2484 1708 non

1410 1725 1466 1754 est
1493 1731 1652 1755 verum:
1693 1731 1782 1755 nam
1819 1719 1930 1767 primi
1959 1728 2136 1767 parentes
2164 1730 2253 1770 post
2280 1731 2482 1771 peccatum

1411 1771 1475 1807 diu
1503 1772 1691 1818 vixerunt,
1713 1780 1754 1808 ut
1781 1780 1884 1820 patet
1911 1773 2003 1810 Gen.
2027 1785 2062 1810 ιν
2081 1773 2112 1811 *.
2142 1775 2245 1823 Ergo
2271 1788 2377 1813 mors
2405 1790 2484 1815 non

1410 1823 1562 1861 videtur
1591 1837 1672 1862 esse
1701 1837 1828 1874 poena
1857 1827 2014 1874 peccati.

1466 1878 1541 1914 SED
1562 1890 1708 1915 CONTRA
1729 1890 1795 1915 EST
1814 1879 1918 1927 quod
1940 1880 2149 1927 Apostolus
2169 1881 2270 1929 dicit,
2290 1883 2482 1922 Rom.v*:

1411 1932 1485 1968 Per
1514 1943 1631 1968 unum
1659 1932 1850 1968 hominem
1873 1938 2073 1980 peccatum
2103 1933 2140 1970 in
2169 1935 2270 1972 hunc
2298 1937 2482 1975 mundum

1383 2010 1384 2030 Ξ
1412 1985 1576 2031 intravit,
1607 1990 1643 2022 et
1663 1997 1736 2033 per
1758 1991 1957 2033 peccatum
1986 1998 2100 2023 mors.

287 2038 532 2075 animalibus:
563 2039 775 2076 secundum
796 2038 887 2076 illud
906 2039 1034 2084 Eccle„
1052 2051 1087 2076 111
1107 2038 1147 2075 *τ
1178 2040 1283 2076 Unus
1303 2039 1359 2075 in·
1383 2034 1385 2058 ξ

1466 2039 1693 2075 RESPONDEO
1734 2050 1919 2076 mei-:noum
1959 2039 2077 2088 quod,
2107 2038 2138 2076 si
2167 2039 2302 2089 aliquis
2329 2050 2487 2092 propter

1413 2093 1565 2140 culpam
1597 2104 1706 2128 suam
1735 2093 1906 2141 privetur
1930 2093 2059 2142 aliquo
2081 2093 2269 2131 beneficio
2290 2094 2361 2132 sibi
2382 2095 2485 2143 dato,

1413 2145 1578 2182 carentia
1612 2146 1708 2182 illius
1743 2146 1919 2182 beneficii
1955 2155 2010 2183 est
2046 2158 2173 2195 poena
2206 2148 2342 2198 culpae
2375 2149 2484 2187 illius.

1414 2199 1519 2235 Sicut
1551 2206 1680 2236 autem
1718 2199 1755 2235 in
1784 2199 1915 2236 Primo
1936 2199 1956 2221 ’¹‘
1984 2199 2128 2237 dictum
2159 2208 2235 2247 est,
2270 2202 2418 2240 homini
2446 2203 2486 2247 in
2514 2210 2534 2249 ⁸,

1412 2252 1536 2300 prima
1565 2252 1623 2288 sui
1652 2252 1884 2289 institutione
1912 2253 1987 2289 hoc
2016 2253 2247 2291 beneficium
2277 2254 2345 2292 fuit
2373 2256 2486 2294 colla·
2524 2252 2534 2285 ·’

1413 2313 1495 2342 tum
1526 2305 1726 2352 divinitus,
1755 2313 1795 2342 ut
1824 2306 1995 2354 quandiu
2025 2319 2135 2344 mens
2165 2307 2244 2344 eius
2273 2317 2372 2346 esset
2399 2310 2485 2347 Deo

1413 2358 1594 2404 subiecta,
1625 2358 1822 2395 inferiores
1842 2359 1942 2395 vires
1961 2359 2114 2397 animae
2134 2360 2411 2399 subiicerentur
2429 2376 2487 2400 ra-

1412 2411 1543 2448 tionali
1563 2411 1692 2457 menti,
1724 2420 1760 2448 et
1789 2424 1927 2461 corpus
1947 2413 2098 2449 animae
2119 2413 2377 2452 subiiceretur.
2408 2416 2486 2453 Sed

1414 2465 1504 2514 quia
1534 2477 1644 2501 mens
1672 2464 1838 2502 hominis
1867 2478 1936 2514 per
1964 2474 2165 2514 peccatum
2196 2479 2218 2504 a
2248 2467 2377 2505 divina
2396 2470 2486 2505 sub-

1413 2518 1575 2554 iectione
1600 2516 1615 2547 β
1644 2518 1818 2565 recessit,
1850 2528 2100 2556 consecutum
2131 2528 2187 2556 est
2221 2528 2261 2557 ut
2294 2534 2365 2558 nec
2394 2521 2487 2559 infe-

1414 2571 1533 2608 riores
1561 2571 1663 2608 vires
1698 2571 1862 2609 totaliter
1896 2572 2031 2609 rationi
2060 2573 2354 2621 subiicerentur,
2383 2575 2487 2613 unde

1414 2632 1517 2661 tanta
1536 2629 1551 2652 Υ
1572 2632 1627 2661 est
1647 2625 1803 2661 rebellio
1824 2625 1982 2662 carnalis
2002 2626 2190 2675 appetitus
2209 2627 2259 2664 ad
2280 2627 2486 2676 rationem;

1386 2702 1388 2712 ,
1415 2691 1486 2715 nec
1515 2678 1630 2714 etiam
1650 2675 1663 2699 δ
1693 2691 1833 2726 corpus
1861 2679 2025 2716 totaliter
2052 2680 2300 2718 subiiceretur
2325 2681 2487 2730 animae,

1415 2732 1517 2769 unde
1535 2731 1782 2780 consequitur
1797 2744 1914 2778 mors,
1932 2740 1968 2769 et
1987 2732 2047 2769 alii
2066 2735 2284 2783 corporales
2304 2735 2485 2772 defectus.

1387 2818 1388 2830 2
1414 2785 1499 2822 Vita
1529 2785 1630 2821 enim
1658 2793 1692 2822 et
1712 2785 1952 2822 incolumitas
1972 2786 2145 2835 corporis
2168 2787 2337 2824 consistit
2356 2787 2393 2824 in
2413 2789 2488 2826 hoc

1416 2839 1520 2888 quod
1559 2838 1778 2875 subiiciatur
1810 2840 1981 2885 animae,
2012 2839 2108 2876 sicut
2135 2840 2367 2889 perfectibile
2396 2853 2488 2879 suae

1415 2946 1523 2991 tudo,
1554 2953 1589 2982 et
1617 2945 1775 2994 quilibet
1803 2946 2011 2995 corporalis
2040 2947 2220 2990 defectus,
2249 2947 2411 2996 pertinet
2438 2949 2488 2985 ad

1416 2999 1607 3037 defectum
1634 2999 1879 3036 subiectionis
1899 2999 2071 3048 corporis
2090 2999 2140 3037 ad
2159 3000 2343 3037 animam.
2374 3001 2487 3038 Unde

1388 3060 1519 3101 ⁴patet
1547 3053 1665 3101 quod,
1700 3052 1796 3089 sicut
1824 3052 1982 3089 rebellio
2019 3052 2178 3090 carnalis
2214 3054 2403 3102 appetitus
2438 3054 2487 3092 ad

1417 3106 1589 3155 spiritum
1621 3113 1676 3142 est
1703 3118 1829 3154 poena
1857 3105 2002 3155 peccati
2030 3105 2242 3154 primorum
2271 3115 2486 3155 parentum,

1417 3159 1467 3196 ita
1497 3159 1610 3196 etiam
1641 3166 1678 3195 et
1706 3171 1811 3196 mors
1840 3166 1876 3195 et
1904 3171 2040 3196 omnes
2061 3160 2279 3208 corporales
2304 3161 2486 3199 defectus.

1471 3214 1530 3249 An
1550 3224 1687 3250 Palmum
1707 3223 1806 3249 ERGO
1831 3223 2014 3249 1>1CENDUM
2038 3212 2144 3260 quod
2164 3215 2333 3251 naturale
2353 3214 2489 3252 dicitur

1418 3266 1523 3314 quod
1553 3277 1597 3301 ex
1621 3265 1814 3314 principiis
1834 3273 1991 3302 naturae
2011 3273 2198 3303 causatur.
2231 3267 2399 3305 Naturae
2420 3280 2487 3305 au-

1417 3326 1495 3355 tern
1525 3330 1595 3366 per
1613 3331 1653 3355 se
1677 3318 1861 3367 principia
1881 3325 1968 3354 sunt
1995 3317 2118 3355 forma
2139 3326 2175 3356 et
2195 3320 2363 3358 materia.
2394 3321 2489 3358 For-

1390 3395 1392 3399 .
1419 3383 1483 3408 ma
1507 3378 1636 3408 autem
1664 3370 1831 3408 hominis
1861 3378 1917 3408 est
1937 3371 2065 3408 anima
2086 3372 2288 3419 rationalis,
2310 3386 2410 3422 quae
2439 3375 2487 3412 de

1418 3436 1458 3461 se
1492 3432 1548 3461 est
1580 3423 1815 3460 immortalis.
1847 3424 1895 3460 Et
1928 3424 2015 3461 ideo
2052 3437 2157 3463 mors
2187 3439 2265 3464 non
2295 3435 2352 3464 est
2380 3435 2489 3465 natu-

1473 3547 1499 3579 γ)
1518 3549 1603 3572 tanta.
1619 3560 1638 3565 -
1656 3549 1768 3571 causata
1787 3546 1853 3571 forte
1872 3547 1952 3573 Dlsc.

1472 3579 1497 3613 ὃ)
1517 3588 1565 3606 nec
1584 3581 1704 3607 niani.-
1723 3585 1752 3606 ut
1771 3589 1818 3607 nec
1839 3582 1885 3608 Pa.

2513 1791 2523 1800 ⁸
2537 1789 2604 1812 Vei-n.
2618 1794 2655 1818 25;
2669 1794 2721 1816 σιμ.

2511 1823 2534 1842 v.
2547 1821 2608 1838 ven.
2621 1822 2646 1843 4,
2660 1821 2681 1844 5.

2513 1891 2522 1901 ·
2537 1885 2605 1908 Vm.
2621 1891 2651 1908 u.
