2768 4198
33 1592 43 1601 ·
58 1591 118 1612 Pan.
131 1589 161 1616 V,
172 1590 201 1612 ad
211 1590 244 1612 lit.

30 1616 171 1665 ξἠἒειῖέρ·
180 1617 243 1638 ¹⁰³⁰·

286 268 357 314 178

950 266 1218 313 QUAESTlO
1249 266 1425 315 CXLIX,
1454 268 1751 305 ARTICULUS
1783 269 1814 304 ll

960 388 1299 421 Commentariis.
1322 387 1575 422 Cardinalis
1598 389 1798 422 Caietam

308 489 328 509 N
359 478 492 509 articulo
522 477 627 517 primo
654 476 849 517 quaestionis
881 475 1350 516 centesimaequadragesimae-

38 527 249 554 meren-perant.
282 491 413 554 Inonae
437 522 572 552 dubium
596 531 633 552 ex
657 520 811 556 Martino‚
835 519 868 549 in
892 519 1009 550 eodem
1033 526 1166 550 tractatu
1182 519 1216 556 *,
1236 519 1269 549 in
1292 529 1347 561 qu.

37 568 47 577 ⁸
63 566 171 588 Conclus.
186 573 210 593 4.

278 568 315 598 de
341 566 514 598 Sobrietate
530 566 564 602 *‚
590 565 735 596 occurrit.
769 563 883 603 Arguit
912 563 1071 604 siquidem
1099 571 1209 594 contra
1233 574 1350 605 corpus

276 612 372 642 huius
396 610 517 640 articuli
541 608 765 649 multipliciter.
791 608 911 645 Primo,
937 607 1012 648 quia
1035 608 1106 638 bria
1130 618 1197 638 non
1220 615 1268 638 est
1291 618 1348 638 no-

277 666 350 686 men
374 664 541 684 mensurae
565 653 719 691 absolute,
745 652 799 682 sed
816 661 985 682 mensurae
1001 652 1156 683 vinariae:
1182 658 1218 682 ut
1241 652 1349 683 Dona-

276 707 326 730 tus
351 699 435 734 dicit,
456 708 551 738 super
574 696 773 727 Terentium.
799 698 846 726 Ac
870 706 926 736 per
942 696 1014 732 hoc,
1032 696 1184 727 sobrietas
1209 706 1274 727 non
1294 706 1350 737 per
1374 706 1375 728 1

276 742 579 784 appropriationem,
597 742 652 771 sed
669 740 906 780 proprietatem,
924 740 1076 781 importat
1090 750 1275 771 mensuram
1290 751 1348 781 po·
1374 743 1375 746 ’

276 796 326 818 tus
349 796 423 816 vini.

331 830 488 867 Secundo,
513 829 588 870 quia
616 839 683 859 non
708 835 755 859 est
777 838 889 859 verum
918 829 1136 860 universaliter
1165 830 1255 871 quod
1284 830 1349 860 vir-

275 881 357 906 tutes
379 883 463 915 quae
485 874 524 904 ab
547 874 658 914 aliqua
672 874 823 914 generali
839 874 1020 905 conditione
1035 875 1164 905 virtutis
1179 875 1350 905 nominari·
1374 881 1375 886 ¹

275 926 339 956 tur,
365 920 454 949 illam
480 919 650 948 materiam
675 917 735 948 sibi
753 918 939 958 specialiter
954 919 1117 950 vindicant
1142 919 1174 948 in
1199 928 1263 959 qua
1286 918 1349 959 dif-

263 964 451 1005 ficillimum
483 968 514 993 et
543 963 696 1003 optimum
729 968 777 993 est
807 963 1020 994 conditionem
1052 963 1142 994 illam
1165 963 1349 994 observare.

274 1009 464 1048 Sequeretur
488 1007 574 1037 enim
598 1006 715 1047 primo,
739 1007 830 1047 quod
854 1006 1062 1048 temperantia
1086 1006 1144 1037 sibi
1165 1007 1278 1038 vinum
1295 1013 1350 1038 aut

274 1051 481 1083 concubitum
506 1061 564 1092 pro
589 1051 719 1082 materia
735 1051 917 1082 vindicaret.
942 1070 963 1075 -
988 1052 1180 1092 Sequeretur
1194 1052 1348 1088 secundo,

273 1097 362 1137 quod
385 1096 503 1127 iustitia
526 1095 699 1126 vindicaret
715 1095 773 1126 sibi
790 1095 932 1137 aliquam
947 1096 1118 1137 specialem
1133 1096 1309 1127 materiam.
1330 1113 1348 1119 -

273 1142 313 1172 Et
335 1141 422 1171 idem
445 1147 639 1182 sequeretur,
664 1140 767 1177 tertio,
793 1141 832 1171 de
855 1140 1033 1181 prudentia.

333 1186 450 1221 Tertio,
476 1185 552 1226 quia
575 1185 614 1215 ad
638 1185 826 1216 huiusmodi
841 1185 1138 1226 appropriationem
1152 1195 1218 1215 non
1234 1183 1350 1215 sufficit

272 1230 362 1271 quod
386 1230 548 1270 optimum
572 1236 603 1260 et
626 1229 851 1260 difficillimum
875 1230 915 1260 sit
938 1230 971 1260 in
994 1230 1048 1261 tali
1066 1229 1206 1266 materia,
1226 1229 1282 1260 sed
1301 1239 1349 1260 re-
1373 1230 1375 1244 ·’

273 1274 409 1315 quiritur
432 1274 637 1315 loquentium
661 1284 748 1304 usus.
781 1274 937 1312 Quamvis
962 1284 1036 1315 ergo
1066 1274 1136 1305 bria
1161 1273 1350 1314 significaret

273 1329 473 1355 mensuram,
503 1328 570 1349 non
600 1325 709 1349 tamen
738 1318 948 1350 sufficientem
976 1326 1107 1359 propter
1133 1318 1197 1350 hoc
1219 1329 1349 1349 causam
1374 1348 1375 1361 χ

273 1363 369 1394 huius
393 1362 662 1404 appropriationis
686 1370 814 1394 sanctus
838 1363 983 1394 Thomas
1007 1363 1119 1403 tetigit.

329 1407 367 1438 Il.
392 1409 443 1438 Ad
468 1409 613 1448 primum
643 1407 762 1438 horum
792 1407 906 1439 dicitur
935 1409 1024 1450 quod
1054 1414 1277 1448 argumentum
1310 1407 1349 1438 de
1374 1407 1375 1410 ’

272 1452 436 1483 vocabulis
461 1453 500 1482 ad
524 1452 750 1492 grammaticos
770 1459 906 1493 spectat:
931 1452 987 1494 qui
1012 1452 1172 1483 discordes
1191 1452 1349 1488 videntur,

273 1497 351 1528 dum
375 1497 427 1527 alii
451 1497 555 1527 briam
579 1506 765 1527 mensuram
788 1497 953 1533 vinariam,
979 1503 1015 1527 ut
1029 1507 1165 1537 arguens
1180 1496 1267 1527 affert
1282 1496 1349 1527 Do-

273 1549 401 1578 natum;
426 1540 477 1571 alii
508 1551 563 1571 vas
593 1541 769 1577 vinarium,
795 1548 830 1572 ut
862 1541 1004 1578 Servius,
1035 1551 1131 1581 super
1163 1541 1349 1582 Virgilium;

273 1586 325 1616 alii
349 1595 542 1622 mensuram,
568 1592 604 1616 ut
626 1586 659 1616 in
687 1586 874 1617 Catholicon
890 1586 908 1605 *
930 1586 1037 1617 habes.
1068 1586 1161 1617 Unde
1185 1595 1350 1617 commen—

273 1631 416 1661 dandum
439 1637 486 1661 est
509 1630 659 1661 Auctoris
682 1630 868 1670 ingenium,
893 1630 967 1671 qui,
992 1629 1117 1662 tertiam
1145 1629 1349 1671 significatio-

274 1685 346 1706 nem
371 1682 516 1711 secutus,
542 1674 700 1705 rationem
723 1674 826 1705 reddit
855 1685 953 1716 quare
977 1674 1130 1705 sobrietas
1153 1675 1267 1705 habeat
1290 1684 1350 1715 po—

273 1728 342 1751 tum
367 1729 425 1759 pro
451 1719 597 1750 materia:
630 1729 705 1749 nam
737 1719 841 1749 multo
866 1718 990 1750 facilius
1020 1718 1132 1749 fuisset
1161 1719 1223 1749 hoc
1247 1718 1350 1749 dicere

273 1764 436 1805 sequendo
461 1763 580 1804 primas
603 1762 860 1803 significationes.

327 1809 378 1839 Ad
401 1807 576 1838 secundum
601 1807 716 1838 dicitur
739 1807 828 1848 quod
847 1807 903 1837 illa
918 1806 1021 1837 maior
1039 1813 1087 1837 est
1108 1816 1182 1837 vera
1202 1816 1349 1837 commu-

273 1852 360 1883 niter.
386 1852 427 1882 Et
450 1852 512 1882 hoc
536 1850 651 1882 sufficit
675 1848 854 1892 proposito.
878 1869 899 1874 -
923 1851 990 1881 Nec
1014 1850 1121 1891 aliqua
1145 1850 1293 1882 instantia
1315 1850 1349 1880 in

272 1896 459 1937 oppositum
485 1895 609 1926 militat.
635 1896 709 1926 Non
734 1895 854 1936 prima,
879 1895 918 1926 de
942 1894 1166 1936 temperantia:
1192 1895 1350 1936 quoniam

272 1948 302 1971 et
316 1940 347 1970 in
364 1940 432 1981 ipsa
449 1940 510 1971 hoc
526 1939 712 1971 verificatur.
734 1939 909 1977 Quoniam,
927 1950 944 1970 a
960 1945 1142 1980 temperare
1158 1939 1249 1976 dicta,
1267 1939 1349 1970 dele-

272 1985 424 2016 ctationes
438 1991 550 2020 tactus,
569 1985 608 2015 ad
634 1991 779 2015 naturam
796 1991 986 2025 spectantes,
1003 1983 1061 2015 sibi
1086 1983 1264 2024 specialiter
1281 1983 1349 2015 vin-
1375 1980 1377 1982 ’

1403 476 1486 507 dicat
1506 487 1566 518 pro
1589 478 1729 514 materia,
1750 488 1829 519 quas
1851 478 2074 510 difficillimum
2095 486 2126 510 et
2153 479 2316 520 optimum
2333 485 2379 509 est
2395 486 2475 510 tem-

1403 530 1520 561 perare.
1552 520 1595 552 Et
1617 531 1684 552 non
1707 530 1834 563 oportet
1856 523 2045 554 descendere
2069 523 2108 554 ad
2132 523 2391 564 specialissimam
2410 534 2475 554 ma-

1402 564 1524 601 teriam,
1542 571 1619 605 puta
1637 572 1768 606 potum:
1797 567 1852 597 sed
1872 574 1919 598 sat
1935 574 1982 598 est
1997 567 2162 598 materiam
2176 567 2357 608 specificam
2374 568 2477 598 subal-

1404 615 1528 639 ternam
1542 608 1600 639 sibi
1624 609 1799 649 specialiter
1814 610 1982 642 vindicare.
1994 629 2016 635 -
2028 613 2094 643 Nec
2112 613 2260 649 secunda,
2277 613 2316 643 de
2339 612 2475 643 iustitia:

1403 652 1479 694 quia
1494 652 1589 683 etiam
1609 652 1727 684 iustitia
1747 654 1904 686 ad-iustat
1915 655 1943 691 ⁴¹,
1960 665 2016 686 seu
2040 657 2196 697 adaequat
2219 657 2420 697 operationes
2437 657 2476 687 ad
2505 669 2515 677 ·
2534 667 2570 689 ef.
2596 673 2634 695 qu.
2656 673 2717 695 un,

1402 697 1539 728 alterum
1555 703 1592 727 ut
1615 697 1781 728 materiam
1796 699 1970 740 propriam,
1988 710 2068 740 quas
2092 700 2317 732 difficillimum
2341 708 2371 732 et
2395 701 2477 741 opti·
2505 697 2546 715 ³¹²⁴
2563 700 2579 715 ¹·

1403 751 1496 771 mum
1521 747 1567 771 est
1591 741 1630 771 ad
1655 741 1878 782 aequalitatem
1902 743 2027 780 ducere,
2047 754 2066 774 a
2081 754 2145 785 qua
2165 746 2287 776 iustitia
2311 745 2435 776 dicitur.
2455 763 2476 768 -

1374 781 1375 816 ἶ
1401 785 1468 816 Nec
1488 785 1622 816 demum
1637 786 1738 822 tertia,
1755 786 1795 816 de
1814 786 2000 826 prudentia:
2025 789 2183 829 quo‘niam
2205 796 2236 820 et
2254 789 2324 830 ipsa
2347 789 2477 821 rationis

1403 836 1491 860 actus
1508 829 1672 870 propriam
1685 829 1850 861 materiam
1866 830 1961 862 habet
1975 831 2093 872 quibus
2109 832 2331 864 difficillimum
2347 841 2378 865 et
2393 833 2478 874 opti-

1403 883 1495 904 mum
1512 881 1560 904 est
1583 874 1630 905 uti
1646 875 1687 904 ad
1698 875 1816 915 procul
1832 875 2016 913 videndum,
2033 875 2119 907 unde
2129 877 2307 918 prudentia
2323 877 2406 909 dicta
2420 885 2476 910 est.

1459 918 1511 949 Ad
1534 919 1663 949 tertium
1687 918 1803 950 dicitur
1826 919 1915 960 quod
1931 921 2055 951 Auctor
2069 929 2167 951 usum
2181 921 2386 963 loquentium
2402 933 2478 963 sup—

1404 962 1510 1003 ponit:
1536 970 1660 994 constat
1675 972 1816 1004 namque
1831 964 1922 1004 quod
1937 963 2107 995 sobrietate
2122 965 2250 1006 proprie
2266 966 2388 997 utimur
2403 977 2478 998 cum
2522 975 2526 978 ’

1403 1007 1441 1037 de
1465 1013 1546 1047 potu
1571 1007 1748 1048 loquimur,
1765 1008 1847 1039 sicut
1863 1015 1894 1039 et
1909 1008 2072 1039 ebrietate.
2096 1009 2138 1040 Et
2156 1009 2326 1050 supposito
2342 1011 2478 1052 loquen—

1403 1051 1486 1082 tium
1511 1061 1590 1088 usu,
1613 1052 1716 1083 reddit
1746 1052 1904 1084 rationem
1927 1052 2196 1093 appropriationis
2220 1054 2294 1085 satis
2317 1054 2477 1086 sufficien-

1403 1102 1469 1127 tem
1493 1102 1524 1127 et
1547 1095 1703 1127 solidam:
1728 1103 1765 1127 ut
1788 1104 1874 1138 patet
1897 1106 1935 1128 ex
1957 1097 2022 1127 iam
2046 1097 2206 1128 discussis.

1459 1140 1511 1174 111.
1537 1140 1573 1171 In
1588 1141 1704 1172 eodem
1720 1141 1865 1178 articulo,
1886 1141 1920 1172 in
1934 1141 2146 1181 responsione
2162 1142 2202 1172 ad
2221 1142 2374 1183 primum,
2394 1144 2478 1175 Mar-

1402 1184 1488 1216 tinus
1513 1185 1660 1222 occurrit,
1685 1185 1806 1216 ibidem
1819 1186 1847 1222 *‚
1871 1185 1978 1216 dicens
2001 1186 2102 1227 quod,
2126 1186 2200 1218 licet
2222 1186 2342 1218 solutio
2361 1187 2421 1218 ista
2439 1187 2480 1219 sit

1403 1229 1498 1266 bona,
1523 1239 1590 1260 non
1614 1237 1662 1260 est
1684 1236 1791 1261 tamen
1816 1230 1973 1271 expositio
1997 1230 2190 1261 conveniens
2213 1231 2300 1262 dicto
2318 1231 2478 1272 Apostoli.

1404 1272 1495 1304 Calix
1519 1273 1607 1304 enim
1631 1274 1805 1315 sapientiae
1827 1274 1988 1306 inebrians
2010 1281 2058 1306 est
2081 1275 2276 1316 praeclarus:
2301 1285 2412 1316 sapere
2433 1283 2480 1307 ta·

1403 1327 1478 1349 men
1509 1328 1576 1349 non
1600 1319 1640 1349 ad
1655 1317 1657 1319 ’
1670 1318 1875 1350 sobrietatem
1905 1329 1972 1351 non
1996 1326 2044 1350 est
2065 1320 2285 1359 praeclarum,
2307 1320 2365 1351 sed
2386 1320 2480 1361 vitio-

1403 1372 1486 1394 sum.
1513 1362 1598 1400 Quia
1622 1373 1697 1404 ergo
1720 1363 1754 1394 in
1778 1363 1978 1395 assecutione
1999 1364 2172 1404 sapientiae
2194 1364 2328 1396 ebrietas
2345 1371 2395 1396 eet
2410 1363 2480 1397 lati-

1403 1406 1525 1444 dabilis,
1543 1407 1617 1438 ideo
1641 1418 1708 1439 non
1723 1408 1850 1439 videtur
1873 1407 2100 1440 convenienter
2122 1415 2228 1449 aptata
2243 1418 2300 1450 per
2314 1408 2480 1444 Thomna

1404 1451 1593 1483 similitudo.
1883 1479 1887 1483 .
2382 1467 2385 1470 ⁴
2404 1454 2418 1473 9

1458 1496 1509 1527 Ad
1534 1496 1595 1527 hoc
1619 1496 1735 1528 dicitur
1758 1503 1790 1528 et
1808 1497 1897 1538 quod
1914 1497 2034 1528 solutio
2050 1496 2243 1538 principalis,
2268 1503 2300 1529 et
2321 1495 2480 1538 exponi&

1403 1547 1450 1572 est
1472 1540 1606 1581 optima,
1630 1541 1656 1572 si
1681 1547 1763 1572 recte
1779 1541 1982 1582 intelligatur,
2004 1549 2035 1573 et
2053 1541 2249 1573 discernatur
2270 1542 2311 1572 ad
2335 1542 2415 1583 quid
2433 1541 2482 1574 ab

1405 1585 1513 1616 fertur.
1547 1585 1632 1616 Nam
1662 1586 1702 1616 ad
1729 1585 1809 1616 nihil
1835 1585 1964 1618 affertur
1992 1586 2053 1617 nisi
2077 1587 2117 1617 ad
2140 1586 2366 1619 declarandum
2389 1587 2481 1628 quod

1403 1629 1556 1661 sobrietas
1580 1629 1797 1671 metaphorice
1820 1630 1931 1662 locum
1958 1630 2054 1662 habet
2076 1631 2109 1661 in
2133 1630 2306 1672 sapientia:
2339 1641 2396 1672 per
2416 1631 2480 1663 hoc

1404 1674 1490 1705 enim
1513 1673 1624 1706 satisfit
1646 1674 1826 1706 auctoritati
1849 1674 2000 1716 Apostoli
2025 1674 2150 1712 directe,
2169 1674 2305 1706 dicendo
2321 1675 2411 1717 quod
2428 1685 2481 1712 so,-

1403 1718 1517 1749 brietas
1538 1718 1582 1749 ibi
1605 1728 1672 1749 non
1696 1719 1824 1760 proprie
1840 1719 1988 1756 sumitur,
2005 1719 2060 1750 sed
2077 1716 2305 1760 metaphorice.
2330 1720 2372 1751 Et
2390 1720 2482 1762 qu'od

1402 1762 1556 1793 sobrietas
1580 1763 1797 1804 metaphorice
1820 1763 1853 1794 in
1877 1763 2032 1804 sapientia
2051 1763 2240 1801 inveniatur,
2261 1764 2485 1796 manifestatur

1403 1817 1440 1837 ex
1463 1806 1528 1838 hoc
1549 1807 1640 1848 quod
1663 1807 1759 1838 etiam
1783 1808 1917 1839 ebrietas
1940 1808 2156 1848 metaphorice
2179 1808 2213 1839 in
2232 1809 2286 1839 illa
2308 1809 2483 1846 invenitur,

1403 1850 1491 1882 iuxta
1513 1850 1604 1888 illud,
1630 1850 1730 1882 Calix
1752 1861 1842 1883 meus
1866 1852 2030 1883 inebrians
2044 1860 2104 1884 etc.
2129 1853 2339 1894 impertinens
2355 1861 2402 1886 est
2423 1862 2483 1885 aur—

1405 1902 1468 1926 tem
1497 1894 1573 1926 huic
1602 1895 1772 1935 proposito
1805 1905 1846 1926 an
1873 1902 1940 1927 tam
1969 1896 2103 1927 ebrietas
2130 1907 2231 1938 quam
2253 1897 2407 1929 sobrietas
2426 1907 2479 1933 aa·

1403 1939 1541 1980 pientiae
1564 1939 1605 1970 sit
1627 1939 1805 1970 laudabilis.
1839 1939 1932 1978 Quae
1957 1946 2064 1972 tamen
2087 1940 2323 1982 impertinentia
2345 1951 2481 1983 arguens

1403 1983 1533 2024 ingerit:
1558 1990 1590 2015 et
1613 1983 1693 2014 nihil
1716 1983 1844 2016 obstant
1866 1983 2045 2025 proposito.

1047 2138 1371 2182 ARTICULUS
1401 2138 1705 2182 SECUNDUS

699 2234 857 2265 UTRUM
882 2233 1122 2265 sonamus
1146 2233 1214 2265 εῖτ
1238 2233 1322 2265 PER
1344 2233 1394 2266 sa
1419 2233 1636 2271 QUAEDAM
1660 2233 1878 2266 SPEOEALIS
1900 2234 2059 2266 vim-us

305 2338 397 2366 νιν,

299 2356 457 2437 ΙΕΞῑέιο
487 2375 672 2412 sobrietas
700 2386 780 2412 non
800 2374 845 2412 sit
874 2387 944 2424 per
972 2387 1012 2412 se
1042 2375 1236 2424 quaedam
1265 2387 1350 2424 spe-

290 2426 339 2477 ’,γῆ
352 2446 412 2474 „2
429 2422 456 2472 ‘fi
472 2428 589 2466 cialis
610 2433 627 2450 α
652 2427 783 2465 virtus.
805 2427 1046 2466 Abstinentia
1067 2428 1170 2466 enim
1190 2428 1354 2471 attendi<

293 2478 300 2487 ²
331 2458 429 2531 ᾇ)
445 2476 547 2519 tur
576 2490 611 2519 et
641 2482 739 2518 circa
777 2481 883 2518 cibos
913 2489 949 2518 et
978 2489 1102 2531 potus.
1143 2482 1222 2520 Sed
1251 2481 1350 2519 circa

274 2535 380 2573 cibos
409 2535 621 2585 specialiter
658 2547 736 2572 non
766 2542 822 2572 est
855 2535 981 2585 aliqua
1016 2534 1189 2584 specialis
1217 2535 1348 2572 virtus.

275 2590 377 2638 Ergo
399 2601 471 2626 nec
499 2588 697 2636 sobrietas,
718 2600 818 2636 quae
839 2596 895 2626 est
924 2588 1023 2626 circa
1043 2596 1170 2638 potus,
1191 2597 1247 2626 est
1266 2601 1351 2638 spe-

275 2642 376 2680 cialis
405 2642 536 2680 virtus.

330 2708 364 2734 2.
386 2696 621 2743 Prusiam,
643 2694 869 2733 abstinentia
890 2702 926 2732 et
953 2696 1041 2744 gula
1059 2703 1148 2733 sunt
1167 2695 1265 2733 circa
1286 2696 1350 2733 de·

276 2750 497 2787 lectationes
517 2756 638 2787 tactus
659 2749 887 2799 inquantum
909 2756 966 2786 est
983 2761 1118 2786 sensus
1138 2748 1308 2787 alimenti
1322 2747 1348 2786 β.

277 2803 354 2840 Sed
383 2802 490 2840 cibus
520 2811 556 2840 et
583 2810 697 2852 potus
726 2802 839 2840 simul
869 2802 1010 2840 cedunt
1037 2802 1075 2840 in
1101 2802 1350 2840 alimentum:

277 2857 389 2894 simul
405 2856 508 2893 enim
530 2856 672 2904 indiget
691 2856 833 2893 animal
853 2855 986 2893 nutriri
1000 2856 1162 2893 humido
1185 2864 1221 2893 et
1235 2856 1349 2894 sicco.
1378 2854 1380 2883 ἱ

276 2911 379 2958 Ergo
401 2909 596 2957 sobrietas,
613 2921 712 2959 quae
733 2917 788 2946 est
808 2909 907 2946 circa
926 2917 1076 2959 potum,
1093 2922 1174 2947 non
1193 2917 1249 2947 est
1267 2922 1351 2959 spe-

277 2963 379 3001 cialis
406 2963 539 3000 virtus.

333 3019 367 3054 3.
389 3017 626 3063 PRAETEREA,
648 3016 743 3053 sicut
763 3015 800 3053 in
821 3016 879 3053 his
908 3028 1008 3065 quae
1029 3016 1078 3054 ad
1106 3016 1352 3055 nutritionem

278 3070 467 3118 pertinent
487 3069 726 3118 distinguitur
746 3077 859 3118 potus
880 3082 902 3106 a
923 3069 1009 3106 cibo
1025 3075 1052 3117 Υ,
1074 3069 1123 3108 ita
1145 3070 1259 3108 etiam
1281 3070 1354 3108 dis-

278 3124 499 3172 tinguuntur
528 3123 679 3160 diversa
708 3135 848 3171 genera
869 3122 1042 3160 ciborum
1066 3131 1101 3160 et
1121 3123 1272 3161 diversa
1291 3136 1353 3172 ge-

279 3190 369 3214 nera
390 3185 564 3226 potuum.
597 3177 635 3213 Si
657 3189 746 3224 ergo
767 3176 952 3213 sobrietas
973 3184 1071 3213 esset
1090 3189 1158 3226 per
1177 3189 1218 3214 se
1239 3189 1355 3226 quae-

281 3230 369 3267 dam
401 3230 574 3279 specialis
602 3230 735 3277 virtus,
755 3230 909 3267 videtur
937 3230 1043 3278 quod
1073 3230 1171 3267 circa
1195 3230 1356 3280 quamli-

281 3284 343 3320 bet
373 3284 627 3321 differentiam
656 3292 770 3332 potus
798 3284 860 3320 vel
882 3283 954 3320 cibi
985 3284 1030 3320 sit
1057 3285 1249 3332 quaedam
1271 3296 1355 3333 spe-

282 3336 383 3373 cialis
411 3337 553 3374 virtus:
584 3337 689 3386 quod
719 3345 774 3374 est
813 3337 1101 3374 inconveniens.
1139 3338 1230 3374 Non
1264 3350 1354 3386 ergo

282 3389 431 3427 videtur
459 3390 566 3437 quod
595 3390 780 3427 sobrietas
809 3390 855 3427 sit
883 3390 1056 3439 specialis
1083 3390 1214 3428 virtus.

336 3523 363 3551 a>
383 3522 514 3553 specialis.
527 3535 546 3541 -
564 3522 626 3546 Om.
646 3522 721 3547 BFK.

336 3555 361 3589 β)
381 3560 420 3582 est
438 3564 530 3582 sensus
554 3557 682 3582 alimenti.
695 3571 714 3576 -
731 3565 822 3582 sensus
845 3559 967 3584 alimenti
991 3559 1084 3588 ACEI,
1104 3561 1166 3583 sunt
1188 3565 1280 3584 sensus
1304 3558 1353 3583 ali-

411 2345 462 2386 ης(
486 2333 509 2359 ι)
529 2333 722 2359 SECUNDUM
737 2333 791 2358 Sic
807 2332 1051 2359 Facetam-rua.
1068 2321 1230 2359 Videtur
1245 2321 1351 2370 quod
1374 2320 1377 2366 ἶ

2457 2297 2486 2318 ,Μ

1459 2322 1535 2359 San
1555 2333 1702 2359 CONTRA
1722 2333 1789 2359 asr
1808 2322 1915 2372 quod
1934 2322 2157 2360 Macrobius
2170 2323 2190 2345 *
2209 2323 2319 2372 ponit
2337 2323 2483 2362 sobrie·-

1404 2381 1520 2412 tatem
1550 2374 1755 2424 specialem
1784 2383 1934 2425 partem
1962 2376 2251 2426 temperantiae.

1458 2429 1687 2466 Responnzo
1706 2440 1893 2467 mensuum
1913 2429 2032 2478 quod,
2054 2429 2152 2467 sicut
2169 2441 2285 2479 supra
2299 2429 2319 2452 '⁸‘
2339 2429 2482 2477 dictum
2510 2440 2519 2449 ·

1405 2489 1472 2529 est,
1493 2482 1541 2519 ad
1561 2481 1743 2534 virtutem
1773 2483 1962 2520 moralem
1980 2483 2144 2532 pertinet
2163 2494 2392 2522 conservare
2411 2483 2480 2520 bo-

1405 2547 1500 2572 num
1521 2535 1678 2573 rationis
1699 2543 1832 2574 contra
1851 2547 1898 2573 ea
1915 2535 2056 2585 quibus
2080 2542 2206 2586 potest
2222 2535 2420 2586 impediri:
2434 2543 2483 2584 et

1405 2588 1507 2636 ideo,
1527 2589 1594 2626 ubi
1615 2588 1807 2627 invenitur
1830 2589 1995 2639 speciale
2019 2589 2343 2639 impedimentum
2367 2589 2482 2628 ratio-

1406 2641 1476 2690 nis,
1497 2641 1549 2679 ibi
1570 2654 1727 2680 necesse
1757 2651 1814 2680 est
1833 2655 1918 2680 esse
1947 2642 2155 2693 specialem
2172 2642 2352 2682 virtutem
2371 2642 2422 2682 ad
2441 2641 2487 2688 il?-

1405 2695 1471 2734 lud
1500 2697 1797 2734 removendum.
1836 2697 1957 2734 Potus
1984 2704 2114 2735 autem
2142 2696 2336 2735 inebrians
2366 2696 2486 2738 habet

1405 2749 1614 2799 specialem
1651 2749 1840 2787 rationem
1881 2750 2118 2800 impediendi
2156 2750 2312 2789 tationis
2345 2761 2480 2788 usum:

1405 2803 1634 2852 inquantum
1653 2803 1795 2840 scilicet
1817 2804 2014 2853 perturbat
2042 2804 2243 2842 cerebrum
2268 2815 2338 2842 sua
2356 2803 2483 2842 fumo·

1406 2856 1525 2894 sitate.
1556 2857 1606 2894 Et
1626 2856 1727 2904 ideo,
1750 2857 1799 2894 ad
1828 2858 2113 2896 removendum
2131 2858 2208 2895 hoc
2225 2856 2482 2907 impedimen-

1404 2918 1487 2948 tum
1517 2909 1686 2957 rationis,
1707 2910 1912 2960 requiritur
1938 2910 2114 2960 specialis
2141 2910 2274 2958 virtus,
2297 2922 2397 2960 quae
2426 2917 2483 2947 est

1406 2963 1604 3002 sobrietas.

1459 3019 1519 3055 An
1549 3029 1688 3055 ramum
1708 3029 1807 3055 saco
1828 3029 2014 3056 menmium
2043 3017 2148 3068 quod
2168 3017 2275 3055 cibus
2305 3024 2341 3054 et
2366 3023 2482 3066 potus

1408 3069 1664 3108 communiter
1683 3070 1872 3121 impedire
1891 3070 2220 3121 possunt-bonum
2241 3069 2396 3108 rationis
2415 3070 2483 3108 ab·

1409 3123 1604 3161 sorbendo
1635 3135 1722 3161 eam
1750 3137 1820 3174 per
1848 3122 2182 3162 immoderantiam
2209 3123 2479 3161 delectationis.

1409 3178 1458 3214 Et
1486 3185 1674 3226 quantum
1701 3177 1750 3215 ad
1769 3178 1857 3226 hoc,
1879 3176 2134 3215 communiter
2163 3176 2262 3214 eirca
2291 3176 2419 3214 cibum
2445 3184 2482 3214 et

1409 3238 1545 3280 potum
1567 3238 1622 3268 est
1642 3230 1881 3269 abstinentia.
1911 3230 1990 3268 Sed
2008 3237 2122 3279 potus
2142 3229 2330 3268 inebriare
2348 3231 2481 3268 valens

1409 3283 1568 3333 impedit
1595 3283 1747 3332 speciali
1772 3283 1930 3330 ratione,
1953 3291 1996 3320 ut
2024 3283 2167 3320 dictum
2189 3291 2244 3320 est
2262 3283 2294 3322 *.
2325 3284 2375 3321 Et
2393 3283 2480 3322 ideo

1412 3337 1568 3386 requirit
1597 3336 1802 3386 specialem
1831 3335 2024 3374 virtutem.

1463 3392 1523 3427 An
1543 3401 1734 3427 SECUNDUM
1753 3401 1937 3427 Diei-:mum
1957 3389 2062 3439 quod
2091 3390 2210 3427 virtus
2230 3389 2479 3428 abstinentiae

1409 3522 1492 3547 menti
1511 3523 1540 3551 L,
1559 3529 1652 3547 sensus
1671 3526 1711 3547 est
1733 3522 1855 3548 alimenti
1881 3523 1950 3552 PGa.
1971 3527 2010 3548 es!
2033 3531 2126 3550 sensus
2150 3524 2283 3550 alternatus
2306 3523 2411 3549 affl.-
2430 3523 2480 3548 Pro

1409 3557 1471 3587 Sed,
1491 3557 1554 3590 quia
1573 3557 1666 3590 BFpA.

1461 3594 1488 3625 γ)
1504 3596 1586 3625 potus
1605 3600 1621 3617 a
1640 3593 1706 3618 cibo.
1720 3607 1738 3612 -
1756 3593 1830 3619 cibus
1848 3602 1864 3619 a
1881 3597 1948 3628 potu
1969 3594 2040 3621 PGa.

2506 1195 2517 1206 ⁸
2535 1194 2574 1217 Ad
2594 1194 2648 1216 1¹¹³.

2507 1225 2570 1244 cont.
2581 1222 2684 1244 conclus.
2694 1228 2719 1248 4.

2670 1194 2719 1217 obt

2510 2335 2552 2358 Ἰιι
2565 2335 2645 2358 Sanni.
2657 2335 2721 2365 Sdp.

2508 2362 2548 2385 nb.
2563 2361 2587 2390 1,
2601 2368 2654 2391 cap.
2671 2369 2721 2386 viu.

2558 2444 2581 2461 a.
2591 2444 2668 2466 mvi.
2678 2442 2720 2462 nrt„

2508 2470 2722 2521 ι’τὶυςῗιᾞ-ινιωῖ

2508 2522 2552 2568 ἓιῗῖἶ
2565 2524 2586 2575 Ξ.
2601 2524 2640 2566 ‘'f''
2659 2524 2720 2547 ω’

2510 3294 2518 3303 “
2533 3292 2680 3322 lneorpore.
