2768 4198
31 1661 39 1669 ·
55 1660 164 1681 Conclus.
180 1657 202 1680 6.

32 1838 42 1846 ⁸
55 1836 91 1858 cf.
106 1842 169 1858 num.
184 1842 217 1858 vr.

34 2195 86 2244 'sc'
106 2208 111 2214 ·
123 2199 245 2242 {25:1⁵5

48 3133 55 3139 ·
71 3129 106 3151 Cf.
123 3135 186 3152 num.
201 3136 241 3152 vn.

271 298 313 322 ,2
930 274 1198 323 QUAESTIO
1229 272 1407 318 cxxm,
1437 270 1736 308 ARTICULUS
1765 270 1800 307 v

266 376 380 410 sona,
411 375 490 399 non
518 360 659 398 recedit
687 372 708 396 a
739 359 836 395 iusto
877 353 1014 392 iudicio
1051 352 1188 388 timore
1224 349 1338 398 gladii
1363 350 1365 380 ἓ
1392 350 1559 396 bonum,
1591 350 1696 396 quod
1734 355 1789 385 est
1824 348 1941 384 Deus.
1982 349 2072 384 Ideo
2112 358 2247 383 eorum
2286 344 2467 382 fortitudo

266 415 500 454 imminentis
528 415 590 451 vel
613 412 890 457 cuiuscumque
919 405 1086 455 periculi,
1109 404 1222 440 etiarn
1243 403 1273 439 si
1293 402 1339 439 sit
1363 382 1366 453 l
1392 402 1598 452 praecipue
1637 402 1942 438 commendatur.
1985 401 2071 437 Nec
2109 407 2165 437 est
2202 407 2306 436 extra
2348 410 2468 446 genus

267 470 513 508 mortiferum.
545 466 710 504 Pertinet
730 462 846 511 ergo(
871 461 919 498 ad
939 458 1198 496 fortitudinem
1221 456 1338 494 firmi-
1364 458 1365 466 ¹
1393 455 1621 492 fortitudinis
1641 467 1740 503 quae
1770 463 1826 492 est
1854 455 1952 492 circa
1981 454 2127 491 bellica.
2157 453 2270 491 Unde
2292 452 2470 490 dicuntur

266 532 382 561 tatem
403 521 519 559 animi
538 520 722 569 praebere
744 524 873 554 contra
901 512 1068 562 pericula
1097 509 1229 547 mortis
1259 521 1337 546 non
1382 510 1509 557 fortes
1521 509 1622 556 facti
1647 509 1685 544 in
1714 508 1809 545 bello
1828 508 1860 545 ²¹⁶.

267 579 393 614 solum
414 586 511 624 quae
527 572 725 610 imminent
740 572 777 607 in
794 569 893 605 bello
910 565 1121 610 communi,
1138 564 1206 600 sed
1222 563 1337 599 etiam
1448 564 1506 598 AD
1545 573 1738 598 SECUNDUM
1776 573 1962 599 mesanum
1998 561 2104 610 quod
2138 573 2198 597 res
2235 558 2470 597 domesticae

267 643 364 680 quae
394 628 594 665 imminent
613 627 650 662 in
679 621 892 673 particulari
916 618 1218 667 impugnatione,
1240 628 1338 665 quae
1393 616 1455 652 vel
1494 615 1665 651 urbanae
1704 614 1984 663 distinguuntur
2026 622 2159 651 contra
2197 626 2256 651 res
2294 613 2469 658 bellicas,

268 682 464 721 communi
485 680 640 717 nomine
660 678 799 714 bellum
815 674 886 711 dici
902 680 1037 721 potest.
1059 672 1108 708 Et
1123 670 1338 707 secundum
1395 681 1494 717 quae
1533 667 1676 704 scilicet
1711 669 1902 716 pertinent
1939 668 1988 706 ad
2022 669 2121 705 bella
2157 666 2391 704 communia.
2429 667 2471 702 ln

267 739 352 781 hoc,
375 734 663 772 concedendum
684 728 864 777 estquod
893 725 1073 763 fortitudo
1104 724 1257 773 proprie
1285 731 1341 759 est
1394 722 1486 770 ipsis
1522 729 1653 758 tamen
1689 722 1803 758 rebus
1837 721 2054 758 domesticis
2086 722 2151 759 vel
2186 720 2344 758 urbanis
2383 732 2472 768 pos—

267 791 365 827 circa
394 788 558 837 pericula
592 785 723 821 mortis
756 793 854 830 quae
885 787 941 816 est
969 779 1007 816 in
1037 779 1150 815 bello.
1395 783 1483 812 sunt
1511 774 1714 811 imminere
1744 774 1913 823 pericula
1941 775 2076 812 mortis
2105 787 2150 812 ex
2174 773 2473 823 impugnationi-

323 844 397 879 Sed
442 849 476 877 et
520 840 617 875 circa
659 836 825 886 pericula
868 833 1143 880 cuiuscumque
1188 830 1340 867 alterius
1395 829 1468 865 bus
1496 828 1742 877 quibusdam,
1767 839 1868 875 quae
1898 836 1986 865 sunt
2013 828 2205 877 quaedam
2235 826 2474 877 particularia

268 896 398 933 mortis
441 893 544 930 fortis
587 893 683 927 bene
727 902 766 925 se
809 888 939 925 habet:
984 885 1207 935 praesertim
1252 884 1340 933 quia
1396 883 1505 919 bella.
1546 883 1595 918 Et
1622 881 1672 918 ita
1701 881 1816 917 etiam
1847 880 1944 918 circa
1972 881 2195 919 huiusmodi
2225 889 2351 930 potest
2390 893 2473 917 esse

268 959 303 986 et
331 947 527 984 cuiuslibet
556 944 686 981 mortis
715 944 835 980 homo
865 948 991 990 potest
1011 939 1223 989 periculum
1253 939 1340 975 sub-
1395 935 1550 985 proprie
1580 935 1679 972 dicta
1708 934 1902 972 fortitudo.
2188 967 2191 968 ⁷

265 1003 316 1039 ire
346 1008 501 1050 propter
528 999 730 1042 virtutem;
767 1004 858 1045 puta
894 1007 982 1031 cum
1013 993 1147 1043 aliquis
1175 1004 1254 1030 non
1284 1003 1340 1028 re·
1450 992 1509 1026 AD
1537 1001 1699 1026 TERT1UM
1728 1000 1915 1026 DICENDUM
1935 987 2042 1036 quod
2066 999 2140 1037 pax
2159 987 2390 1036 reipublicae
2420 995 2475 1024 est

266 1054 357 1103 sugit
385 1053 509 1090 amico
539 1051 744 1089 infirmanti
774 1048 937 1098 obsequi
970 1055 1126 1097 propter
1161 1046 1341 1083 timorem
1367 1049 1369 1067 l
1398 1043 1613 1081 secundum
1652 1055 1691 1080 se
1720 1043 1844 1088 bona,
1875 1054 1947 1079 nec
1984 1040 2154 1078 redditur
2190 1042 2292 1078 mala
2325 1053 2371 1078 ex
2399 1041 2475 1078 hoc

267 1107 484 1146 mortiferae
522 1105 756 1149 infectionis;
793 1104 855 1140 vel
885 1115 974 1139 cum
1009 1114 1086 1138 non
1124 1099 1259 1148 refugit
1287 1099 1342 1136 iti·
1398 1098 1504 1147 quod
1533 1097 1649 1146 aliqui
1677 1097 1777 1134 male
1807 1109 1852 1133 ea
1881 1103 2049 1133 utuntur.
2080 1095 2183 1132 Nam
2214 1102 2251 1131 et
2277 1094 2386 1131 multi
2414 1094 2476 1131 alii

267 1162 389 1199 nerari
419 1161 468 1198 ad
493 1159 648 1208 aliquod
676 1158 786 1207 pium
806 1156 1004 1205 negotium
1024 1153 1342 1204 prosequendum
1399 1159 1487 1189 sunt
1515 1151 1580 1199 qui
1612 1152 1711 1188 bene
1732 1163 1777 1188 ea
1796 1157 1973 1187 utuntur:
2004 1157 2040 1186 et
2059 1149 2182 1186 multo
2211 1148 2346 1197 peiora
2374 1148 2476 1184 mala

266 1223 423 1266 propter
451 1214 629 1251 timorem
660 1211 843 1259 naufragii
873 1211 935 1246 vel
965 1210 1169 1246 latronum.
1369 1222 1370 1225 ¹
1397 1218 1467 1255 per
1495 1218 1582 1242 eam
1611 1204 1876 1254 prohibentur,
1907 1203 2047 1240 scilicet
2074 1201 2296 1250 homicidia,
2326 1200 2476 1238 sacrile-

320 1271 378 1306 An
398 1279 536 1305 PRIMUM
556 1278 655 1304 eaeo
685 1276 872 1302 DICENDUM
893 1263 999 1312 quod
1020 1270 1204 1310 martyres
1234 1260 1343 1298 susti·
1399 1259 1471 1308 gia,
1502 1271 1619 1309 quam
1651 1270 1695 1295 ex
1725 1270 1772 1295 ea
1801 1257 2112 1303 occasionentur,
2143 1268 2242 1306 quae
2271 1254 2477 1305 praecipue

267 1331 359 1360 nent
386 1321 607 1371 personales
627 1318 937 1368 impugnationes
957 1323 1115 1366 propter
1143 1327 1343 1353 summum
1398 1313 1590 1363 pertinent
1619 1313 1667 1350 ad
1695 1311 1786 1349 vitia
1815 1311 1950 1349 carnis.

319 1447 344 1479 ζ)
365 1454 439 1480 ergo.
454 1459 472 1465 —
490 1448 581 1469 autem
602 1444 671 1468 PCa.

953 1521 1291 1554 Commentario.
1313 1517 1568 1553 cardinalis
1591 1518 1794 1551 Caietani

299 1620 318 1640 N
343 1607 477 1639 articulo
501 1606 615 1647 quinto
639 1604 775 1635 dubium
799 1603 941 1634 occurrit
964 1612 1001 1634 ex
1017 1602 1167 1639 Martino,
1184 1601 1346 1642 quaestio·
1398 1601 1633 1632 oblectamenta
1657 1599 1690 1630 in
1721 1598 1928 1640 oppositum;
1959 1606 1991 1630 et
2013 1597 2159 1629 similiter
2187 1597 2228 1628 ad
2258 1597 2482 1629 liberalitatem

272 1622 340 1684 Ine
364 1663 397 1683 111
409 1652 435 1689 *‚
461 1652 541 1682 circa
562 1650 640 1680 illud
668 1650 789 1680 dictum
805 1648 936 1685 litterae,
954 1647 1088 1679 scilicet:
1112 1647 1283 1678 Fortitudo
1299 1651 1346 1678 est
1370 1677 1371 1683 ,
1399 1652 1434 1677 ut
1457 1651 1714 1687 perseverantem
1737 1643 1873 1685 pertinet
1897 1643 2017 1674 donare
2040 1650 2072 1674 et
2097 1642 2274 1684 expendere
2298 1643 2481 1683 superando

269 1701 366 1731 etiam
391 1698 478 1728 circa
496 1695 646 1737 pericula
663 1695 776 1725 mortis
799 1695 831 1724 in
856 1693 938 1724 bello
954 1693 1162 1733 particulari,
1187 1702 1262 1724 cum
1286 1691 1343 1722 sci·
1369 1685 1372 1720 l
1398 1699 1624 1732 quaecumque
1655 1688 1755 1720 tristia
1784 1689 1823 1720 ab
1853 1689 1916 1720 hoc
1947 1687 2158 1724 abducentia;
2187 1687 2228 1719 ad
2259 1687 2482 1719 liberalitatem

269 1744 342 1775 licet
366 1742 448 1783 quis,
470 1748 505 1772 ut
529 1741 650 1771 deserat
673 1739 834 1776 virtutem,
852 1738 1061 1779 impugnatur
1077 1747 1180 1779 usque
1203 1737 1244 1768 ad
1259 1746 1345 1768 mor·
1370 1739 1373 1773 ξ
1398 1745 1476 1766 vero
1501 1742 1536 1766 ut
1560 1734 1819 1775 temperantiam,
1844 1743 1901 1765 seu
1925 1740 2146 1774 temperatam,
2170 1739 2291 1774 spectat
2307 1733 2428 1764 donare
2451 1738 2484 1764 et

270 1797 346 1820 tem.
377 1787 455 1818 Vult
478 1785 638 1827 siquidem
662 1784 818 1815 Martinus
848 1783 910 1814 hoc
934 1793 1002 1814 esse
1026 1782 1161 1814 falsum:
1193 1782 1346 1823 affertque
1370 1778 1372 1793 '
1399 1780 1587 1820 expendere,
1612 1779 1744 1810 domitis
1766 1778 1832 1810 iam
1855 1778 1998 1815 tristitiis,
2023 1777 2288 1810 delectationibus
2308 1787 2345 1808 ac
2360 1776 2483 1819 cupidi-

271 1839 380 1864 contra
404 1832 466 1862 hoc
490 1831 581 1871 plura
597 1829 726 1860 motiva.
751 1828 860 1859 Primo
884 1828 980 1868 igitur
1003 1828 1107 1868 arguit
1130 1827 1175 1858 sic
1189 1827 1216 1858 *.
1242 1827 1346 1858 Forti-
1371 1830 1373 1870 ζ
1399 1825 1528 1862 tatibus,
1554 1832 1585 1855 et
1609 1823 1826 1854 universaliter
1858 1822 2060 1864 passionibus
2083 1823 2116 1853 in
2141 1822 2351 1864 oppositum;
2382 1822 2423 1854 ad
2447 1821 2483 1853 li-

270 1878 350 1909 tudo
375 1883 421 1907 est
444 1883 570 1906 tantum
594 1875 674 1905 circa
698 1874 752 1904 illa
782 1873 894 1904 mortis
925 1872 1065 1913 pericula
1095 1873 1127 1903 in
1152 1872 1270 1913 quibus
1300 1878 1347 1902 est
1372 1885 1373 1896 κ
1400 1869 1598 1900 beralitatem
1623 1869 1756 1899 demum
1779 1868 1942 1899 heroicam
1965 1874 2087 1909 spectat
2110 1867 2231 1898 donare
2254 1875 2285 1899 et
2305 1867 2483 1908 expendere

270 1920 535 1962 contrapugnatio
560 1919 739 1950 secundum
763 1918 843 1949 vires
869 1918 1037 1949 exteriores
1062 1924 1172 1949 contra
1196 1923 1345 1948 mortem.
1372 1937 1374 1968 Ι
1400 1914 1498 1946 etiam
1520 1914 1546 1945 si
1570 1914 1751 1954 periculum
1774 1913 1888 1944 mortis
1911 1912 2088 1949 immineat,
2108 1912 2272 1943 inhibente
2288 1912 2398 1954 aliquo
2422 1913 2483 1944 sub

271 1967 332 1999 Sed
356 1967 388 1997 in
413 1965 489 1996 solis
506 1964 654 2005 periculis
678 1963 789 1994 mortis
813 1973 895 2004 quae
920 1971 966 1994 est
981 1963 1013 1993 in
1030 1962 1115 1993 bello
1132 1961 1347 1994 communiter
1373 1987 1374 1991 ,
1401 1969 1507 2001 poena
1530 1958 1644 1990 mortis
1668 1965 1699 1989 et
1722 1957 1923 1989 cruciatuum
1946 1967 1986 1988 ne
2003 1957 2161 1998 expendat
2184 1964 2240 1989 aut
2266 1957 2375 1994 donet,
2399 1967 2484 1999 quo-

270 2012 355 2042 dicto
380 2018 426 2041 est
449 2009 638 2041 huiusmodi
662 2008 938 2049 contrapugnatio.
963 2008 1050 2048 Ergo
1074 2007 1107 2038 in
1130 2006 1180 2038 his
1199 2007 1276 2038 solis
1300 2013 1348 2038 est
1373 2005 1375 2042 i
1401 2004 1490 2036 niam
1513 2013 1700 2046 permanere
1723 2003 1757 2034 in
1781 2002 1971 2034 huiusmodi
1991 2002 2117 2034 virtutis
2132 2011 2230 2043 opere
2253 2011 2321 2033 non
2337 2002 2484 2034 obstante

271 2056 436 2087 fortitudo.
462 2055 502 2085 Et
526 2060 758 2095 consequenter
774 2063 840 2083 non
858 2060 904 2084 est
920 2052 953 2082 in
970 2052 1031 2083 illis
1048 2062 1131 2094 quae
1153 2052 1349 2083 sustinentur
1373 2049 1376 2099 ἶ
1402 2049 1544 2081 cruciatu
1568 2056 1624 2080 aut
1647 2056 1766 2085 morte,
1791 2057 2001 2079 communem
2026 2046 2199 2078 hominurn
2223 2046 2410 2078 facultatem
2433 2057 2484 2078 ex-

272 2107 402 2143 propter
424 2099 573 2130 virtutem
598 2098 785 2128 servandam
810 2098 877 2128 sine
901 2097 1046 2128 exteriori
1071 2096 1267 2128 defensione.
1374 2112 1376 2125 ι
1402 2094 1496 2126 cedit.

325 2145 430 2176 Maior
459 2144 628 2184 probatur,
660 2142 781 2182 inquit,
813 2152 869 2182 per
901 2141 1057 2173 rationem
1089 2141 1285 2178 Aristotelis,
1316 2141 1349 2172 in
1457 2139 1586 2177 Quibus
1602 2138 1794 2179 praelibatis,
1813 2137 1888 2168 dicit
1904 2137 1994 2178 quod
2010 2136 2176 2177 persistere
2192 2136 2226 2167 in
2242 2136 2359 2167 virtute
2375 2143 2487 2168 contra

274 2191 314 2222 111
339 2190 442 2220 Ethic.
455 2188 482 2224 *,
508 2187 655 2218 dicentis:
681 2187 837 2218 Similiter
859 2191 967 2217 autem
987 2191 1018 2217 et
1033 2187 1171 2217 viriliter
1193 2191 1300 2227 agunt
1315 2187 1347 2217 in
1403 2183 1517 2215 mortis
1530 2183 1672 2224 pericula
1684 2192 1760 2214 cum
1772 2181 2082 2222 contrapugnatione
2095 2188 2206 2213 contra
2218 2188 2356 2213 mortem
2369 2181 2485 2223 ipsam,

273 2235 387 2276 quibus
411 2238 457 2264 est
472 2232 637 2274 fortitudo
662 2237 691 2262 et
715 2231 831 2262 bonum
856 2232 948 2262 mori.
1404 2235 1525 2270 spectat
1548 2228 1589 2258 ad
1613 2227 1851 2258 fortitudinem:
1877 2226 1944 2257 sine
1969 2225 2279 2266 contrapugnatione
2301 2235 2380 2258 vero
2403 2226 2488 2260 diet·

328 2278 451 2310 Deinde
476 2277 629 2317 probatur
652 2276 783 2307 ratione.
817 2276 851 2306 ln
876 2275 937 2306 illis
962 2275 1038 2306 solis
1062 2275 1174 2306 mortis
1202 2274 1350 2316 periculis
1405 2273 1565 2314 suscipere
1589 2279 1620 2303 et
1643 2272 1777 2303 tolerare
1802 2278 1940 2302 mortem
1964 2270 2073 2312 potius
2097 2281 2197 2312 quam
2220 2281 2238 2302 a
2261 2271 2378 2303 virtute
2401 2281 2487 2305 rece-

275 2324 307 2355 in
331 2323 449 2365 quibus
474 2329 520 2352 est
544 2320 809 2362 contrapugnatio
833 2321 873 2350 de
897 2330 961 2361 qua
984 2319 1166 2361 loquimur,
1196 2319 1352 2361 reperitur
1406 2319 1489 2354 dere,
1515 2324 1635 2358 spectat
1659 2316 1698 2347 ad
1722 2316 1877 2347 illammet
1901 2316 2052 2347 virtutem
2068 2314 2100 2346 in
2117 2325 2182 2357 qua
2203 2315 2392 2357 persistitur,
2407 2324 2488 2358 puta

275 2369 373 2400 timor
396 2374 427 2398 et
450 2366 591 2397 audacia.
617 2365 703 2405 Ergo
726 2365 759 2395 in
783 2365 846 2395 illis
870 2365 946 2395 solis
970 2372 1017 2396 est
1040 2363 1205 2396 fortitudo.
1221 2382 1242 2388 -
1263 2363 1350 2396 Con·
1377 2378 1379 2392 a
1405 2362 1513 2399 fidem,
1538 2361 1704 2398 iustitiam,
1729 2361 1960 2398 liberalitatem,
1986 2360 2171 2397 castitatem,
2196 2366 2271 2398 etc.‚
2304 2361 2364 2392 sub
2386 2361 2486 2402 'gradu

277 2411 441 2454 sequentia
465 2417 560 2452 patet.
578 2428 598 2434 -
615 2411 656 2441 Et
678 2410 867 2441 antecedens
890 2410 1054 2450 probatur.
1079 2409 1163 2446 Quia
1181 2409 1214 2439 in
1229 2409 1351 2440 actibus
1405 2415 1513 2440 tamen
1537 2406 1678 2438 heroico.
1703 2406 1746 2437 Et
1769 2406 1850 2437 adeo
1874 2405 1919 2437 sic
1942 2415 2010 2436 esse
2035 2405 2110 2436 dicit
2133 2412 2170 2436 ut
2190 2405 2286 2437 etiam
2302 2405 2408 2437 subire
2432 2415 2487 2447 pe-

276 2458 338 2489 illis
361 2457 394 2487 in
418 2456 545 2498 quibua
571 2465 629 2496 pro
653 2454 772 2486 iustitia
796 2461 851 2485 aut
873 2453 935 2485 fide
956 2454 1118 2490 servanda,
1143 2454 1212 2484 sine
1228 2460 1351 2485 contra·
1406 2452 1507 2484 ricula
1529 2452 1644 2483 mortis
1667 2451 1735 2482 sine
1759 2450 2071 2491 contrapugnatione
2094 2450 2128 2482 in
2144 2457 2284 2482 mortem
2298 2450 2388 2482 illam
2412 2461 2489 2492 pro-

277 2501 475 2544 pugnatione
491 2500 636 2531 subimus
653 2499 794 2540 pericula
809 2499 931 2536 mortis,
949 2499 1064 2530 audere
1081 2508 1207 2540 semper
1222 2506 1270 2530 est
1284 2499 1351 2530 lau·
1378 2512 1381 2528 ι
1407 2505 1477 2539 pter
1507 2504 1615 2528 actum
1647 2496 1860 2533 fortitudinis,
1894 2502 1973 2537 puta
1996 2495 2022 2526 si
2045 2495 2119 2537 quis
2150 2495 2368 2527 comminetur
2393 2495 2489 2528 militi

278 2546 391 2583 dabile,
415 2545 491 2588 quia
515 2545 630 2576 audere
645 2544 688 2575 ibi
699 2543 739 2575 *fit
754 2551 880 2575 tantum
903 2554 959 2585 per
975 2551 1083 2575 actum
1107 2553 1174 2584 quo
1189 2543 1352 2575 malumus
1378 2530 1381 2576 l
1407 2549 1546 2574 mortem
1571 2541 1596 2572 si
1620 2541 1653 2572 in
1677 2541 1763 2572 bello
1787 2540 1938 2572 defendat
1967 2540 2119 2581 patriam:
2145 2558 2163 2563 —
2189 2539 2281 2571 miles
2311 2541 2488 2582 pugnando

278 2591 384 2622 subire
408 2597 544 2621 mortem
570 2599 669 2631 quam
693 2588 870 2630 relinquere
894 2590 1060 2620 virtutem:
1094 2588 1204 2620 timere
1229 2595 1351 2626 autem,
1407 2587 1539 2629 quidem
1571 2586 1661 2617 fortis
1685 2586 1740 2623 sit;
1766 2586 1821 2617 sed
1852 2585 2022 2616 subeundo
2056 2584 2237 2626 periculum
2268 2585 2382 2618 mortis
2413 2595 2490 2627 pro-

278 2646 335 2667 seu
360 2635 485 2676 fugere,
518 2644 644 2675 semper
666 2640 713 2665 est
735 2633 959 2670 inhonestum,
991 2633 1066 2675 quia
1096 2633 1207 2665 timere
1238 2632 1274 2664 fit
1297 2643 1353 2674 per
1408 2639 1515 2674 pterea
1539 2631 1763 2668 comminatae,
1787 2630 1878 2662 fortis
1903 2629 2029 2661 heroice
2052 2629 2102 2661 sit.

279 2688 386 2712 actum
410 2679 604 2711 contrarium
628 2678 778 2709 audaciae
801 2685 913 2710 rectae.
938 2678 973 2709 ln
997 2678 1058 2709 illis
1082 2688 1158 2709 vero
1182 2677 1215 2708 in
1235 2677 1353 2719 quibus
1462 2676 1586 2708 Deinde
1598 2676 1625 2713 ¹⁸¹,
1646 2676 1743 2707 allato
1766 2675 1916 2716 exemplo
1935 2674 2088 2706 Buridani
2112 2674 2152 2706 de
2168 2674 2302 2706 muliere
2318 2674 2491 2716 coniugam

279 2732 326 2757 est
349 2723 626 2766 contrapugnatiO,
650 2722 734 2754 cadit
756 2730 845 2754 actus
860 2723 999 2754 audendi
1024 2723 1167 2759 honeste,
1188 2722 1306 2754 scilicet
1320 2723 1353 2754 in
1380 2750 1382 2759 ι
1409 2729 1528 2753 tentata
1552 2722 1590 2752 de
1614 2720 1772 2752 adulterio
1788 2719 2049 2762 quadrupliciter.
2065 2719 2184 2751 scilicet
2199 2719 2306 2760 primo
2330 2729 2387 2761 per
2401 2720 2491 2752 blan·

280 2769 588 2810 contrapugnatione
612 2768 815 2805 assumenda,
839 2775 916 2805 etc.;
945 2776 976 2799 et
999 2775 1161 2809 praeterea
1184 2767 1216 2798 in
1241 2777 1353 2799 execu-
1380 2767 1382 2772 '
1409 2767 1502 2798 ditias
1526 2774 1557 2798 et
1578 2765 1734 2803 lascivias,
1753 2766 1895 2797 secundo
1912 2775 1968 2806 per
1984 2772 2119 2796 terrores
2134 2765 2304 2796 verberum
2319 2771 2351 2796 et
2367 2765 2490 2802 mortis,

279 2815 366 2846 tione
390 2814 486 2846 huius
502 2821 591 2846 actus
608 2812 691 2844 cadit
707 2813 848 2849 audacia,
874 2813 956 2844 cadit
972 2813 1079 2848 timor,
1097 2813 1179 2844 cadit
1199 2812 1354 2844 fortitudo
1381 2808 1382 2811 '
1410 2811 1502 2843 tertio
1527 2821 1583 2852 per
1599 2811 1749 2852 pretium.
1773 2818 1890 2852 quarto
1906 2820 1963 2851 per
1979 2809 2074 2841 falsas
2097 2809 2274 2847 suasiones,
2291 2810 2427 2850 probare
2443 2809 2490 2841 ni-

281 2859 404 2895 media;
429 2866 459 2890 et
482 2869 590 2890 rursus
614 2864 729 2898 potest,
755 2857 849 2889 etiam
874 2864 975 2888 stante
998 2857 1135 2899 imperio
1161 2857 1355 2888 executionis
1381 2864 1383 2894 ,¹
1410 2857 1487 2888 titur
1510 2856 1600 2898 quod
1624 2854 1811 2887 huiusmodi
1828 2854 1944 2886 mulier
1960 2854 1992 2886 in
2011 2854 2162 2892 castitate,
2187 2863 2254 2885 non
2274 2855 2422 2886 obstante
2435 2864 2490 2896 pe-

281 2904 320 2935 ad
338 2904 669 2944 contrapugnandum‚
694 2912 823 2943 peccare
839 2902 975 2943 peccatis
995 2902 1152 2943 oppositis
1177 2901 1355 2934 fortitudini
1382 2897 1383 2937 l
1411 2902 1512 2933 riculo
1537 2900 1659 2938 mortis,
1684 2900 1822 2942 persistit
1845 2910 1902 2941 per
1917 2899 2161 2941 temperantiam
2177 2898 2352 2936 heroicam,
2377 2905 2408 2930 et
2423 2907 2491 2931 non

282 2958 338 2990 per
353 2948 529 2985 audaciam,
543 2946 756 2989 aggrediendo
771 2948 822 2978 vel
838 2947 1034 2987 expectando
1053 2957 1128 2979 cum
1146 2947 1255 2978 utilius
1275 2955 1356 2978 esset
1382 2953 1384 2978 l
1410 2946 1650 2978 fortitudinem:
1675 2946 1764 2987 quod
1789 2952 1836 2977 est
1859 2945 1995 2986 probare
2019 2951 2234 2986 assumptum,
2258 2943 2378 2976 scilicet
2400 2944 2491 2986 quod

282 2994 392 3024 cedere
422 2993 471 3024 his
494 2993 551 3034 qui
574 2993 669 3032 longe
698 2992 812 3033 procul
842 2992 940 3023 dubio
965 3002 1102 3024 numero
1126 2999 1157 3023 et
1180 2993 1296 3023 robore
1325 3000 1356 3024 et
1382 3003 1384 3025 ς
1411 3001 1468 3033 per
1490 2991 1566 3022 alias
1582 2991 1714 3022 virtutes
1729 2989 1923 3022 sufficienter
1937 2989 2119 3030 diriguntur
2133 2989 2283 3020 homines
2301 2988 2336 3020 in
2350 2989 2491 3020 subeun-

283 3037 378 3069 armis
401 3038 570 3068 validiores
593 3043 678 3075 sunt,
703 3037 745 3068 ita
762 3044 797 3068 ut
813 3044 895 3068 certa
919 3037 958 3068 sit
977 3047 1091 3068 eorum
1108 3037 1239 3068 victoria
1263 3037 1289 3068 si
1306 3047 1356 3068 ex·
1383 3044 1384 3073 ξ
1411 3037 1460 3067 dis
1480 3036 1628 3077 periculis
1644 3035 1756 3067 mortis
1773 3042 1904 3076 propter
1919 3034 2070 3066 virtutem
2085 3033 2153 3066 sine
2169 3033 2490 3075 contrapugnntioue.

282 3090 456 3124 pectentur.
482 3083 578 3123 Ergo,
603 3088 661 3113 etc.
1383 3079 1385 3108 ἒ
1411 3081 1526 3122 Arguit
1550 3091 1626 3122 ergo
1651 3081 1705 3112 sic.
1729 3079 1897 3120 Contingit
1917 3079 2092 3121 aliquando
2109 3079 2200 3120 quod
2223 3078 2339 3110 mulier
2361 3078 2416 3109 illa
2431 3088 2491 3120 pu-

337 3127 374 3158 11.
390 3127 501 3159 Tertio
513 3126 541 3158 *.
563 3126 598 3157 ln
615 3126 790 3159 subeundis
806 3126 955 3167 periculis
971 3126 1082 3158 mortis
1100 3125 1358 3167 contingentibus
1383 3152 1385 3160 ⁴
1413 3126 1481 3157 dica
1504 3126 1610 3157 vincat
1632 3125 1820 3157 huiusmodi
1845 3124 1996 3156 timorem
2019 3123 2147 3156 mortis:
2176 3130 2208 3155 et
2231 3133 2297 3155 non
2321 3132 2378 3164 per
2401 3121 2491 3155 forti-

284 3171 372 3202 aliter
395 3182 494 3213 quam
517 3171 551 3202 in
574 3171 660 3205 bello
685 3171 982 3213 contrapugnativo,
1007 3171 1187 3212 diriguntur
1209 3171 1358 3203 homines
1412 3171 1558 3203 tudinem
1582 3180 1640 3202 nec
1663 3180 1721 3211 per
1743 3169 1913 3201 iustitiam:
1939 3178 2014 3210 ergo
2038 3177 2096 3210 per
2118 3167 2373 3210 temperantiam.

285 3216 475 3247 sufficienter
497 3226 553 3257 per
576 3216 655 3250 alios
679 3216 806 3247 habitus
829 3226 847 3246 a
871 3215 1066 3247 fortitudine.
1093 3216 1178 3257 Ergo
1203 3216 1358 3248 fortitudo
1466 3215 1623 3246 Probatur
1637 3214 1776 3246 secunda
1792 3224 1865 3256 pars
1881 3213 2049 3254 assumpti.
2065 3212 2150 3251 Quia
2167 3212 2319 3255 possibile
2339 3219 2387 3244 est
2401 3213 2492 3254 quod

287 3270 352 3291 non
377 3268 422 3292 est
446 3261 525 3292 circa
549 3261 613 3292 illa.
637 3281 659 3287 -
683 3261 923 3302 Consequentia
947 3267 1043 3302 patet.
1384 3258 1386 3265 ’
1413 3270 1495 3302 quae
1519 3260 1564 3292 sic
1587 3260 1797 3301 impugnatur
1820 3267 1987 3299 nunquam
2011 3268 2044 3290 se
2068 3258 2209 3290 exercuit
2231 3257 2265 3289 in
2288 3257 2421 3289 materia
2443 3257 2492 3289 iu-

342 3305 381 3336 Et
405 3306 591 3337 antecedens
615 3308 770 3347 probatur
792 3306 891 3346 longo
916 3315 1083 3347 processu,
1115 3305 1357 3346 distinguendo,
1384 3336 1386 3343 ,
1412 3305 1514 3337 stitiae
1531 3312 1562 3336 et
1578 3304 1784 3341 fortitudinis,
1801 3303 1973 3345 spectantis
1990 3303 2162 3344 praecipue
2185 3303 2226 3334 ad
2241 3302 2440 3343 pudicitiam,
2455 3312 2492 3334 ae

290 3350 466 3380 secundum
491 3350 692 3383 Aristotelem
718 3349 768 3394 (ut
791 3351 858 3392 ipse
883 3349 989 3394 dicit),
1020 3350 1169 3382 virtutem
1199 3351 1231 3381 in
1255 3350 1359 3392 ipsam
1384 3346 1386 3383 Ξ
1413 3360 1470 3391 per
1492 3350 1555 3381 hoc
1580 3359 1638 3381 nec
1661 3348 1814 3380 iustitiam
1838 3358 1897 3380 nec
1921 3347 2143 3380 fortitudinem
2166 3347 2296 3379 habeat:
2326 3354 2355 3379 et
2381 3356 2493 3379 conse-

290 3393 478 3434 simplicem,
504 3402 534 3425 et
549 3394 581 3424 in
599 3395 666 3427 eius
682 3396 797 3436 gradus
821 3402 898 3426 tres:
924 3405 1065 3437 quorum
1084 3394 1207 3436 primus
1224 3403 1270 3426 est
1285 3405 1360 3427 con·
1385 3386 1387 3398 ’
1413 3402 1557 3436 quenter,
1576 3393 1776 3425 defendendo
1793 3403 1837 3430 se,
1863 3402 1928 3424 non
1946 3392 2005 3423 nisi
2022 3402 2078 3434 per
2094 3392 2322 3434 temperantiae
2342 3391 2492 3423 virtutem

290 3438 444 3469 tinentiae
455 3443 484 3469 et
491 3442 769 3478 perseverantiae,·
785 3440 954 3477 secunduS,
972 3442 1222 3481 temperantiae;
1237 3440 1358 3476 tertius,
1415 3449 1448 3470 se
1471 3438 1622 3470 defendit.
1647 3455 1667 3461 -
1693 3437 1842 3469 Secundo
1865 3437 1952 3479 quia,
1977 3437 2053 3468 dato
2070 3437 2165 3468 etiam
2183 3437 2272 3478 quod
2289 3437 2360 3468 talis
2377 3435 2493 3468 mulier

291 3483 447 3513 heroicus.
473 3483 517 3513 lta
540 3485 629 3524 quod
653 3486 692 3515 ad
715 3484 864 3515 virtutem
889 3485 1082 3516 liberalitatis
1110 3485 1264 3525 simplicis
1291 3494 1362 3525 spe·
1415 3493 1490 3515 cum
1514 3483 1723 3523 temperantia
1746 3482 1861 3513 habeat
1883 3481 2037 3514 iustitiam
2054 3489 2084 3513 et
2101 3482 2333 3520 fortitudinem,
2358 3491 2423 3513 non
2448 3488 2492 3512 ta-

293 3534 354 3557 ctat
370 3527 543 3567 expendere
560 3535 589 3558 et
606 3529 722 3559 donare
747 3536 842 3569 prout
865 3537 991 3570 oportet
1008 3536 1038 3560 et
1061 3529 1094 3560 in
1115 3539 1198 3571 quae
1223 3536 1360 3570 oportet,
1387 3558 1389 3566 ,
1415 3538 1489 3559 men
1514 3527 1558 3558 sic
1582 3538 1615 3558 se
1639 3527 1788 3559 defendet
1817 3537 1873 3568 per
1895 3526 1964 3558 illas
1988 3527 2119 3558 virtutes
2143 3527 2232 3569 quod
2257 3534 2346 3558 actus
2370 3525 2492 3558 elicitus

293 3571 456 3607 absolute;
481 3572 520 3602 ad
536 3571 752 3604 liberalitatem
775 3583 851 3603 vero
869 3581 903 3604 ut
927 3574 1146 3606 continentem
1167 3580 1287 3614 spectat
1303 3573 1361 3604 do·
1387 3572 1389 3607 l
1415 3582 1482 3614 quo
1507 3572 1630 3603 mavult
1653 3572 1758 3603 subire
1782 3579 1921 3603 mortem
1944 3582 2042 3612 quam
2060 3571 2240 3608 adulterari.
2261 3571 2300 3603 sit
2315 3577 2405 3602 actus
2429 3569 2491 3601 for-

293 3625 367 3646 nare
396 3623 426 3646 et
456 3617 630 3656 expendere
657 3618 837 3658 superando
869 3618 1034 3649 blanditias
1065 3618 1114 3649 vel
1138 3628 1362 3660 quaecumque
1388 3612 1390 3624 ⁸
1417 3617 1578 3652 titudinis,
1610 3624 1640 3648 et
1671 3627 1736 3647 non
1760 3623 1850 3648 actus
1874 3617 2118 3657 temperantiae:
2150 3617 2254 3648 immo
2283 3614 2492 3656 temperantia

2498 500 2612 522 maneb.
2620 505 2647 522 ea
2665 506 2713 527 .ιι,

2499 528 2635 579 sam.
2648 533 2714 580 35¹3:

2499 581 2538 604 fin.
2554 581 2636 609 eorm.

2519 2679 2660 2704 ·G.nn.
2679 2686 2732 2703 vm.
