2768 4198
76 941 84 950 ⁸
100 939 167 961 Vers.
183 945 202 960 2.

76 994 85 1001 “
99 992 167 1013 Vers.
183 998 212 1018 ¹7·

73 2492 82 2500 ·
97 2490 120 2512 1·
134 2490 191 2517 11⁸²,
206 2495 244 2517 qu.
262 2494 283 2515 c,

72 2521 114 2539 art.
129 2523 151 2545 9,
167 2516 195 2538 ad
210 2522 230 2538 2.

73 2624 133 2650 ⁸Qu.
141 2627 283 2650 cxxu,an.9,

72 2650 204 2672 commem,
219 2655 282 2671 num.

73 2683 88 2698 ι.

330 270 402 306 156

972 265 1241 312 QUAESTIO
1273 264 1466 313 CXLVII,
1493 265 1794 303 ARTICULUS
1824 266 1872 302 III

319 357 375 387 est
402 363 425 387 a
452 348 629 398 praelatis
663 347 855 385 Ecclesiae
893 345 1115 382 institutum.
1154 344 1203 380 Et
1230 344 1306 379 hoc
1335 349 1391 380 est
1416 345 1419 366 ²
1445 344 1711 382 auctoritatem
1749 345 1780 382 si
1817 345 1952 393 aliquis
1985 346 2299 394 transgrediendo
2336 354 2519 384 statutum

318 403 503 440 ieiunium
533 401 746 439 Ecclesiae:
777 399 888 445 aliud,
919 405 1076 434 naturae
1096 402 1122 433 Υ.

1446 404 1687 445 contemnat;
1726 398 1789 435 vel
1817 398 1893 435 hoc
1922 399 2041 436 modo
2080 399 2377 448 transgrediatur
2414 401 2519 449 quod

371 458 430 494 An
459 467 597 493 PRlMUM
627 466 725 491 ERGO
754 463 939 489 meramnum
969 450 1075 498 quod
1103 449 1302 495 ieiunium,
1333 460 1390 484 se·
1444 449 1673 498 impediatur
1690 451 1778 488 finis
1797 463 1916 500 quem
1944 452 2121 490 intendit:
2151 461 2285 502 peccat
2309 451 2520 490 mortaliter

318 509 486 547 cundum
517 521 557 545 se
591 507 892 550 consideratum,
924 515 1002 540 non
1040 502 1214 539 nominat
1248 501 1389 550 aliquid
1415 503 1418 552 Ι
1444 502 1527 539 talis
1554 510 1822 551 transgressor.
1853 505 1892 542 Si
1921 513 2051 542 autem
2082 518 2126 543 ex
2155 507 2282 556 aliqua
2306 506 2520 543 rationabili

318 562 488 610 eligibile,
519 563 586 599 sed
616 559 800 609 quiddam
829 557 1004 606 poenale.
1044 555 1231 593 Redditur
1259 562 1389 591 autem
1415 554 1417 619 ξ
1445 567 1560 592 causa
1580 555 1664 604 quis
1684 563 1865 594 statutum
1886 570 1965 595 non
1985 567 2123 607 servet,
2144 560 2350 609 praecipue
2369 560 2407 597 in
2429 571 2519 597 casu

319 615 479 664 eligibile
508 613 720 651 secundum
749 610 855 660 quod
885 617 940 646 est
967 609 1058 645 utile
1087 609 1137 646 ad
1165 609 1285 646 finem
1324 607 1388 644 ali·
1415 620 1417 646 τ
1443 607 1482 644 in
1511 620 1589 657 quo
1621 609 1747 656 etiam,
1769 609 1799 646 si
1827 610 2018 658 legislator
2046 612 2208 661 adesset,
2229 626 2308 651 non
2337 613 2519 650 decerne-

317 680 445 717 quem.
475 669 524 704 Et
551 667 651 712 ideo,
681 665 854 701 absolute
884 662 1188 709 consideratum,
1219 674 1298 698 non
1335 668 1390 698 est
1415 668 1417 721 g
1444 669 1501 698 ret
1529 673 1612 699 esse
1642 662 1900 700 servandum:
1929 665 2014 702 talis
2041 666 2292 715 transgressio
2320 679 2398 705 non
2429 679 2519 704 con-

318 723 364 759 de
396 719 618 758 necessitate
653 717 863 766 praecepti:
894 716 962 753 sed
997 723 1052 752 est
1081 715 1128 752 de
1163 714 1389 752 necessitate
1415 724 1417 768 ᾗ

316 773 508 824 praecepti
545 770 751 818 unicuique
789 770 852 807 tali
891 769 1064 806 remedio
1102 769 1296 817 indigenti.
1340 768 1417 821 Etff

316 828 403 875 quia
424 825 627 863 multitudo
647 823 851 861 hominum
871 830 912 860 ut
931 822 1142 871 plurimum
1165 821 1307 870 indiget
1326 821 1390 858 tali

316 879 505 925 remedio,
535 886 617 915 tum
645 877 735 926 quia
764 877 800 913 in
831 876 956 913 multis
985 888 1115 913 omnes
1149 875 1387 926 offendimus,
1415 874 1416 913 ἶ

314 941 354 970 ut
383 932 517 969 dicitur
546 933 618 968 Iac.
641 943 675 967 111
695 930 735 976 *ς
765 938 847 967 turn
879 930 990 966 etiarn
1019 929 1109 978 quia
1137 940 1228 966 caro
1253 938 1389 965 concu-

307 987 420 1035 piscit
435 986 616 1022 adversus
634 985 819 1033 spiritum,
840 991 882 1020 ut
901 983 1037 1020 dicitur
1059 983 1182 1020 Galat.
1199 995 1223 1019 v
1237 982 1276 1019 *:
1298 994 1388 1019 con·
1414 1004 1416 1014 ·

312 1039 472 1076 veniens
501 1039 570 1075 fuit
596 1046 638 1075 ut
667 1037 838 1074 Ecclesia
875 1037 1002 1086 aliqua
1030 1036 1171 1073 ieiunia
1208 1043 1390 1073 statueret

313 1092 570 1130 communiter
599 1092 647 1129 ab
678 1091 859 1128 omnibus
888 1089 1144 1137 observanda,
1172 1101 1251 1126 non
1281 1088 1389 1138 quasi

312 1154 517 1195 praecepto
547 1144 751 1183 subiiciens
780 1144 817 1182 id
847 1144 952 1193 quod
991 1143 1213 1192 simpliciter
1241 1142 1290 1180 ad
1329 1155 1390 1180 su-

312 1199 643 1249 pererogationem
675 1196 689 1220 ⁶
717 1198 898 1247 pertinet,
929 1197 998 1234 sed
1027 1197 1137 1245 quasi
1169 1196 1208 1233 in
1237 1196 1390 1245 speciali

313 1253 573 1290 determinans
611 1253 648 1290 id
682 1252 790 1299 quod
824 1259 879 1288 est
917 1250 1177 1288 necessarium
1214 1249 1253 1287 in
1286 1261 1389 1286 com-

313 1306 432 1344 muni.

365 1362 424 1398 AD
464 1371 656 1397 SECUNDUM
691 1370 877 1396 DICENDUM
912 1357 1017 1407 quod
1046 1364 1252 1407 praecepta
1289 1368 1390 1406 quae

312 1427 381 1463 per
409 1414 571 1451 modum
603 1412 822 1450 communis
851 1411 979 1449 statuti
1007 1418 1289 1461 proponuntur,
1311 1423 1390 1448 non

313 1468 451 1505 eodem
472 1468 592 1504 modo
608 1466 776 1514 obligant
796 1477 947 1511 omnes,
964 1466 1031 1502 secl
1048 1465 1262 1502 secundum
1282 1464 1389 1512 quod

314 1521 514 1570 requiritur
533 1520 581 1558 ad
601 1520 721 1557 finem
737 1531 854 1569 quem
872 1519 1062 1567 legislator
1077 1518 1247 1555 intendit.
1271 1517 1389 1555 Cuius

1086 1626 1104 1635 s

364 1654 391 1687 γ)
412 1657 535 1678 naturae.
547 1667 566 1672 -
585 1660 648 1678 vero
667 1656 707 1678 est
726 1656 841 1678 naturae
861 1652 939 1678 PDG.

364 1688 389 1722 ὃ)
409 1689 685 1722 supererogationem.
696 1702 715 1707 -
733 1688 918 1722 erogationem
939 1687 1139 1713 ACEFGIKLa.

1415 1421 1417 1432 ¹
1444 1410 1648 1460 spirituali;
1671 1411 1719 1449 de
1739 1424 1816 1460 qua
1846 1411 1998 1460 dicitur,
2023 1412 2149 1450 Galat.
2169 1425 2193 1450 v
2211 1412 2252 1451 *z
2287 1415 2361 1452 Vos
2380 1419 2519 1462 autem,
2547 1427 2558 1438 ·

1444 715 1560 752 stituit
1588 723 1790 764 peccatum
1820 717 1994 754 mortale.
2024 718 2074 755 Et
2102 719 2191 757 inde
2221 727 2276 757 est
2305 721 2411 769 quod
2440 732 2519 757 non

1443 780 1581 805 omnes
1610 768 1674 817 qui
1703 768 1864 806 omnino
1896 768 1977 806 non
1995 775 2008 791 ⁸
2037 781 2191 810 servant
2219 773 2359 811 ieiunia
2388 775 2519 811 Eccle-

1444 821 1533 867 siae,
1555 822 1764 859 mortaliter
1791 830 1963 871 peccant.

1497 877 1557 912 An
1584 887 1747 913 TERTIUM
1775 888 1962 914 montinum
1989 877 2094 925 quod
2122 879 2356 926 Augustinus
2386 880 2436 917 ibi
2466 881 2520 917 lo-

1444 928 1571 978 quitur
1599 930 1646 967 de
1675 929 1733 966 his
1767 941 1864 978 quae
1902 941 2022 978 neque
2053 937 2272 969 sanctarum
2308 934 2520 983 Scriptura-

1443 995 1530 1019 rum
1568 983 1854 1020 auctoritatibus
1889 983 2148 1030 continentur,
2179 996 2248 1022 nec
2282 986 2321 1023 in
2353 987 2520 1024 conciliis

1443 1037 1705 1085 episcoporum
1733 1042 1872 1074 statuta
1891 1037 2146 1084 inveniuntur,
2168 1049 2237 1075 nec
2255 1041 2522 1078 consuetudine

1444 1089 1668 1127 universalis
1695 1089 1889 1127 Ecclesiae
1917 1091 2097 1128 roborata
2124 1097 2222 1128 sunt.
2254 1091 2398 1130 Ieiunia
2424 1105 2519 1131 vero

1443 1155 1543 1192 quae
1572 1150 1660 1180 sunt
1687 1143 1726 1180 in
1753 1151 1974 1193 praecepto,
1995 1152 2083 1182 sunt
2109 1144 2149 1182 in
2179 1145 2346 1183 conciliis
2375 1146 2520 1196 episco-

1443 1209 1585 1246 porum
1615 1205 1770 1245 statuta,
1802 1205 1838 1235 et
1866 1198 2146 1237 consuetudine
2183 1199 2411 1237 universalis
2446 1200 2519 1238 Ec-

1445 1250 1582 1287 clesiae
1603 1251 1795 1288 roborata.
1826 1251 1912 1288 Nec
1940 1259 2028 1289 sunt
2056 1259 2188 1289 contra
2210 1252 2420 1291 libertatem
2451 1265 2520 1303 po·

1443 1304 1522 1353 puli
1555 1303 1695 1341 fidelis:
1734 1304 1802 1342 sed
1831 1305 1952 1354 magis
1981 1313 2069 1342 sunt
2096 1305 2202 1342 utilia
2230 1306 2279 1344 ad
2308 1307 2519 1357 impedien-

1445 1357 1539 1394 dum
1568 1357 1792 1395 servitutem
1821 1357 1989 1408 peccati,
2019 1370 2118 1408 quae
2147 1367 2333 1409 repugnat
2360 1360 2520 1398 libertati

1433 1465 1595 1513 fratrer,
1616 1465 1654 1502 in
1671 1465 1878 1503 libertatem
1898 1467 2025 1504 vocati
2041 1467 2147 1504 estis:
2166 1472 2325 1514 tantum,
2346 1480 2393 1506 ne
2410 1467 2520 1506 liber·

1444 1523 1557 1555 tatem
1586 1518 1678 1555 detis
1705 1519 1743 1556 in
1772 1520 2010 1557 occasionem
2039 1521 2177 1558 carnis.

1444 1687 1479 1712 ‘A
1498 1651 1521 1684 ε)
1541 1651 1650 1712 omuga
1674 1659 1736 1677 non.
1754 1665 1774 1671 -
1791 1659 1843 1678 non
1871 1652 2015 1687 PDEGIpK
2041 1659 2066 1679 et
2084 1662 2115 1685 a,
2134 1655 2244 1680 omnino
2267 1655 2319 1688 pF,
2339 1662 2391 1680 non
2411 1656 2520 1682 omnino

1483 1705 1490 1717 ,
1508 1694 1562 1712 om.
1581 1695 1598 1720 p
1624 1704 1632 1713 .

998 1775 1336 1808 commentaria
1359 1773 1613 1808 cardinalis
1637 1774 1842 1808 Caietani

341 1877 361 1896 N
391 1865 524 1896 articulo
551 1865 644 1896 tertio
675 1864 818 1894 eiusdem
849 1863 1062 1904 quaestionis,
1092 1870 1123 1893 et
1148 1862 1325 1903 specialiter
1352 1862 1383 1892 in

315 1879 550 1951 Iresponsione
573 1909 613 1939 ad
641 1909 836 1944 secundum,
862 1907 997 1938 dubium
1026 1907 1180 1943 occurrit,
1205 1917 1245 1938 an
1276 1907 1302 1937 is
1329 1907 1385 1948 qui

310 1965 375 1986 non
405 1962 475 1995 eget
498 1953 608 1985 ieiunii
632 1952 773 1984 remedio
804 1953 843 1983 ad
867 1952 1061 1983 deletionem
1090 1952 1386 1993 cohibitionemque

310 2000 422 2040 culpae
446 2009 504 2029 nec
527 1997 643 2029 mentis
667 1997 888 2034 elevationem,
913 2003 1057 2028 teneatur
1081 1997 1119 2027 ad
1143 1996 1302 2028 ieiunium
1324 1996 1385 2027 Ec-

310 2044 422 2075 clesiae
445 2054 483 2074 ex
498 2050 678 2083 praecepto.
703 2042 744 2074 Et
761 2049 807 2073 est
822 2042 902 2073 ratio
920 2041 1009 2072 dubii
1033 2042 1109 2082 quia
1124 2042 1303 2073 secundum
1319 2043 1386 2072 Au·
1412 2060 1413 2086 ἦ

310 2089 404 2120 ctoris
428 2087 617 2124 doctrinam,
642 2093 772 2127 apparet
795 2097 867 2126 pars
891 2086 1036 2127 negativa
1057 2096 1140 2118 vera.
1166 2086 1332 2124 Quoniam
1356 2092 1386 2117 et

310 2133 342 2164 in
359 2132 568 2173 responsione
592 2132 631 2162 ad
655 2132 797 2172 primum
814 2141 958 2172 expresse
983 2131 1097 2162 dicitur
1120 2132 1211 2172 quod
1229 2132 1385 2162 ieiunium

311 2178 455 2209 absolute
478 2187 541 2207 non
566 2182 613 2207 est
635 2176 675 2206 de
699 2176 886 2206 necessitate
903 2177 1090 2216 praecepti:
1117 2176 1175 2207 sed
1198 2181 1244 2207 est
1268 2176 1308 2207 de
1332 2185 1385 2206 ne-

311 2223 459 2253 cessitate
480 2222 649 2261 praecepti
673 2221 845 2261 unicuique
868 2221 927 2251 tali
950 2220 1092 2251 remedio
1117 2221 1286 2262 indigenti.
1304 2237 1326 2244 -
1345 2220 1387 2251 Et
1411 2244 1414 2258 ,

310 2267 342 2297 in
366 2265 574 2306 responsione
598 2265 638 2295 ad
655 2264 834 2296 secundum
858 2264 972 2296 dicitur
995 2265 1086 2306 quod
1102 2270 1280 2306 praecepta
1302 2274 1386 2306 quae

306 2321 369 2351 per
398 2310 526 2341 modum
557 2311 670 2341 statuti
701 2310 879 2340 communis
905 2314 1157 2350 proponuntur,
1183 2319 1247 2340 non
1275 2309 1384 2340 eodem

1411 1862 1413 1879 ³
1440 1861 1611 1892 universali
1635 1862 1795 1904 siquidem
1818 1865 1927 1905 regula
1949 1872 1997 1896 est
2023 1865 2210 1897 habendum
2240 1867 2330 1908 quod
2356 1867 2406 1899 lex
2436 1878 2519 1910 quae

1441 1906 1656 1937 communiter
1678 1906 1714 1938 fit
1737 1908 1777 1938 ad
1801 1918 1915 1940 omnes
1940 1916 1975 1941 ut
1998 1910 2172 1951 singulares
2196 1920 2363 1951 personas,
2387 1922 2447 1953 pro
2471 1923 2519 1944 re-

1440 1951 1550 1982 medio
1573 1951 1624 1982 vel
1647 1961 1858 1994 quocumque
1883 1953 1945 1984 alio
1961 1954 2069 1985 medio
2090 1955 2290 1996 exequendo,
2309 1955 2387 1997 ligat
2406 1967 2520 1989 omnes

1442 2005 1509 2026 non
1532 1995 1716 2036 impeditos.
1747 1996 1928 2035 Quia'licet
1951 1998 2033 2030 ratio
2056 1998 2135 2039 legis
2159 1999 2199 2030 sit
2221 1999 2396 2041 indigentia
2419 2011 2518 2033 reme-

1441 2039 1501 2077 dii,
1525 2040 1573 2071 vis
1596 2047 1705 2072 tamen
1729 2042 1872 2073 coactiva
1896 2042 1964 2073 eius
1988 2050 2035 2074 est
2062 2043 2102 2074 ad
2126 2053 2193 2074 non
2217 2043 2406 2085 impeditos:
2438 2056 2520 2088 quo-

1441 2083 1529 2115 niam
1556 2085 1620 2116 hoc
1644 2085 1771 2126 expedit
1794 2093 1825 2118 et
1853 2087 1893 2117 ad
1917 2097 2128 2119 communem
2151 2088 2230 2129 legis
2253 2087 2368 2127 finem,
2393 2090 2450 2132 qui
2473 2097 2521 2123 est

1441 2129 1542 2160 facere
1559 2129 1707 2161 homines
1723 2131 1884 2162 virtuosos
1897 2131 1931 2168 *ς
1950 2139 1982 2164 et
1998 2142 2207 2164 communem
2222 2133 2396 2166 hominum
2414 2135 2519 2167 subie-

1412 2184 1413 2196 ÷
1441 2173 1581 2205 ctionem
1605 2175 1664 2205 sub
1688 2175 1773 2216 lege;
1799 2183 1829 2207 et
1853 2183 1900 2207 est
1923 2177 1962 2208 de
1986 2185 2099 2209 natura
2122 2177 2169 2208 vis
2185 2178 2345 2210 coactivae
2357 2179 2447 2220 legis,
2461 2180 2520 2212 sci-

1438 2217 1513 2250 licet
1535 2218 1677 2259 obligare
1700 2220 1725 2250 si
1750 2219 2020 2261 impedimentum
2039 2232 2106 2253 non
2121 2222 2236 2260 obstat,
2260 2222 2343 2256 sicut
2365 2224 2520 2267 competit

1412 2283 1413 2305 3
1439 2263 1637 2295 naturalibus
1660 2264 1828 2304 agentibus
1851 2275 1942 2307 agere
1967 2265 2134 2298 efficaciter
2156 2267 2190 2298 in
2212 2277 2347 2308 passum
2368 2278 2436 2301 uon
2458 2268 2519 2302 im·

311 2356 404 2386 modo
428 2355 574 2396 obligant
596 2363 723 2391 omnes,
748 2353 805 2384 sed
827 2354 1002 2384 secundum
1033 2354 1120 2395 quod
1142 2355 1321 2395 requiritur
1343 2354 1386 2384 ad
1412 2391 1413 2397 ἵ

301 2399 406 2441 finem
431 2409 523 2440 quem
549 2398 719 2439 legislator
741 2398 886 2429 intendit.

367 2443 565 2474 Affirmativa
589 2449 696 2473 autem
720 2453 792 2483 pars
815 2443 982 2483 probatur,
1009 2442 1132 2483 primo,
1157 2453 1194 2473 ex
1218 2442 1385 2473 communi

311 2488 433 2520 ratione
457 2487 660 2527 obligationis
679 2494 931 2527 praeceptorum.
963 2487 1057 2523 Nam,
1075 2494 1111 2518 ut
1134 2487 1281 2527 superius
1296 2485 1315 2505 ⁴*
1339 2486 1386 2517 di-

311 2533 463 2569 dicimus,
489 2533 548 2563 sub
572 2538 742 2573 praecepto
766 2541 832 2562 non
857 2532 939 2563 cadit
961 2530 1052 2568 finis,
1078 2532 1132 2562 sed
1156 2531 1189 2562 id
1212 2532 1301 2573 quod
1325 2538 1385 2562 sta-

311 2676 377 2697 non
402 2665 486 2697 cadit
508 2665 599 2706 quies
622 2665 807 2706 spiritualis,
832 2675 914 2706 quae
939 2672 985 2696 est
1008 2664 1097 2702 finis,
1123 2665 1178 2696 sed
1202 2665 1293 2707 quies
1317 2675 1384 2696 cor·
1412 2691 1413 2694 ,

311 2711 428 2752 poralis
452 2721 470 2741 a
493 2710 669 2746 servilibus,
694 2719 778 2751 quae
801 2716 847 2741 est
871 2715 987 2741 statuta
1012 2716 1143 2750 propter
1166 2710 1307 2751 quietem
1322 2710 1384 2750 spi-

310 2755 458 2786 ritualem
475 2761 511 2786 ut
529 2753 636 2785 finem.
662 2755 703 2785 Et
723 2754 814 2786 sicin
835 2754 1004 2795 proposito
1021 2754 1210 2786 abstinentia
1233 2762 1280 2786 est
1303 2764 1385 2796 quae

310 2799 392 2831 cadit
415 2800 474 2830 sub
498 2805 683 2840 praecepto:
719 2806 750 2830 et
772 2809 838 2829 non
863 2799 995 2840 aliquod
1021 2799 1151 2830 illorum
1175 2799 1272 2830 trium
1302 2809 1385 2841 quae

310 2850 477 2885 ponuntur
499 2843 570 2874 finis
599 2843 816 2875 abstinentiae.
847 2846 893 2874 Ac
924 2853 980 2884 per
1004 2843 1080 2880 hoc,
1105 2843 1170 2874 sive
1194 2842 1266 2874 finis
1289 2843 1384 2875 absti-

310 2888 452 2920 nentiam
475 2888 577 2928 exigat
600 2888 633 2918 in
650 2888 759 2929 aliquo
780 2888 845 2918 sive
863 2898 939 2925 non,
956 2895 1080 2919 tenetur
1094 2888 1227 2929 implere
1243 2888 1275 2919 id
1295 2889 1383 2930 quod

310 2933 370 2964 sub
393 2939 563 2973 praecepto
588 2932 679 2963 cadit.
704 2950 724 2955 -
748 2932 907 2968 Secundo,
933 2942 969 2963 ex
993 2942 1032 2963 eo
1057 2933 1146 2974 quod
1166 2932 1255 2963 aliter
1277 2932 1384 2964 liceret

309 2977 438 3008 cuilibet
461 2983 660 3008 commutare
684 2976 743 3007 sibi
766 2976 924 3007 ieiunium
948 2977 980 3007 in
996 2976 1056 3007 alia
1072 2986 1185 3018 opera:
1209 2977 1295 3008 verbi
1315 2987 1382 3018 gra-

309 3021 361 3058 tia,
386 3022 489 3052 delere
513 3028 640 3062 peccata
663 3021 867 3062 eleemosyna
891 3021 941 3052 vel
964 3031 1048 3052 nova
1072 3021 1271 3059 contritione,
1296 3021 1383 3053 cohi-

309 3067 382 3097 bere
404 3072 533 3107 peccata
556 3066 658 3097 multa
681 3066 803 3097 cautela
827 3072 857 3096 et
881 3065 1038 3102 oratione,
1063 3066 1218 3097 elevatam
1241 3073 1383 3098 mentem
1410 3081 1411 3087 1

311 3111 423 3141 habere
447 3120 544 3151 parco
561 3110 723 3147 alimento,
747 3111 867 3151 absque
883 3110 1004 3141 ieiunio
1021 3118 1138 3142 tamen.
1163 3111 1204 3142 Et
1227 3118 1313 3142 tenet
1336 3121 1382 3142 se-
1409 3121 1411 3132 ·

310 3155 418 3196 quela:
443 3155 520 3196 quia
545 3155 800 3186 commutatione
824 3154 877 3185 tali
903 3161 995 3186 utens
1020 3165 1086 3186 non
1106 3154 1225 3195 indiget
1240 3155 1382 3186 remedio

309 3199 419 3230 ieiunii
443 3199 483 3230 ad
507 3199 566 3230 hos
589 3199 678 3236 fines,
704 3199 759 3230 sed
783 3198 907 3230 meliori
932 3199 1072 3230 remedio
1098 3199 1207 3231 utitur.

367 3243 403 3275 11.
430 3244 479 3274 Ad
494 3243 556 3275 hoc
579 3243 694 3275 dicitur
718 3244 807 3285 quod
830 3244 1060 3284 proculdubio
1084 3244 1218 3286 quilibet
1241 3254 1307 3275 non
1323 3244 1383 3275 im-

311 3287 446 3327 peditus,
471 3288 536 3319 sive
553 3296 642 3329 egeat
665 3288 731 3319 sive
747 3298 812 3319 non
829 3288 971 3319 remedio
988 3288 1110 3327 ieiunii,
1129 3289 1270 3320 subiacet
1293 3298 1383 3330 prae-

312 3338 404 3372 cepto
428 3332 547 3363 ieiunii.
572 3333 612 3364 Et
636 3333 715 3364 ratio
740 3339 786 3364 est
809 3333 886 3374 quia
908 3333 957 3364 lex
980 3333 1090 3364 ieiunii
1114 3334 1186 3364 data
1209 3340 1256 3365 est
1279 3333 1383 3364 omni-

312 3376 372 3406 bus
395 3377 578 3415 potentibus
602 3377 751 3414 ieiunare,
768 3377 844 3418 quia
860 3387 973 3408 omnes
990 3378 1068 3409 tales
1084 3377 1226 3418 indigent
1241 3378 1383 3410 remedio

313 3419 421 3450 ieiunii
445 3420 495 3450 vel
519 3431 578 3461 pro
603 3428 732 3461 peccato
756 3421 925 3463 praeterito
943 3421 1090 3459 delendo,
1107 3422 1157 3453 vel
1174 3422 1315 3453 cavendo
1335 3422 1383 3454 fu-

313 3471 402 3495 turo:
429 3471 552 3496 constat
572 3465 657 3495 enirn
683 3475 795 3496 omnes
822 3476 889 3497 esse
913 3473 1104 3507 peccatores,
1125 3466 1268 3508 quandiu
1285 3466 1317 3497 in
1333 3466 1384 3498 via

314 3508 371 3539 hac
395 3518 516 3539 sumus
546 3509 586 3539 Et
609 3509 633 3538 si
658 3509 729 3549 quis
755 3520 819 3540 non
843 3517 947 3550 egeret
970 3510 1023 3541 tali
1047 3511 1188 3542 remedio
1212 3511 1244 3541 in
1269 3510 1383 3551 specie,

313 3552 388 3593 quia
412 3559 519 3583 tamen
542 3553 591 3583 lex
615 3553 686 3583 data
709 3560 755 3584 est
779 3555 818 3584 de
841 3554 894 3584 tali
919 3555 1022 3595 specie
1046 3555 1176 3586 remedii
1206 3564 1272 3596 quo
1297 3565 1384 3586 cotn-

315 3597 452 3628 muniter
476 3596 622 3627 homines
640 3604 740 3637 egent,
766 3597 906 3629 subiacet
922 3599 1017 3629 etiarn
1034 3599 1085 3630 ille
1110 3599 1210 3630 dictae
1226 3598 1297 3639 legi.
1323 3599 1383 3629 Pro

1439 2306 1595 2349 peditum.

1495 2352 1547 2383 Ad
1576 2351 1719 2394 primum
1750 2363 1826 2394 ergo
1856 2353 1889 2384 in
1918 2354 2107 2395 oppositum
2139 2355 2254 2388 dicitur
2285 2357 2378 2398 quod
2405 2366 2518 2392 aenens

1440 2396 1560 2428 litterae
1576 2403 1623 2428 est
1646 2396 1736 2438 quod
1760 2397 1927 2435 ieiunium,
1944 2398 2021 2440 quia
2038 2407 2084 2430 est
2107 2399 2146 2430 de
2162 2409 2277 2441 genere
2292 2399 2433 2439 utinm,
2450 2401 2518 2434 non

1441 2441 1523 2472 cadit
1537 2442 1596 2472 sub
1614 2449 1784 2483 praecepto
1799 2442 1859 2473 nisi
1873 2443 1907 2473 in
1923 2443 2036 2474 ordine
2052 2444 2092 2475 ad
2106 2443 2217 2476 finem:
2242 2445 2305 2477 hoc
2321 2445 2408 2477 enim
2425 2454 2518 2479 sonat

1441 2495 1561 2517 nomen
1584 2486 1728 2518 remedii.
1760 2487 1858 2525 Quod
1882 2487 1978 2528 gratis
2001 2489 2196 2521 conceditur.
2228 2490 2315 2528 Quia
2336 2490 2417 2522 ratio
2439 2491 2518 2532 legis

1412 2551 1413 2554 η
1439 2530 1549 2561 ieiunii
1573 2538 1621 2562 est
1644 2531 1854 2562 determinare
1877 2532 2057 2564 remedium
2076 2533 2205 2565 cuilibet
2228 2535 2444 2567 communiter
2459 2545 2517 2579 op-

311 2577 409 2608 tuitur
425 2577 616 2612 faciendum,
642 2577 730 2617 quod
754 2583 801 2607 est
824 2575 1009 2607 ordinatum
1031 2575 1071 2607 ad
1094 2575 1201 2607 finem.
1227 2575 1319 2607 Unde
1341 2575 1386 2606 di·
1412 2614 1413 2619 1

311 2630 399 2653 ctum
419 2628 466 2652 est
480 2621 498 2640 *
521 2621 610 2662 quod
630 2621 689 2651 sub
709 2627 879 2662 praecepto
899 2621 938 2651 de
962 2619 1210 2652 sanctificatione
1230 2620 1387 2651 festorum
1412 2645 1413 2656 ,

1440 2582 1634 2617 portunum:
1659 2575 1816 2617 quoniam
1840 2576 1974 2618 quilibet
1997 2584 2112 2619 potens
2131 2585 2202 2619 eget
2224 2578 2279 2610 tali
2295 2579 2449 2617 remedio,
2466 2580 2518 2611 vel

1440 2627 1476 2651 ut
1499 2619 1641 2651 curativo
1665 2620 1715 2651 vel
1740 2627 1775 2652 ut
1798 2621 2040 2662 praeservativo,
2066 2629 2102 2654 ut
2125 2622 2323 2664 praedictum
2347 2631 2404 2655 est.

1495 2665 1547 2695 Ad
1570 2665 1749 2696 secundum
1770 2675 1847 2697 vero
1871 2665 1987 2698 dicitur
2009 2667 2099 2708 quod
2123 2668 2276 2708 obligatio
2300 2668 2379 2709 legis
2403 2667 2518 2700 dicitur

1412 2707 1413 2754 ζ
1438 2709 1535 2750 ligare
1563 2719 1833 2752 unumquemque
1863 2711 2042 2742 secundum
2066 2711 2309 2753 requisitionem
2337 2713 2378 2744 ad
2399 2712 2515 2751 finem,

1411 2759 1413 2800 j
1439 2754 1516 2795 quia
1539 2755 1621 2785 ordo
1645 2754 1828 2786 communis
1852 2756 1892 2786 ad
1915 2755 2014 2787 finem
2038 2763 2084 2787 est
2107 2757 2188 2788 ratio
2212 2757 2375 2799 obligandi
2402 2767 2516 2799 quem-

1411 2801 1413 2808 '
1438 2799 1515 2830 libet
1538 2805 1720 2839 potentem;
1751 2806 1782 2831 et
1804 2799 2036 2841 impedimenta
2059 2801 2129 2832 talis
2152 2801 2224 2833 finis
2248 2812 2304 2843 per
2326 2802 2515 2835 huiusmodi

1439 2843 1584 2875 medium
1617 2851 1692 2875 sunt
1724 2844 1862 2875 rationes
1893 2852 2077 2876 excusantes
2107 2846 2147 2877 ab
2183 2846 2405 2879 observatione
2438 2846 2516 2888 legis

1438 2887 1544 2920 huius.
1570 2887 1616 2919 Ita
1639 2889 1728 2930 quod
1744 2888 1912 2920 necessitas
1929 2888 2038 2921 ieiunii
2062 2889 2102 2921 ad
2125 2889 2223 2922 finem
2239 2890 2271 2922 in
2288 2890 2432 2943 quolibet
2451 2891 2515 2924 ain-

1438 2932 1539 2974 gulari
1564 2942 1631 2963 non
1654 2933 1786 2974 ponitur
1801 2943 1896 2964 causa
1914 2933 1992 2974 legis
2008 2934 2068 2965 nisi
2084 2945 2121 2966 ex
2137 2945 2304 2967 commum
2320 2934 2515 2974 conditione,

1438 2984 1469 3008 et
1493 2987 1559 3008 non
1583 2987 1621 3008 ex
1643 2977 1766 3018 partiali
1786 2977 1998 3019 dispositione
2013 2979 2187 3021 cuiusque:
2210 2979 2391 3012 excusantia
2406 2986 2514 3012 autem

1438 3032 1476 3053 ex
1499 3022 1741 3063 particularibus
1764 3022 2004 3063 impedimentis
2019 3023 2228 3064 impotentiae
2242 3024 2334 3056 istius
2357 3025 2407 3056 vel
2428 3024 2514 3058 illius

1438 3066 1631 3098 conditionis
1654 3077 1876 3108 personarum,
1901 3068 1952 3099 vel
1973 3067 2118 3110 ipsarum
2140 3078 2362 3110 personarum,
2379 3079 2514 3103 sumun-

1437 3118 1489 3143 tur
1512 3111 1619 3142 habita
1642 3111 1763 3143 ratione
1786 3111 1869 3144 finis.
2444 3144 2446 3146 .

1494 3155 1546 3187 111.
1573 3156 1608 3186 In
1632 3156 1747 3188 eodem
1771 3156 1924 3193 articulo,
1948 3156 1982 3187 in
2011 3155 2218 3199 responsione
2246 3157 2286 3188 ad
2313 3158 2510 3195 secundum,

1439 3199 1575 3231 dubium
1599 3200 1751 3237 occurrit,
1777 3210 1817 3231 an
1847 3200 1994 3242 frangens
2017 3199 2176 3232 Ecclesiae
2203 3200 2359 3233 ieiunium
2390 3213 2457 3234 non
2479 3202 2513 3234 in

1438 3251 1679 3286 contemptum,
1705 3245 1772 3276 sine
1795 3254 1891 3276 cauea
1915 3244 2093 3276 rationabili
2117 3251 2240 3283 tamen,
2264 3253 2374 3287 peccet
2396 3254 2513 3279 morta-

1437 3289 1519 3321 liter.
1542 3290 1584 3321 Et
1607 3296 1655 3322 est
1677 3289 1758 3321 ratio
1781 3289 1870 3321 dubii
1894 3289 2016 3320 diversa
2039 3289 2239 3321 diversorum
2258 3291 2422 3324 sententia.

1494 3334 1546 3365 Ad
1568 3334 1666 3366 huius
1689 3333 1892 3371 evidentiam,
1915 3333 2082 3366 sciendum
2099 3342 2146 3367 est
2168 3336 2258 3377 quod
2281 3335 2314 3367 in
2337 3335 2447 3368 ieiunii
2462 3345 2513 3368 ec-

1439 3377 1621 3416 clesiastici,
1646 3378 1685 3409 de
1708 3388 1775 3420 quo
1800 3384 1847 3409 est
1874 3387 1995 3415 sermo,
2021 3378 2244 3411 observatione
2272 3379 2391 3422 duplex
2413 3380 2512 3413 virtus

1438 3422 1607 3459 invenitur,
1620 3421 1739 3453 scilicet
1755 3421 1935 3453 obedientia
1951 3428 1982 3453 et
1997 3422 2227 3456 abstinentia*:
2249 3434 2324 3456 narn
2339 3424 2512 3456 ieiunando

1439 3465 1604 3508 exequitur
1627 3465 1727 3496 homo
1751 3465 1910 3497 Ecclesiae
1935 3474 2150 3508 praeceptum,
2175 3475 2206 3500 et
2228 3478 2286 3509 per
2303 3468 2365 3500 hoc
2388 3467 2510 3506 obedit;

1439 3517 1470 3541 et
1492 3510 1636 3541 medium
1660 3511 1699 3541 ab
1716 3510 1922 3542 ecclesiastica
1939 3511 2107 3552 prudentia
2129 3513 2375 3544 determinatum
2390 3513 2423 3544 in
2440 3512 2511 3544 cibo

1438 3561 1470 3585 et
1485 3562 1566 3595 potu
1582 3562 1695 3591 servat,
1711 3562 1742 3586 et
1758 3564 1814 3595 per
1829 3555 1890 3586 hoc
1907 3556 2051 3588 abstinet.
2074 3557 2163 3588 iuxta
2175 3557 2274 3589 dictas
2290 3565 2398 3589 autem
2414 3557 2511 3588 virtu-

1439 3605 1494 3634 tes,
1512 3599 1578 3630 duo
1595 3609 1727 3640 quoque
1751 3599 1824 3630 vitia
1848 3600 2079 3632 contrariantur
2101 3601 2235 3632 ieiunio:
2261 3602 2379 3634 scilicet
2400 3601 2511 3632 inobe-

2571 1426 2682 1456 vnia-

2545 2144 2661 2248 ξξξᾲ
2558 2092 2561 2095 ·

2540 3438 2550 3447 ·
2564 3436 2599 3459 Cf.
2615 3442 2656 3487 g
2668 3442 2753 3464 um.

2539 3467 2609 3492 an.5,
2656 3467 2752 3486 nmat-

2539 3495 2603 3512 num.
2609 3497 2636 3518 η
2646 3490 2690 3512 1·-
2699 3489 2753 3518 11¹⁶,

2556 3523 2579 3538 u.
2594 3522 2661 3545 xcvi,
2676 3521 2718 3540 an.
2729 3523 2755 3544 4,

2576 3547 2673 3566 mnam.
2689 3550 2710 3566 n.
2730 3550 2752 3565 v.
