2768 4198
21 2792 236 2842 {Parata

916 272 1184 318 QUAESTIO
1215 272 1422 318 CLXVIII,
1452 272 1748 309 ARTICULUS
1779 272 1807 307 II

323 355 549 391 Responoi-:o
577 364 762 389 nicENDuM
791 351 907 399 quod,
929 351 1024 387 sicut
1051 351 1169 387 homo
1195 350 1335 398 indiget

271 407 457 455 corporali
477 407 603 454 quiete
623 405 672 442 ad
693 404 862 453 corporis
882 403 1206 449 refocillationem,
1228 404 1334 451 quod

270 472 348 496 non
375 467 501 507 potest
528 458 706 495 continue
735 458 919 501 laborare,
944 464 1099 504 propter
1127 458 1201 492 hoc
1229 456 1334 505 quod

267 513 384 549 habet
411 512 556 549 finitam
583 511 784 556 virtutem,
815 521 913 558 quae
947 509 1202 546 determinatis
1231 510 1335 545 labo-

269 566 372 602 ribus
400 564 732 615 proportionatur;
761 563 810 599 ita
832 562 944 599 etiam
975 571 1030 599 est
1058 574 1103 598 ex
1131 570 1235 611 parte
1256 562 1334 598 ani-

269 629 367 664 mae,
398 618 504 654 cuius
534 616 647 653 etiam
678 625 734 653 est
756 616 874 652 virtus
895 616 1000 652 finita
1029 616 1076 652 ad
1108 615 1335 652 determina-

267 679 323 706 tas
352 669 593 719 operationes
626 670 933 718 proportionata,
971 677 1006 705 et
1039 669 1147 713 ideo,
1179 668 1332 717 quando

267 724 363 760 ultra
391 724 552 760 modum
584 735 697 759 suum
723 723 759 759 in
784 723 929 771 aliquas
950 722 1191 770 operationes
1212 734 1251 757 se
1273 733 1335 757 ex-

266 777 405 823 tendit,
436 777 600 821 laborat,
633 784 667 812 et
708 788 752 812 ex
781 777 855 812 hoc
884 775 1075 823 fatigatur:
1112 774 1333 823 praesertim

267 829 355 877 quia
385 831 421 866 in
442 829 727 878 operationibus
747 829 897 866 animae
918 829 1030 865 simul
1052 828 1166 864 etiam
1189 828 1336 864 laborat
1360 863 1362 873 ,

267 894 426 931 corpus,
457 891 683 932 inquantum
712 882 851 919 scilicet
879 882 1021 927 anima,
1052 881 1163 917 etiam
1195 881 1335 917 intelle-

267 936 377 982 ctiva,
409 936 522 973 utitur
548 936 693 972 viribus
721 948 788 984 per
807 947 950 983 organa
970 946 1155 983 corporea
1175 945 1335 982 operan-
1360 956 1362 966 .

267 989 377 1026 tibus.
415 990 511 1026 Sunt
545 997 672 1026 autem
712 989 815 1025 bona
850 988 1040 1024 sensibilia
1077 986 1335 1023 connaturalia

266 1042 425 1079 homini.
466 1043 514 1079 Et
542 1042 641 1087 ideo,
671 1042 826 1090 quando
855 1042 982 1078 anima
1011 1052 1126 1088 supra
1146 1039 1333 1076 sensibilia
1360 1049 1362 1071 ε

268 1097 437 1132 elevatur
465 1095 645 1144 operibus
669 1095 822 1132 rationis
842 1094 995 1140 intenta,
1016 1093 1181 1129 nascitur
1200 1092 1335 1129 exinde

267 1149 458 1197 quaedam
487 1148 652 1197 fatigatio
682 1148 876 1192 animalis,
906 1147 988 1183 sive
1017 1147 1136 1182 homo
1166 1145 1334 1181 intendat

266 1203 448 1251 operibus
469 1202 620 1239 rationis
639 1201 838 1249 practicae,
859 1200 939 1237 sive
959 1198 1224 1248 speculativae.
1252 1199 1334 1234 Ma-

265 1256 322 1303 gis
350 1263 478 1292 tamen
514 1255 544 1291 si
573 1254 753 1303 operibus
782 1251 1113 1300 contemplationis
1141 1251 1333 1296 intendat,

265 1308 356 1357 quia
374 1309 535 1357 per-‘hoc
555 1307 675 1356 magis
696 1319 717 1344 a
733 1306 973 1344 sensibilibus
994 1305 1177 1341 elevatur:
1199 1315 1333 1351 quam-

265 1362 326 1398 vis
362 1362 458 1399 forte
497 1362 535 1398 in
564 1360 752 1409 aliquibus
785 1358 966 1408 operibus
996 1356 1243 1394 exterioribus
1278 1368 1334 1392 ra-

267 1414 380 1452 tionis
418 1414 608 1464 practicae
644 1413 767 1450 maior
800 1413 909 1449 labor
943 1410 1113 1459 corporis
1143 1409 1332 1446 consistat.

267 1469 310 1505 In
328 1468 500 1516 utrisque
519 1475 648 1504 tamen
676 1474 780 1502 tanto
801 1465 935 1513 aliquis
955 1464 1075 1511 magis
1095 1462 1334 1499 animaliter⁶²

264 1521 458 1569 fatigatur,
494 1528 637 1568 quanto
665 1518 932 1555 vehementius
969 1517 1152 1566 operibus
1180 1515 1334 1552 rationis

265 1574 446 1612 intendat.
477 1574 582 1610 Sicut
610 1580 738 1609 autem
762 1571 927 1620 fatigatio
949 1570 1156 1619 corporalis
1176 1569 1336 1606 solvitur

264 1639 335 1676 per
363 1627 533 1676 corporis
562 1626 742 1674 quietem,
764 1625 814 1662 ita
834 1625 946 1662 etiam
968 1631 1119 1673 oportet
1147 1623 1252 1672 quod
1281 1622 1333 1659 fa-

263 1680 393 1728 tigatio
432 1679 605 1717 animalis
647 1679 816 1716 solvatur
857 1690 926 1726 per
961 1677 1113 1714 animae
1150 1677 1331 1724 quietem.

230 1751 237 1789 ζ
265 1733 385 1780 Quies
413 1742 542 1770 autem
570 1732 721 1769 animae
750 1740 806 1769 est
841 1730 1063 1768 delectatio:
1103 1738 1144 1766 ut
1180 1741 1294 1778 supra
1313 1729 1334 1751 *

264 1787 437 1824 habitum
467 1794 544 1834 est,
574 1798 662 1822 cum
701 1785 748 1822 de
786 1784 1028 1834 passionibus
1060 1790 1245 1831 ageretur.
1285 1783 1334 1819 Et

265 1840 351 1878 ideo
381 1847 532 1888 oportet
563 1839 776 1876 remedium
808 1846 938 1874 contra
966 1837 1222 1884 fatigationem
1253 1835 1332 1872 ani-

265 1894 406 1931 malem
443 1893 624 1930 adhibere
650 1890 665 1921 β
702 1904 770 1940 per
805 1891 973 1939 aliquam
1013 1889 1330 1935 delectationem,

263 1946 479 1984 intermissa
515 1945 724 1983 intentione
757 1944 805 1981 ad
835 1943 1085 1981 insistendum
1120 1942 1245 1979 studio
1276 1954 1331 1978 ra-

263 1999 388 2037 tionis.
411 1999 516 2036 Sicut
530 1999 569 2035 in
589 1998 858 2036 Collationibus
871 1996 1059 2034 Patrum*
1078 1996 1210 2043 legitur
1224 1995 1331 2043 quod

264 2053 398 2090 beatus
426 2052 669 2100 Evangelista
698 2053 860 2088 Ioannes
879 2056 906 2096 Υ,
938 2062 1026 2087 curn
1047 2049 1202 2098 quidam
1224 2060 1331 2086 scan-

264 2106 515 2143 dalizarentur
542 2105 647 2153 quod
668 2117 756 2141 eum
778 2117 866 2141 cum
887 2103 963 2140 suis
984 2102 1175 2151 discipulis
1199 2102 1331 2139 luden-

263 2167 340 2196 tem
369 2159 608 2205 invenerunt,
630 2158 764 2195 dicitur
788 2157 991 2194 mandasse
1011 2156 1075 2192 uni
1096 2168 1244 2201 eorum,
1265 2156 1329 2204 qui

262 2224 396 2250 arcum
423 2213 590 2260 gerebat,
618 2219 660 2248 ut
687 2211 1062 2259 sagittam-traheret.
1093 2210 1208 2255 Quod
1240 2221 1329 2246 cum

261 2266 403 2315 pluries
430 2265 589 2311 fecisset,
610 2264 797 2313 quaesivit
825 2271 954 2300 utrum
982 2264 1058 2299 hoc
1077 2262 1256 2298 continue
1277 2262 1331 2298 fa·-

261 2331 347 2356 cere
375 2326 516 2367 posset.
547 2318 623 2365 Qui
644 2317 838 2366 respondit
866 2317 982 2365 quod,
1005 2316 1035 2352 si
1055 2316 1129 2352 hoc
1150 2315 1329 2352 continue

260 2372 421 2418 faceret,
451 2383 562 2408 arcus
590 2371 834 2419 frangeretur.
863 2370 975 2407 Unde
1004 2370 1137 2406 beatus
1166 2369 1329 2405 Ioannes

261 2424 457 2462 subintulit
484 2424 588 2474 quod
618 2424 786 2461 similiter
807 2423 957 2460 animus
985 2422 1152 2460 hominis
1181 2421 1329 2469 frange-

261 2487 374 2525 retur,
396 2478 427 2515 si
450 2490 648 2526 nunquam
678 2490 700 2514 a
724 2489 794 2514 sua
818 2476 1026 2513 intentione
1044 2474 1058 2497 ὅ
1088 2476 1327 2512 relaxaretur.

315 2531 545 2568 Huiusmodi
580 2538 708 2568 autern
749 2530 846 2567 dicta
881 2530 942 2566 vel
979 2530 1093 2575 facta,
1124 2529 1161 2565 in
1191 2528 1328 2577 quibus

261 2598 340 2622 non
369 2584 562 2634 quaeritur
591 2584 660 2620 nisi
693 2583 891 2620 delectatio
921 2582 1113 2628 animalis,
1143 2589 1330 2618 vocantur

261 2638 406 2675 ludicra
435 2638 495 2674 vel
531 2638 673 2674 iocosa.
713 2638 762 2673 Et
798 2637 885 2673 ideo
919 2647 1075 2672 necesse
1109 2642 1164 2671 est
1191 2635 1328 2671 talibus

261 2691 454 2728 interdum
494 2691 569 2737 uti,
599 2690 708 2738 quasi
736 2690 785 2727 ad
815 2689 1010 2738 quandam
1039 2688 1189 2731 animae
1224 2689 1328 2736 quie-

261 2753 352 2782 tem.
389 2745 437 2781 Et
465 2745 539 2781 hoc
569 2751 624 2780 est
652 2743 756 2791 quod
785 2742 1044 2790 Philosophus
1073 2741 1178 2786 dicit,
1210 2740 1247 2777 in
1278 2742 1329 2778 IV
1354 2749 1356 2770 ἓ

261 2799 381 2835 Ethic.
401 2797 432 2844 ³⁸,
463 2797 568 2846 quod
597 2798 635 2833 in
664 2797 774 2832 huius
795 2796 894 2832 vitae
913 2795 1196 2832 conversatione
1215 2806 1327 2842 quae-

261 2852 350 2888 dam
379 2852 526 2899 requies
553 2862 639 2887 cum
668 2850 756 2886 ludo
784 2850 963 2885 habetur:
999 2856 1035 2884 et
1063 2847 1149 2884 ideo
1179 2855 1329 2895 oportet

261 2905 453 2942 interdum
482 2904 671 2952 aliquibus
699 2903 836 2939 talibus
865 2902 931 2938 uti.

315 2958 427 2995 Circa
454 2969 554 3005 quae
578 2965 707 2993 tamen
727 2956 796 2992 tria
814 2955 993 2992 videntur
1021 2953 1225 3002 praecipue
1247 2966 1328 2990 esse
1354 2974 1356 2976 -

263 3011 447 3048 cavenda.
477 3011 656 3058 Quorum
676 3009 843 3058 primurn
865 3016 901 3044 et
919 3007 1126 3056 principale
1146 3014 1202 3043 est
1223 3007 1328 3054 quod

262 3064 453 3112 praedicta
486 3063 684 3101 delectatio
722 3075 800 3099 non
834 3068 1038 3110 quaeratur
1071 3060 1109 3096 in
1141 3060 1328 3108 aliquibus

263 3117 549 3164 operationibus
585 3117 647 3154 vel
684 3115 812 3152 verbis
853 3114 1025 3162 turpibus
1061 3113 1124 3150 vel
1168 3113 1326 3150 nocivis.

263 3169 375 3206 Unde
403 3170 552 3207 Tullius
580 3170 679 3215 dicit,
710 3169 748 3205 in
778 3170 791 3205 l
817 3169 862 3205 de
886 3168 994 3216 Offic.
1014 3166 1045 3211 *,
1075 3166 1181 3214 quod
1212 3178 1328 3203 unum

263 3234 385 3272 genus
412 3223 560 3260 iocandi
586 3229 638 3259 est
666 3222 858 3268 illiberale,
874 3221 1059 3270 petulans,
1075 3218 1327 3269 flagitiosum,

265 3276 478 3312 obscenum.
508 3296 532 3304 —
560 3277 674 3313 Aliud
703 3283 831 3312 autem
865 3273 1139 3311 attendendum
1174 3280 1250 3318 est,
1282 3284 1329 3308 ne

317 3390 345 3422 α)
365 3388 528 3414 animaliter.
539 3401 558 3408 -
575 3388 656 3414 aliter
673 3389 727 3418 BL,
743 3389 900 3420 aliqualiter
917 3389 951 3418 H,
969 3388 1050 3412 alteri
1067 3388 1108 3413 ed.
1127 3394 1152 3416 a,
1171 3387 1258 3411 altero
1277 3386 1330 3415 PG,

263 3433 317 3450 orn.
336 3425 368 3450 A.
380 3438 399 3443 -
417 3424 467 3449 Pro
486 3424 617 3453 intendat,
637 3424 752 3449 intendit
771 3424 910 3449 PACDlsK
929 3429 954 3448 et
971 3431 997 3448 a.

317 3459 343 3492 β)
362 3462 469 3492 oportet
486 3458 659 3484 remedium...
677 3459 810 3484 adhibere.
822 3473 842 3478 -
859 3459 1032 3484 remedium...
1051 3458 1193 3483 adhibetur
1212 3457 1258 3482 Pa.

316 3495 343 3529 γ)
364 3494 538 3528 Evangelista
554 3494 675 3519 Ioannes.
686 3508 705 3512 —
725 3494 837 3519 Ioannes
850 3494 1025 3527 Evangelista
1044 3493 1150 3518 PHKsC
1163 3498 1188 3518 et
1201 3500 1226 3522 a.
1240 3493 1330 3517 Evan-

262 3532 360 3566 gelista
378 3531 426 3563 pC.
437 3544 457 3550 -
474 3530 525 3554 Pro
543 3529 710 3558 invenerunt,
730 3529 879 3555 invenerint
897 3530 951 3559 KL,
970 3529 1120 3554 invenirent
1139 3529 1185 3558 Ca,
1204 3528 1330 3560 (scanda-

263 3566 432 3600 lizaretur...)
452 3565 583 3590 inveniret
600 3564 632 3594 D,
652 3564 791 3589 inveniunt
809 3564 839 3595 E,
858 3564 1016 3590 invenerant
1034 3565 1062 3590 P.

317 3601 342 3634 δ)
363 3601 517 3627 intentione.
529 3614 549 3619 -
566 3599 714 3625 intensione
738 3599 808 3630 PDa,
823 3599 928 3624 intenae
944 3599 973 3630 C,
986 3605 1053 3632 spat.
1065 3607 1121 3625 vac.
1133 3599 1154 3624 F
1162 3607 1168 3630 ;
1194 3604 1221 3624 ut
1234 3607 1282 3623 nos
1296 3598 1328 3624 G.

2380 269 2449 306 351

1389 350 1550 386 totaliter
1586 350 1750 398 gravitas
1780 349 1931 386 animae
1961 350 2183 385 resolvatur.
2223 347 2335 385 Unde
2364 349 2455 383 Am-

1390 404 1538 439 brosius
1567 403 1665 450 dicit,
1691 403 1729 439 in
1750 404 1763 439 1
1785 403 1829 439 de
1853 402 1960 450 Offic.
1981 401 2015 438 *ε
2051 403 2263 438 Caveamus
2287 413 2344 446 ne,
2366 401 2455 436 dum

1390 456 1567 493 relaxare
1595 457 1765 493 animum
1784 456 1969 502 volumus,
1988 455 2179 492 solvamus
2199 466 2348 491 omnem
2368 455 2455 490 har-

1389 510 1569 555 moniam,
1590 510 1700 557 quasi
1717 515 1936 545 concentum
1956 509 2143 557 quendam
2164 509 2349 545 bonorum
2371 518 2455 555 ope-

1390 574 1487 598 rum.
1518 563 1567 598 Et
1594 562 1742 599 Tullius
1768 562 1865 607 dicit,
1887 562 1925 598 in
1946 563 1958 598 l
1980 562 2026 598 de
2049 562 2157 610 Offic.
2178 560 2209 608 *,
2239 560 2343 608 quod
2362 561 2459 596 sicut

1383 616 1514 662 pueris
1542 627 1616 651 non
1645 627 1794 652 omnem
1823 615 1976 651 ludendi
2002 615 2189 651 licentiam
2217 615 2364 658 damus,
2393 613 2459 650 sed

1389 680 1474 704 eam
1498 680 1596 716 quae
1614 669 1662 705 ab
1681 669 1882 705 honestatis
1896 673 1907 688 Ε
1927 669 2135 705 actionibus
2154 679 2229 704 non
2249 668 2296 704 sit
2313 667 2457 710 aliena,-

1388 722 1442 757 sic
1470 722 1507 757 in
1537 722 1615 769 ipso
1645 722 1727 757 ioco
1756 721 1910 769 aliquod
1931 722 2045 769 probi
2063 721 2209 771 ingenii
2235 721 2360 757 lumen
2380 720 2457 756 elu-

1389 779 1480 817 ceat.
1501 794 1525 801 -
1547 774 1677 810 Tertio
1698 782 1826 810 autem
1849 782 1903 810 est
1932 775 2219 820 attendendum,
2240 773 2335 810 sicut
2364 781 2399 809 et
2420 773 2456 809 in

1390 827 1568 863 omnibus
1588 827 1668 863 aliis
1697 827 1873 863 humanis
1895 827 2051 873 actibus,
2074 836 2113 864 ut
2138 834 2321 874 congruat
2340 825 2352 851 ζ
2371 838 2456 874 per-

1389 892 1506 916 sonae
1523 888 1559 916 et
1572 880 1736 928 tempori
1753 888 1788 916 et
1803 881 1901 927 loco,
1915 888 1950 916 et
1964 881 2174 917 secundum
2192 880 2281 916 alias
2297 879 2456 916 circum-

1389 933 1542 969 stantias
1567 933 1690 969 debite
1711 933 1926 969 ordinetur:
1956 941 1997 969 ut
2016 934 2155 970 scilicet
2175 933 2220 970 sit
2238 928 2458 981 et'tempore

1388 992 1424 1022 et
1449 986 1601 1022 homine
1627 986 1776 1035 dignus,
1798 994 1838 1022 ut
1856 986 2005 1022 Tullius
2034 987 2131 1032 dicit,
2153 986 2307 1023 ibidem.

1443 1038 1675 1075 Huiusmodi
1703 1047 1831 1074 autern
1861 1040 2073 1076 secundum
2103 1040 2270 1087 regulam
2301 1038 2456 1075 rationis

1390 1092 1622 1128 ordinantur.
1662 1091 1823 1127 Habitus
1859 1100 1986 1128 autem
2022 1093 2234 1129 secundum
2269 1092 2455 1129 rationem

1389 1156 1554 1192 operans
1584 1152 1639 1180 est
1666 1144 1785 1180 virtus
1815 1145 1981 1181 moralis.
2022 1146 2069 1181 Et
2097 1145 2183 1182 ideo
2220 1145 2316 1182 circa
2345 1145 2456 1182 ludos

1388 1204 1513 1245 potest
1541 1209 1624 1233 esse
1649 1197 1775 1244 aliqua
1793 1198 1925 1242 virtus,
1947 1210 2063 1246 quam
2083 1199 2340 1247 Philosophus
2354 1198 2374 1220 '¹‘
2393 1211 2455 1235 eu-

1389 1250 1586 1297 trapeliam
1616 1250 1799 1286 nominat.
1840 1251 1887 1287 Et
1921 1251 2055 1287 dicitur
2082 1252 2215 1299 aliquis
2244 1252 2456 1300 eutrapelus

1390 1315 1412 1339 a
1440 1304 1539 1339 bona
1567 1303 1739 1339 versione
1758 1302 1825 1339 ⁷¹²⁸:
1857 1303 1946 1351 quia
1974 1304 2114 1340 scilicet
2142 1306 2240 1341 bene
2270 1305 2456 1341 convertit

1388 1355 1515 1404 aliqua
1543 1355 1642 1392 dicta
1669 1356 1732 1391 vel
1760 1356 1858 1392 facta
1877 1357 1916 1392 in
1936 1357 2124 1394 solatium.
2155 1358 2203 1394 Et
2231 1357 2454 1406 inquantum

1388 1420 1458 1456 per
1486 1410 1585 1444 hanc
1610 1408 1790 1445 virtutem
1820 1410 1939 1446 homo
1969 1411 2178 1446 refrenatur
2197 1411 2244 1447 ab
2266 1411 2453 1448 immode·
2499 1423 2512 1437 v

1389 1463 1509 1498 tantia
1537 1461 1729 1507 ludorum,
1760 1462 1831 1498 sub
1861 1463 2050 1499 modestia
2079 1463 2302 1500 continetur.

1441 1516 1500 1551 An
1529 1526 1666 1551 PRIMUM
1696 1526 1794 1551 ERGO
1823 1527 2009 1552 montinum
2038 1517 2155 1565 quod,
2186 1516 2282 1553 sicut
2309 1517 2452 1554 dictum

1390 1575 1446 1604 est
1463 1567 1495 1615 ²¹³,
1525 1568 1656 1605 iocosa
1686 1569 1826 1605 debent
1855 1580 2063 1616 congruere
2093 1570 2252 1617 negotiis
2273 1578 2309 1606 et
2329 1582 2456 1618 perso-

1388 1621 1457 1659 nis.
1497 1621 1608 1658 Unde
1647 1629 1682 1658 et
1717 1621 1865 1658 Tullius
1902 1622 2008 1668 dicit,
2042 1621 2081 1658 in
2110 1623 2123 1658 I
2152 1624 2261 1659 Rhet.
2285 1623 2320 1669 ³¹⁸,
2351 1623 2454 1672 quod

1391 1675 1545 1723 quando
1574 1675 1767 1711 auditores
1796 1683 1884 1711 sunt
1911 1675 2114 1723 defatigati,
2143 1688 2218 1712 non
2248 1682 2302 1712 est
2329 1677 2457 1713 inutile

1387 1729 1436 1765 ab
1464 1728 1592 1776 aliqua
1622 1739 1664 1764 re
1683 1739 1781 1764 nova
1801 1734 1869 1764 aut
1885 1729 2044 1765 ridicula
2065 1734 2255 1766 oratorem
2275 1730 2456 1778 incipere:

1386 1782 1420 1818 si
1446 1787 1570 1817 tamen
1600 1782 1658 1817 rei
1683 1781 1847 1830 dignitas
1875 1794 1949 1818 non
1970 1782 2102 1818 adimit
2120 1783 2271 1819 iocandi
2284 1783 2454 1831 faculta-

1387 1840 1471 1871 tem.
1502 1834 1684 1871 Doctrina
1713 1842 1840 1871 autem
1870 1847 1975 1871 sacra
2004 1835 2181 1871 maximis
2202 1837 2314 1872 rebus
2334 1837 2455 1873 inten-

1388 1888 1461 1924 dit:
1482 1888 1694 1924 secundum
1714 1887 1804 1924 illud
1822 1889 1935 1924 Prov.
1958 1899 2017 1924 vui
2037 1887 2076 1925 *ε
2105 1889 2253 1934 Audite,
2274 1890 2453 1937 quoniam

1387 1942 1432 1977 de
1460 1942 1571 1977 rebus
1599 1941 1750 1990 magnis
1778 1941 1950 1977 locutura
1968 1953 2064 1978 sum.
2095 1942 2205 1978 Unde
2224 1942 2453 1979 Ambrosius

1387 2006 1465 2031 non
1485 1991 1669 2031 excludit⁸
1689 1994 1952 2031 universaliter
1971 1994 2099 2031 iocum
2120 2007 2142 2031 a
2163 1996 2453 2032 conversatione

1386 2048 1568 2093 humana,
1590 2047 1658 2084 sed
1686 2059 1708 2084 a
1738 2047 1908 2084 doctrina
1938 2060 2056 2084 sacra.
2086 2048 2197 2085 Unde
2226 2049 2451 2096 praemittit:

1386 2101 1493 2137 Licet
1518 2101 1704 2137 interdum
1732 2101 1886 2137 honesta
1906 2101 1989 2137 ioca
2008 2112 2055 2137 ac
2073 2102 2206 2138 suavia
2224 2102 2308 2147 sint,
2327 2107 2451 2139 tamen

1385 2155 1434 2190 ab
1453 2154 1701 2190 ecclesiastica
1721 2154 1927 2190 abhorrent
1944 2154 2102 2203 regula:
2130 2155 2309 2202 quoniam
2334 2161 2452 2203 quae‘

1386 2208 1423 2243 in
1444 2208 1647 2255 Scripturis
1673 2207 1811 2243 sanctis
1839 2219 1913 2243 non
1943 2208 2163 2255 reperimus,
2193 2219 2237 2244 ea
2265 2220 2376 2256 quem
2403 2209 2455 2245 ad

1385 2261 1540 2296 modum
1570 2271 1756 2308 usurpare
1777 2259 2008 2308 possumus?

1439 2315 1497 2349 An
1513 2324 1703 2350 SECUNDUM
1720 2325 1903 2350 DiCENDuM
1923 2313 2029 2361 quod
2044 2314 2208 2349 verbum
2224 2313 2314 2350 illud
2331 2314 2454 2362 Chry-

1386 2366 1545 2403 sostomi
1575 2374 1630 2402 est
1658 2366 1943 2414 intelligendum
1974 2367 2021 2403 de
2050 2366 2119 2402 illis
2148 2366 2212 2414 qui
2240 2366 2453 2404 inordinate

1385 2420 1482 2456 ludis
1510 2427 1687 2456 utuntur:
1718 2428 1754 2456 et
1781 2419 1987 2468 praecipue
2017 2432 2152 2456 eorum
2182 2420 2246 2468 qui
2275 2420 2393 2457 finem
2415 2421 2452 2457 in

1386 2473 1636 2510 delectatione
1665 2473 1746 2510 ludi
1770 2473 2012 2519 constituunt,
2043 2472 2136 2509 sicut
2156 2473 2202 2509 de
2223 2473 2452 2521 quibusdam

1386 2527 1521 2563 dicitur
1548 2527 1636 2574 Sap.
1657 2538 1706 2563 xv
1724 2526 1763 2562 *z
1799 2528 2105 2563 Aestimaverunt
2131 2537 2209 2562 esse
2242 2527 2371 2563 ludum
2398 2528 2452 2564 vi-

1384 2586 1462 2617 tam
1482 2586 1662 2616 nostram.
1693 2580 1837 2616 Contra
1857 2580 1962 2627 quod
1981 2585 1997 2600 “
2026 2579 2113 2615 dicit
2132 2578 2293 2624 Tullius,
2314 2580 2351 2616 in
2373 2581 2386 2615 Ι
2406 2581 2452 2616 de

1389 2633 1499 2682 Offic.
1519 2633 1556 2670 *ε
1586 2633 1678 2669 Non
1707 2634 1758 2669 ita
1785 2633 1960 2682 generati
1985 2644 2009 2668 a
2029 2638 2165 2668 natura
2184 2644 2314 2668 sumus
2343 2638 2383 2668 ut
2400 2634 2452 2669 ad

1385 2687 1514 2723 ludum
1543 2692 1579 2722 et
1605 2686 1728 2722 iocum
1746 2686 1849 2734 facti
1875 2698 1953 2722 esse
1981 2686 2200 2721 videamur.-
2228 2686 2294 2721 sed
2319 2686 2371 2722 ad
2395 2698 2449 2722 se-

1383 2741 1577 2777 veritatem
1599 2740 1738 2787 potius,
1768 2745 1803 2775 et
1829 2740 1880 2775 ad
1907 2739 2092 2786 quaedam
2120 2738 2242 2774 studia
2264 2739 2449 2787 graviora

1383 2799 1495 2842 atque
1524 2793 1684 2829 maiora.

1437 2850 1496 2883 An
1529 2857 1689 2882 TERTmM
1717 2856 1903 2882 DicssNDUM
1931 2844 2035 2892 quod
2070 2844 2174 2892 ipsae
2210 2845 2450 2892 operationes

1354 2940 1356 2949 ,
1383 2899 1482 2945 ludi,
1513 2899 1724 2936 secundum
1759 2910 1868 2934 suam
1904 2897 2090 2946 speciem,
2121 2909 2198 2933 non
2228 2897 2450 2934 ordinantur

1383 2953 1431 2990 ad
1461 2953 1623 3000 aliquem
1654 2952 1787 2988 finem.
1818 2951 1894 2988 Sed
1920 2950 2117 2987 delectatio
2138 2962 2236 2998 quae
2256 2949 2294 2986 in
2313 2951 2450 2988 talibus

1383 3006 1528 3042 actibus
1556 3007 1737 3050 habetur,
1768 3004 1963 3041 ordinatur
1995 3004 2043 3040 ad
2073 3003 2266 3051 quandam
2297 3003 2448 3040 animae

1383 3059 1658 3096 recreationem
1689 3066 1724 3094 et
1757 3058 1938 3106 quietem.
1978 3058 2025 3093 Et
2053 3057 2265 3093 secundum
2293 3057 2387 3103 hoc,
2418 3057 2448 3093 si

1383 3112 1580 3149 moderate
1610 3111 1687 3155 fiat,
1717 3111 1802 3147 licet
1830 3111 1883 3146 uti
1911 3110 2014 3146 ludo.
2045 3109 2155 3147 Unde
2180 3109 2327 3146 Tullius
2348 3110 2447 3157 dicit,

1383 3165 1421 3201 in
1451 3167 1464 3201 1
1494 3167 1540 3201 de
1563 3165 1671 3213 Offic.
1691 3163 1732 3199 *ς
1768 3164 1876 3200 Ludo
1904 3169 1941 3199 et
1970 3163 2052 3199 ioco
2088 3163 2142 3198 uti
2167 3163 2315 3210 quidem
2345 3163 2448 3200 licet:

1382 3218 1461 3263 sed,
1491 3219 1588 3254 sicut
1618 3229 1750 3254 somno
1780 3222 1816 3252 et
1845 3216 2027 3264 quietibus
2061 3216 2208 3260 ceteris,
2238 3221 2326 3252 tunc
2360 3228 2446 3254 cum

1382 3271 1566 3320 gravibus
1592 3271 1773 3317 seriisque
1799 3270 1910 3306 rebus
1937 3268 2236 3316 satisfecerimus.

1436 3385 1459 3416 ε)
1479 3385 1632 3410 honestatis.
1644 3398 1664 3403 -
1681 3385 1798 3409 honestis
1816 3385 1908 3409 PCDa.

1436 3420 1461 3452 ζ)
1480 3423 1622 3454 congruat.
1634 3433 1653 3439 -
1670 3427 1806 3453 congruas
1824 3420 2011 3451 BDFHLpAC,
2029 3426 2179 3452 congruens
2198 3420 2227 3445 Ε.

1435 3455 1462 3488 η)
1482 3455 1639 3481 versione.-
1656 3455 1828 3480 conversione
1847 3455 1892 3484 Pa,
1911 3454 2112 3480 conversatione
2131 3455 2164 3480 H.

1436 3489 1460 3523 θ)
1480 3491 1610 3516 excludit.
1622 3504 1642 3510 -
1659 3491 1775 3516 exaudit
1791 3490 1908 3523 BFpAK.

1437 3527 1455 3559 ι)
1474 3533 1549 3559 quae.
1562 3540 1580 3545 -
1598 3526 1659 3551 Om.
1679 3527 1735 3556 PL;
1754 3534 1802 3558 pro
1817 3533 1967 3558 possumus,
1981 3525 2117 3558 possimus
2134 3526 2162 3551 P.

1436 3563 1462 3594 κ)
1481 3563 1592 3594 quod.—
1609 3569 1675 3594 quos
1694 3562 1722 3587 P.

2484 409 2494 419 ⁸
2509 408 2566 437 Cap.
2581 416 2620 431 xx.

2484 570 2493 580 ⁸
2507 570 2563 591 Loc.
2579 570 2617 592 eit.

2583 679 2596 697 Ι

2482 1202 2566 1250 ἑοηῇἶα
2577 1208 2624 1230 arg.
2649 1201 2700 1223 Sed

2578 1313 2594 1336 ²1

2482 1337 2696 1390 atheiis-233,

2482 1390 2581 1438 12.?—S.
2590 1371 2634 1412 ΤΞ.
2643 1391 2694 1412 lect.

2483 1578 2493 1588 ⁸
2506 1577 2531 1598 In
2546 1582 2651 1605 corpore.

2483 1625 2695 1653 ’Delnvent.Rhet.,

2482 1651 2522 1672 lib.
2534 1651 2550 1677 1,
2562 1657 2612 1679 cap.
2621 1658 2677 1674 xvu.

2482 1898 2491 1907 ⁸
2506 1896 2572 1918 Vers.
2588 1897 2609 1918 6.

2480 2535 2489 2544 ⁸
2503 2533 2570 2555 Vers.
2586 2540 2614 2556 υ.

2511 2590 2519 2597 ⁷
2529 2609 2534 2612 ᾖ
2576 2588 2591 2604 κ

2478 2641 2488 2650 ·
2502 2639 2558 2661 Loc.
2574 2639 2611 2660 cit.

2474 3171 2485 3182 ⁸
2499 3171 2557 3193 Ibid.
