2768 4198
53 1474 60 1481 ·
76 1471 142 1493 Vers.
158 1478 189 1493 ιο.

53 1629 61 1639 ·
72 1628 104 1650 Ca
124 1634 176 1655 .111,
187 1635 208 1650 n.
220 1636 242 1654 4.
254 1639 265 1644 -

52 1655 74 1677 S.
91 1635 134 1677 ἦ
152 1656 202 1677 lect.
218 1661 264 1676 viu.

51 2381 89 2403 ’1⁸
96 2381 266 2409 11³⁸.qu.xxxi,

51 2412 92 2430 art.
109 2414 127 2435 5.

53 2702 61 2710 ⁸
77 2701 141 2722 Vers.
158 2707 175 2729 5.

55 3234 63 3242 ⁸
78 3231 134 3279 Cap
152 3238 173 3258 x,
189 3238 210 3253 n.
226 3239 246 3259 9,
257 3243 267 3247 -

53 3259 78 3281 S.
92 3258 113 3279 T
133 3275 136 3279 .
158 3259 208 3280 lect.
229 3265 266 3280 xx.

54 3345 64 3355 ⁸
78 3346 126 3367 Art.
144 3346 246 3373 praeced.

301 294 370 330 126

963 292 1232 340 QUAESTIO
1268 291 1406 340 cxm,

1435 294 1734 332 ARTICULUS
1764 294 1815 331 lV

1083 410 1403 452 ARTICULUS
1434 411 1708 463 QUARTUS

385 504 540 534 UTRUM
565 501 878 533 TEMPERANTIA
902 500 1050 531 SOLUM
1075 499 1141 530 sir
1166 498 1297 530 cch
1323 499 1727 533 CONCUPISCENTIAS
1751 503 1809 534 ET
1833 504 2198 536 DELECTATIONES
2222 503 2398 535 TACTus

1033 579 1057 603 1·
1077 579 1134 609 11⁸⁰,
1153 587 1199 611 qu.
1219 587 1257 608 Lx.
1277 584 1324 603 art.
1345 578 1374 608 5;
1395 578 1426 602 111
1446 578 1544 608 Ethic„
1564 580 1622 604 lect.
1642 588 1691 610 ¹11.
1711 589 1751 607 xx.

328 678 337 695 i
382 681 388 693 ν
410 681 428 708 ρ,
444 691 453 698 f
477 686 482 696 κ
508 674 529 698 ι)
545 672 718 704 QUARTUM
734 671 787 696 sm
810 670 1054 696 PROCEDlTUR.
1075 659 1236 696 Videtur
1257 660 1362 706 quod
1390 661 1391 710 J

336 691 372 712 ot*
431 692 467 708 so<

321 694 479 774 ἥξω
506 713 755 763 temperantia
776 725 853 749 non
874 713 999 750 solum
1029 712 1076 749 sit
1105 712 1203 749 circa
1224 724 1364 749 concu-

311 771 347 816 ’,ς
372 784 421 802 w
443 753 708 816 ''piscantias
739 774 774 803 et
803 766 1073 803 delectationes
1101 773 1234 803 tactus.
1265 765 1366 802 Dicit

307 816 324 828 ”
348 797 446 854 ,ξ’ἕέῢ
462 813 609 858 &enim
638 820 888 869 Augustinus,
914 821 952 857 in
981 820 1078 856 libro
1111 820 1157 857 de
1184 820 1364 857 Moribus
1390 824 1391 830 ’

290 875 414 911 Eccle.
435 874 466 916 *,
496 874 601 923 quod
631 886 769 911 munus
789 879 807 894 ²
835 873 1106 922 temperantiae
1129 879 1184 910 est
1201 874 1238 910 in
1259 885 1363 910 coer-

291 927 415 964 cendis
441 927 689 976 sedandisque
715 928 989 976 cupiditatibus,
1009 927 1144 976 quibus
1176 927 1365 964 inhiamus

291 982 327 1017 in
357 993 402 1017 ea
432 992 530 1029 quae
558 993 626 1018 nos
653 987 830 1018 avertunt
855 993 879 1018 a
905 981 1050 1031 legibus
1069 981 1144 1018 Dei
1170 986 1207 1017 et
1232 992 1257 1017 a
1275 981 1366 1030 fru-

290 1039 350 1070 ctu
378 1035 551 1072 bonitatis
570 1035 660 1072 eius.
692 1035 740 1072 Et
768 1042 855 1084 post
879 1047 1003 1084 pauca
1027 1035 1155 1072 subdit
1183 1034 1289 1088 quod
1309 1035 1365 1083 of-

278 1088 417 1136 ficium
446 1089 717 1138 temperantiae
744 1095 798 1126 est
824 1094 1064 1126 contemnere
1083 1100 1213 1125 omnes
1233 1099 1365 1137 corpo-

291 1153 375 1178 reas
404 1142 619 1189 illecebras,
648 1143 874 1191 laudemque
896 1142 1136 1192 popularem.
1175 1142 1252 1179 Sed
1286 1154 1365 1179 non

291 1196 415 1232 solum
447 1196 671 1245 cupiditates
707 1196 1004 1233 delectationum
1039 1203 1161 1233 tactus
1191 1203 1367 1232 avertunt

291 1262 361 1286 nos
391 1263 413 1287 a
441 1250 587 1299 legibus
607 1250 692 1296 Dei,
722 1250 789 1287 sed
811 1251 926 1287 etiam
947 1249 1280 1299 concupiscentiae
1301 1249 1366 1286 de-

291 1303 540 1341 lectationum
570 1303 731 1342 aliorum
754 1316 950 1351 sensuum,
980 1316 1079 1352 quae
1110 1303 1224 1340 etiam
1253 1303 1365 1353 perti-

291 1366 382 1394 nent
411 1358 460 1395 ad
488 1358 684 1395 illecebras
715 1358 955 1407 corporales:
993 1366 1029 1394 et
1064 1356 1234 1394 similiter
1263 1357 1367 1406 cupi-

292 1410 426 1448 ditates
457 1412 687 1457 divitiarum,
716 1412 778 1448 vel
809 1411 923 1448 etiam
952 1412 1173 1448 mundanae
1202 1411 1366 1459 gloriae,

292 1466 394 1502 unde
416 1465 560 1512 dicitur,
583 1467 595 1502 1
617 1466 669 1502 ad
686 1465 781 1502 Tim.
802 1466 868 1502 ult.
884 1464 915 1512 ³²,
937 1465 1043 1514 quod
1063 1465 1178 1502 radix
1196 1465 1366 1502 omnium

293 1519 482 1556 malorum
512 1525 566 1556 est
592 1519 786 1568 cupiditas.
817 1519 920 1567 Ergo
940 1518 1192 1568 temperantia
1213 1531 1291 1555 non
1312 1526 1368 1555 est

292 1574 418 1610 solum
440 1574 539 1610 circa
560 1572 889 1622 concupiscentias
912 1572 1209 1610 delectationum
1233 1580 1367 1610 tactus.

349 1639 383 1664 2.
405 1628 640 1672 PRAETEREA,
666 1626 925 1675 Philosophus
946 1626 1046 1673 dicit,
1069 1627 1106 1663 in
1128 1626 1179 1663 lV
1197 1627 1318 1663 Ethz'c.
1335 1626 1367 1672 ³⁸,

293 1681 398 1730 quod
427 1681 488 1717 ille
515 1681 582 1729 qui
607 1686 663 1717 est
689 1680 824 1728 parvis
852 1680 990 1729 dignus
1018 1685 1054 1716 et
1080 1680 1137 1716 his
1172 1680 1371 1729 dignificat

291 1735 466 1783 seipsum,
496 1740 551 1770 est
577 1740 816 1782 temperatus,
840 1745 914 1770 non
935 1739 1062 1770 autem
1082 1734 1366 1783 magnanimus.

293 1788 370 1825 Sed
400 1789 568 1824 honores
598 1787 705 1836 parvi
732 1788 793 1823 vel
823 1787 963 1834 magni,
994 1786 1042 1823 de
1067 1786 1204 1835 quibus
1235 1787 1283 1823 ibi
1314 1788 1368 1823 lo-

292 1842 435 1891 quitur,
466 1853 545 1878 non
574 1849 661 1877 sunt
689 1840 930 1877 delectabiles
958 1840 1173 1877 secundum
1203 1847 1368 1887 tactum,

291 1896 359 1932 sed
388 1895 601 1932 secundum
630 1893 978 1943 apprehensionem
1009 1892 1229 1930 animalem.
1265 1894 1368 1942 Ergo

290 1948 544 1998 temperantia
572 1960 651 1985 non
681 1955 736 1984 est
764 1948 890 1985 solum
918 1946 1017 1984 circa
1038 1946 1369 1996 concupiscentias

292 2002 590 2040 delectationum
619 2008 752 2038 tactus.

347 2058 381 2094 3.
413 2057 649 2102 PRAETEREA,
673 2067 718 2092 ea
747 2066 845 2104 quae
875 2062 963 2092 sunt
992 2054 1105 2092 unius
1133 2054 1293 2103 generis,
1314 2055 1369 2092 vi-

292 2110 430 2148 dentur
459 2109 595 2146 eadem
621 2108 767 2146 ratione
797 2107 986 2157 pertinere
1009 2108 1059 2145 ad
1082 2107 1283 2146 materiam
1304 2109 1368 2146 ali-

293 2164 399 2201 cuius
427 2163 587 2200 virtutis.
619 2162 695 2200 Sed
725 2173 862 2199 omnes
891 2161 1163 2199 delectationes
1183 2174 1367 2200 sensuum

290 2217 469 2255 videntur
504 2228 587 2253 esse
624 2215 739 2253 unius
773 2215 937 2263 generis.
974 2216 1077 2263 Ergo
1106 2215 1188 2265 pari
1223 2216 1370 2254 ratione

292 2271 482 2320 pertinent
509 2269 558 2307 ad
587 2269 786 2306 materiam
815 2269 1103 2318 temperantiae.

345 2338 382 2372 4.
405 2325 641 2370 plumeam,
663 2322 934 2360 delectationes
950 2322 1163 2371 spirituales
1182 2331 1271 2360 sunt
1290 2335 1370 2361 ma-

293 2378 394 2415 iores
422 2390 539 2426 quam
565 2377 806 2426 corporales:
836 2384 878 2413 ut
906 2376 1056 2426 supra*
1086 2376 1261 2413 habitum
1292 2385 1368 2423 est,

294 2444 381 2469 cum
421 2431 468 2468 de
507 2430 750 2480 passionibus
789 2437 975 2478 ageretur.
1017 2431 1093 2467 Sed
1133 2430 1370 2480 quandoque

292 2492 450 2535 propter
492 2483 820 2533 concupiscentias
857 2483 1154 2521 delectationum
1197 2484 1369 2534 spiritua-

293 2539 385 2576 lium
425 2538 540 2588 aliqui
574 2538 776 2575 discedunt
812 2550 834 2574 a
869 2537 1016 2586 legibus
1045 2538 1117 2575 Dei
1155 2546 1191 2575 et
1219 2551 1241 2575 a
1270 2546 1368 2576 statu

292 2592 455 2630 virtutis:
477 2592 574 2629 sicut
593 2599 750 2641 propter
770 2590 1028 2628 curiositatem
1043 2591 1235 2629 scientiae.
1257 2592 1369 2630 Unde

293 2655 329 2683 et
367 2646 491 2695 primo
530 2645 678 2682 homini
721 2645 898 2682 diabolus
936 2644 1133 2682 scientiam
1170 2645 1367 2694 promisit,

297 2700 388 2737 Gen.
411 2711 446 2736 111
465 2699 496 2746 ³⁸,
520 2699 669 2737 dicens:
698 2699 815 2736 Eritis
842 2698 939 2736 sicut
960 2699 1023 2744 dii,
1043 2699 1199 2736 scientes
1227 2700 1369 2736 bonum

292 2760 327 2791 et
345 2753 501 2790 malum.
533 2753 635 2801 Ergo
666 2765 744 2790 non
775 2753 899 2790 solum
923 2760 978 2790 est
997 2752 1251 2802 temperantia
1270 2753 1369 2790 circa

293 2806 563 2845 delectationes
591 2814 725 2844 tactus.

350 2862 382 2898 5.
404 2861 640 2907 PRAETEREA,
658 2860 687 2897 si
708 2860 980 2898 delectationes
1000 2867 1121 2897 tactus
1138 2868 1264 2897 essent
1283 2873 1370 2909 pro-

291 2915 374 2964 pria
403 2914 562 2951 materia
590 2914 881 2963 temperantiae,
914 2921 1108 2963 oporteret
1135 2913 1241 2962 quod
1271 2914 1370 2951 circa

292 2981 427 3005 omnes
443 2967 714 3005 delectationes
733 2975 854 3005 tactus
873 2967 1127 3016 temperantia
1144 2975 1254 3005 esset.
1277 2968 1369 3005 Non

292 3030 421 3059 autem
450 3030 506 3058 est
536 3021 634 3058 circa
654 3033 812 3059 omnes:
843 3029 935 3071 puta
956 3021 1054 3058 circa
1076 3033 1140 3058 eas
1161 3033 1260 3070 quae
1282 3030 1370 3059 sunt

292 3075 329 3113 in
355 3074 465 3112 ludis.
497 3075 600 3123 Ergo
630 3074 901 3112 delectationes
925 3082 1045 3112 tactus
1067 3087 1145 3112 non
1165 3083 1254 3112 sunt
1281 3087 1369 3124 pro-

293 3129 373 3179 pria
402 3128 562 3166 materia
591 3129 878 3178 temperantiae.

348 3183 422 3219 SED
443 3194 590 3219 CONTRA
619 3194 685 3219 EST
713 3182 820 3231 quod
840 3181 1098 3230 Philosophus
1128 3181 1228 3229 dicit,
1249 3181 1286 3219 in
1318 3183 1366 3218 Ill

293 3237 413 3273 Ethic.
433 3235 465 3283 *‚
496 3235 601 3285 quod
631 3235 881 3286 temperantia
910 3235 1062 3285 proprie
1083 3243 1138 3272 est
1159 3235 1258 3272 circa
1279 3247 1368 3272 con-

296 3289 544 3338 cupiscentias
574 3297 609 3326 et
638 3289 909 3327 delectationes
938 3296 1069 3326 tactus.

350 3343 576 3380 RESPONDEO
602 3355 787 3382 mcENDUM
814 3342 932 3393 quod,
963 3342 1059 3380 sicut
1088 3342 1231 3381 dictum
1262 3351 1318 3380 est
1336 3342 1368 3390 ²¹²,

296 3395 345 3432 ita
374 3404 429 3432 est
456 3397 707 3445 temperantia
736 3397 835 3434 circa
865 3396 1194 3445 concupiscentias
1213 3404 1250 3434 et
1269 3396 1370 3434 dele-

297 3449 478 3486 ctationes
503 3449 598 3486 sicut
623 3450 801 3487 fortitudo
827 3451 925 3487 circa
944 3450 1101 3487 timores
1122 3458 1158 3487 et
1177 3450 1368 3487 audacias.

349 3564 376 3595 α)
398 3570 502 3587 munus.
514 3576 533 3582 -·
553 3563 638 3588 virtus
652 3563 708 3593 PL3
729 3571 777 3596 pro
793 3565 935 3594 inhiamus,
949 3566 1150 3590 contr-arianzus
1163 3565 1265 3590 DEFlK
1280 3565 1330 3598 (pC
1339 3563 1369 3597 ἲ),

295 3598 498 3624 contrariamur
518 3599 608 3628 ausc,
627 3602 815 3624 contraeamus
835 3600 866 3629 G,
886 3601 1069 3626 convertimur
1089 3601 1121 3630 Η,
1139 3601 1246 3626 animus
1265 3601 1295 3630 L,
1311 3607 1370 3625 ver-

295 3641 390 3659 samur
409 3635 450 3660 ed.
469 3642 494 3664 a,
515 3635 645 3659 vertimur
665 3635 691 3659 Ρ.

1419 658 1618 695 Fortitudo
1653 667 1782 697 autern
1821 670 1877 699 est
1914 662 2012 701 circa
2050 663 2207 702 timores
2247 673 2283 702 et
2315 664 2493 702 audacias

1390 715 1391 758 Ῐ
1419 720 1594 771 respectu
1624 713 1884 751 maximorum
1913 717 2118 765 malorum,
2148 718 2287 768 quibus
2316 719 2397 768 ipsa
2427 730 2491 755 na-

1390 803 1392 805 .
1418 773 1501 802 tura
1522 765 1759 814 extinguitur,
1791 779 1891 816 quae
1911 777 1999 807 sunt
2017 771 2184 819 pericula
2204 772 2349 809 mortis.
2379 772 2493 810 Unde

1419 818 1587 856 similiter
1615 820 1866 869 temperantia
1896 831 2047 871 oportet
2075 825 2180 873 quod
2209 825 2256 862 sit
2284 825 2382 863 circa
2403 837 2494 862 con-

1419 873 1671 921 cupiscentias
1701 874 1954 912 maximarum
1984 875 2291 916 delectationum.
2327 879 2376 916 Et
2403 879 2494 929 quia

1420 925 1621 963 delectatio
1669 928 1916 978 consequitur
1958 930 2224 979 operationem
2267 941 2493 970 connatura-

1418 980 1494 1016 lem
1516 979 1543 1023 β,
1573 987 1677 1018 tanto
1708 981 1857 1031 aliquae
1888 982 2159 1020 delectationes
2179 993 2267 1022 sunt
2284 986 2494 1024 vehemen-

1419 1033 1535 1071 tiores
1576 1043 1720 1084 quanto
1765 1043 2052 1086 consequuntur
2088 1037 2332 1086 operationes
2374 1040 2495 1089 magis

1420 1089 1622 1125 naturales.
1668 1089 1838 1126 Maxime
1874 1097 2003 1127 autem
2041 1092 2232 1128 naturales
2267 1091 2496 1131 animalibus

1420 1149 1508 1178 sunt
1537 1142 1780 1191 operationes
1809 1143 1949 1191 quibus
1978 1153 2227 1181 conservatur
2246 1152 2382 1183 natura
2401 1146 2497 1184 indi-

1419 1195 1525 1233 vidui
1554 1208 1624 1245 per
1643 1195 1772 1233 cibum
1804 1204 1840 1233 et
1868 1205 2018 1246 potum,
2049 1205 2086 1234 et
2104 1206 2239 1236 natura
2259 1199 2399 1248 speciei
2429 1211 2499 1249 per

1422 1249 1734 1287 coniunctionem
1762 1250 1878 1287 maris
1910 1258 1945 1288 et
1973 1251 2152 1289 feminae.
2196 1252 2246 1289 Et
2278 1252 2499 1291 ideocirca

1421 1303 1693 1341 delectationes
1722 1303 1899 1341 ciborum
1929 1312 1966 1342 et
1993 1313 2175 1354 potuum,
2207 1313 2243 1343 et
2271 1306 2370 1344 circa
2399 1307 2500 1344 dele-

1422 1357 1607 1394 ctationes
1643 1369 1924 1406 venereorum,
1955 1366 2010 1395 est
2052 1359 2205 1408 proprie
2234 1361 2497 1409 temperantia.

1423 1410 1657 1448 Huiusmodi
1673 1419 1802 1448 autem
1823 1412 2095 1449 delectationes
2111 1421 2400 1462 consequuntur
2414 1427 2499 1452 sen-

1422 1477 1509 1502 sum
1537 1472 1669 1502 tactus.
1710 1465 1822 1503 Unde
1859 1466 2082 1515 relinquitur
2110 1466 2216 1516 quod
2245 1469 2500 1517 temperantia

1422 1518 1468 1555 sit
1497 1519 1596 1556 circa
1626 1519 1896 1556 delectationes
1924 1527 2058 1557 tactus.

1476 1574 1536 1609 Ao
1556 1584 1694 1610 ramum
1715 1585 1814 1610 ERGO
1838 1585 2025 1611 morannum
2054 1574 2161 1622 quod
2191 1575 2425 1623 Augustinus
2448 1575 2501 1613 ibi

1420 1626 1572 1663 videtur
1614 1626 1789 1675 accipere
1827 1627 2121 1676 temperantiam
2165 1640 2245 1665 non
2284 1628 2500 1677 secundum

1424 1679 1529 1729 quod
1568 1688 1624 1717 est
1662 1680 1836 1729 specialis
1864 1681 1984 1718 virtus
2023 1681 2170 1718 habens
2205 1681 2500 1721 determinatam

1394 1768 1396 1770 .
1423 1733 1637 1780 materiam,
1667 1734 1736 1772 sed
1765 1734 1979 1771 secundum
2009 1735 2115 1783 quod
2143 1735 2192 1772 ad
2221 1747 2309 1772 eam
2339 1736 2502 1785 pertinet

1423 1787 1638 1824 moderatio
1668 1787 1823 1824 rationis
1852 1787 1890 1824 in
1919 1800 2164 1837 quacumque
2194 1789 2364 1837 materia,
2395 1789 2500 1840 quod

1423 1840 1586 1889 pertinet
1623 1841 1672 1878 ad
1715 1841 1932 1888 generalem
1975 1841 2237 1880 conditionem
2274 1843 2435 1881 virtutis.
2474 1865 2499 1873 -

1424 1893 1616 1941 Quamvis
1646 1893 1759 1930 etiam
1795 1893 1868 1931 dici
1897 1894 2018 1943 possit
2055 1896 2160 1944 quod
2190 1895 2250 1932 ille
2279 1897 2344 1945 qui
2373 1905 2501 1946 potest

1424 1947 1614 1984 refrenare
1636 1946 1824 1984 maximas
1844 1946 2126 1993 delectationes,
2144 1949 2265 1986 multo
2284 1951 2400 1988 etiam
2420 1963 2501 1989 ma-

1423 2001 1478 2050 gis
1498 2009 1624 2051 potest
1643 2000 1833 2038 refrenare
1853 2000 2023 2039 minores
2042 2002 2325 2040 delectationes.
2347 2003 2396 2041 Et
2413 2003 2502 2043 ideo

1424 2056 1473 2093 ad
1501 2053 1796 2104 temperantiam
1825 2054 2080 2104 principaliter
2100 2055 2258 2105 quidem
2283 2063 2319 2093 et
2347 2058 2502 2107 proprie

1423 2108 1586 2158 pertinet
1614 2107 1809 2146 moderari
1843 2108 2171 2158 concupiscentias
2204 2109 2502 2149 delectationum

1423 2170 1566 2200 tactus:
1602 2161 1829 2199 secundario
1859 2170 2007 2210 autem,
2038 2163 2130 2201 alias
2159 2163 2501 2214 concupiscentias.

1477 2218 1536 2254 Αι)
1570 2227 1762 2254 SECUNDUM
1794 2227 1980 2254 melerinum
2018 2218 2125 2265 quod
2159 2217 2419 2268 Philosophus
2450 2217 2502 2257 ibi

1422 2270 1536 2307 refert
1565 2281 1707 2307 nomen
1737 2269 2012 2318 temperantiae
2041 2270 2091 2308 ad
2110 2271 2420 2310 moderationem
2441 2284 2503 2311 ex-

1422 2323 1604 2361 teriorum
1624 2335 1764 2369 rerum,
1794 2323 1888 2360 dum
1908 2323 2050 2361 scilicet
2077 2323 2213 2373 aliquis
2240 2325 2361 2363 tendit
2378 2325 2417 2363 in
2436 2325 2502 2364 ali-

1423 2390 1500 2427 qua
1519 2376 1590 2414 sibi
1610 2385 1938 2414 commensurata:
1959 2389 2039 2414 non
2059 2385 2188 2414 autem
2207 2386 2322 2427 prout
2341 2379 2502 2417 refertur

1423 2431 1472 2469 ad
1492 2430 1801 2468 moderationem
1821 2429 2071 2468 affectionum
2092 2430 2256 2479 animae,
2287 2444 2386 2481 quae
2414 2445 2500 2482 per·
2552 2428 2558 2434 ⁰

1423 2484 1515 2522 tinet
1534 2490 1549 2512 Υ
1579 2485 1626 2521 ad
1656 2483 1835 2521 virtutem
1863 2483 2153 2534 temperantiae.

1476 2540 1535 2575 An
1563 2549 1726 2575 marum
1754 2549 1941 2575 DlCENDUM
1970 2537 2077 2586 quod
2107 2538 2380 2576 delectationes
2409 2538 2500 2577 alio-

1423 2604 1509 2629 rum
1539 2603 1723 2629 sensuum
1754 2590 1859 2628 aliter
1887 2603 1928 2628 se
1957 2591 2101 2629 habent
2129 2591 2168 2629 in
2195 2591 2434 2640 hominibus,
2465 2600 2502 2630 et

1422 2645 1528 2682 aliter
1557 2645 1593 2682 in
1613 2644 1695 2682 aliis
1715 2644 1955 2682 animalibus.
1988 2646 2028 2682 ln
2048 2644 2130 2682 aliis
2150 2645 2252 2682 enim
2273 2645 2502 2684 animalibus

1423 2711 1468 2736 ex
1498 2698 1580 2736 aliis
1608 2698 1784 2736 sensibus
1812 2710 1892 2735 non
1912 2707 2117 2736 causantur
2136 2699 2408 2737 delectationes
2429 2699 2500 2737 nisi

1423 2752 1460 2790 in
1481 2752 1615 2790 ordine
1636 2751 1685 2790 ad
1709 2751 1901 2789 sensibilia
1920 2760 2059 2790 tactus:
2089 2752 2185 2790 sicut
2213 2753 2274 2790 leo
2295 2753 2502 2791 delectatur

1421 2806 1560 2843 videns
1589 2818 1748 2843 cervum
1784 2806 1845 2842 vel
1875 2805 2035 2844 audiens
2058 2818 2200 2844 vocem
2230 2806 2323 2854 eius,
2343 2804 2501 2856 propter

1423 2860 1552 2897 cibum
1571 2859 1603 2896 *.
1637 2860 1769 2897 Homo
1790 2867 1919 2897 autem
1940 2859 2149 2898 delectatur
2167 2860 2382 2898 secundum
2404 2860 2500 2898 alios
2529 2873 2538 2882 ·

1423 2924 1558 2951 sensus
1578 2926 1657 2950 non
1677 2914 1803 2950 solum
1824 2921 1982 2962 propter
2003 2914 2090 2961 hoc,
2112 2914 2181 2951 sed
2201 2914 2315 2951 etiarn
2344 2922 2501 2963 propter

1423 2967 1734 3005 convenientiam
1764 2967 2014 3005 sensibilium.
2050 2968 2100 3005 Et
2127 2967 2180 3004 sic
2209 2967 2307 3004 circa
2337 2967 2500 3005 delecta·

1422 3022 1546 3058 tiones
1583 3020 1747 3058 aliorum
1784 3033 1991 3068 sensuum,
2022 3020 2250 3071 inquantum
2285 3020 2501 3059 referuntur

1422 3074 1472 3112 ad
1492 3074 1765 3113 delectationes
1784 3082 1918 3122 tactus,
1939 3082 1996 3112 est
2014 3073 2278 3124 temperantia,
2299 3086 2378 3112 non
2398 3074 2499 3124 prin-

1424 3128 1604 3177 cipaliter,
1627 3129 1696 3166 sed
1727 3140 1771 3166 ex
1792 3128 2054 3177 consequenti.
2085 3129 2316 3176 Inquantum
2338 3137 2468 3166 autem
2483 3127 2497 3151 ὃ

1423 3182 1613 3220 sensibilia
1641 3182 1806 3219 aliorum
1826 3193 2010 3219 sensuum
2031 3189 2119 3218 sunt
2147 3180 2383 3219 delectabilia
2410 3194 2499 3232 pro-

1422 3243 1506 3285 pter
1521 3235 1578 3272 sui
1594 3235 1917 3282 convenientiam,
1933 3235 2028 3272 sicut
2043 3246 2132 3272 curn
2149 3234 2358 3273 delectatur
2377 3236 2498 3274 homo

1423 3289 1460 3326 in
1481 3301 1578 3327 sono
1595 3290 1693 3327 bene
1714 3288 1989 3334 harmonizato,
2007 3287 2075 3326 ista
2096 3288 2295 3327 delectatio
2315 3301 2394 3327 non
2414 3302 2506 3340 perr

1423 3343 1515 3381 tinet
1543 3343 1592 3380 ad
1621 3341 1956 3380 conservationem
1982 3349 2151 3380 naturae.
2183 3342 2294 3380 Unde
2324 3355 2403 3381 non
2430 3343 2497 3382 ha-

1423 3397 1514 3435 bent
1533 3395 1753 3433 huiusmodi
1774 3395 1970 3445 passiones
1991 3395 2091 3433 illam
2117 3396 2438 3446 principalitatem
2457 3404 2499 3434 ut

1395 3480 1397 3487 .
1424 3449 1523 3486 circa
1551 3461 1616 3486 eas
1644 3449 1950 3486 antonomastice
1978 3450 2230 3498 temperantia
2259 3450 2416 3488 dicatur.

1477 3563 1503 3597 β)
1523 3564 1734 3589 connaturalem.
1748 3578 1767 3583 -
1787 3565 1938 3590 naturalem
1959 3565 2004 3595 Pa,
2023 3565 2177 3599 generalem
2197 3566 2227 3597 L,
2240 3565 2453 3592 commutabilem
2467 3564 2498 3590 E.

1477 3600 1503 3633 γ)
1520 3600 1649 3632 pertinet.
1663 3614 1682 3619 -
1698 3600 1837 3632 pertinent
1857 3600 1981 3626 PACGK.

1477 3634 1502 3668 ὃ)
1521 3639 1621 3661 autem.
1636 3649 1654 3655 -
1671 3636 1750 3661 habet
1769 3636 1866 3661 addunt
1886 3637 2142 3670 BEFGfflKLpac3
2161 3640 2225 3662 sunt
2243 3645 2297 3662 om.
2317 3636 2349 3662 G.

2527 2897 2588 2974 {13}

2601 2870 2682 2894 ἕ

2591 2897 2642 2974 ενὲ

2634 2897 2682 2947 ‚aa

2711 2870 2743 2946 ..φ
