2612 4178
156 297 216 322 Vlll

154 363 347 395 exhiberent.
372 362 446 392 Non
476 360 562 391 enim
591 359 694 398 agitur
719 357 757 387 de
785 353 993 386 restaurando
1025 353 1114 383 bono
1146 359 1237 382 auto-

154 408 265 449 graphi
282 414 379 443 textu,
396 407 450 436 sed
466 405 505 436 de
522 402 772 434 reconstruendo
798 400 902 440 primo
923 398 1122 439 apographo,
1140 406 1237 437 opere

154 452 282 485 librarii.
309 452 368 483 Vel
396 451 464 491 ipsa
490 450 587 489 igitur
614 446 795 478 authentica
822 444 928 479 lectio,
955 443 980 472 si
1009 442 1175 473 obveniret
1203 441 1236 472 in
1263 479 1264 484 1

156 509 221 530 uno
239 497 348 528 codice
365 495 455 526 seriei
473 501 583 525 contra
598 493 771 523 lectionem
788 496 894 530 aperte
914 488 1027 518 salsam
1044 494 1235 526 ceterorum,

154 543 288 574 delenda
312 548 359 572 est
383 551 419 570 ex
443 539 602 574 varietate,
629 547 702 568 curn
727 535 863 565 dubium
888 542 953 563 non
975 533 1015 562 sit
1036 532 1127 573 quin,
1144 532 1235 572 quod

153 599 206 619 sex
230 587 355 622 dicunt,
381 592 503 625 septem
521 583 681 617 dixissent,
703 580 763 611 nisi
780 578 895 619 aliquis
919 577 1067 608 librarius
1091 577 1142 607 vel
1166 587 1235 607 cor-

153 641 255 664 rector
277 631 487 662 interlocutus
512 628 632 659 fuisset.
658 625 775 656 Deletis
799 623 895 663 igitur
916 621 1065 653 solitariis
1089 622 1235 652 lectioni—

153 679 222 714 bus,
248 684 351 707 textus
375 674 525 706 codicum
548 683 566 703 a
590 671 792 711 singulorum
817 668 1011 708 scriptorum
1029 674 1059 698 et
1075 673 1234 698 correcto-

151 732 224 753 rum
237 721 383 752 varietate
396 720 556 750 liberatur.
569 716 654 748 Cum
668 725 742 745 vero
756 713 802 756 (id
816 713 921 744 sciunt
934 710 1068 754 experti)
1080 711 1234 742 lectiones

151 766 308 798 solitariae
336 765 460 795 soleant
485 773 552 793 esse
577 762 767 802 frequentes,
794 769 860 789 uno
886 757 1001 788 calami
1029 757 1140 793 ductu,
1165 763 1235 787 tuta

151 820 257 843 tamen
275 811 306 841 ni
324 810 418 840 fallor
438 807 602 841 methodo,
621 814 770 844 magnam
796 803 918 834 inutilis
935 802 1094 833 varietatis
1111 802 1233 832 molem

151 857 325 896 abegimus‚
343 865 406 895 qua
427 860 549 884 remota
574 851 718 891 proxime
735 849 774 879 ad
792 856 914 880 textum
939 847 1034 888 primi
1055 847 1232 888 apographi

150 911 312 932 accessum
329 909 385 930 est.
402 916 422 921 —
441 898 602 936 [ntegrum
620 903 726 926 tamen
751 901 875 925 textum
899 893 1047 924 nondum
1066 893 1232 929 habemus,

150 947 225 987 quia
248 946 326 975 locis
350 954 415 974 non
432 943 474 973 ita
496 941 605 982 paucis
629 940 755 971 codices
778 939 846 970 bini
870 946 926 970 aut
946 938 1026 970 terni
1044 938 1076 969 in
1094 937 1232 968 diversas

150 998 252 1032 partes
276 991 402 1020 abeunt.
421 988 502 1025 Quis
527 987 612 1017 hisce
635 985 716 1016 locis
740 992 844 1016 textus
869 984 964 1015 fuerit
981 983 1076 1024 primi
1099 993 1232 1024 apogra-

148 1036 220 1076 phi,
249 1035 403 1065 discutere
438 1043 503 1063 non
535 1032 621 1066 licet,
646 1030 723 1071 quia
754 1031 793 1060 ad
814 1029 1015 1070 particularia
1036 1029 1232 1060 descenden-

149 1082 227 1111 dum
262 1086 352 1110 esset.
387 1078 447 1109 Hic
479 1077 594 1108 sufficit
627 1076 839 1113 concludere,
869 1085 907 1106 ex
938 1074 1030 1106 certis
1062 1081 1093 1105 et
1120 1074 1232 1105 multis

148 1124 388 1166 phaenomenis,
406 1123 531 1154 codices
556 1122 665 1152 tertiae
686 1121 793 1151 classis
814 1120 930 1151 ultimo
955 1130 992 1150 ex
1015 1120 1132 1150 eodem
1152 1128 1233 1159 apo·

147 1170 270 1211 grapho
298 1169 502 1209 transcriptos
527 1177 610 1203 esse,
635 1174 666 1198 et
690 1166 770 1196 illud
798 1165 1024 1209 apographum
1059 1165 1098 1194 ad
1122 1163 1231 1194 minus

147 1215 325 1246 constitisse
341 1225 378 1245 ex
394 1214 431 1244 iis
446 1212 647 1248 lectionibus,
662 1211 756 1242 bonis
772 1211 915 1247 malisve,
929 1210 961 1241 in
979 1210 1099 1251 quibus
1116 1219 1231 1240 omnes

148 1260 273 1292 codices
305 1259 395 1290 seriei
427 1257 648 1292 consentiant,
674 1257 723 1288 vel
745 1267 762 1287 a
787 1256 907 1297 quibus
937 1265 1023 1286 unus
1055 1255 1145 1285 solus
1169 1254 1231 1284 dis-

148 1305 271 1337 sentiat.

200 1350 266 1391 ξὸ.
291 1349 351 1380 Hic
375 1349 464 1380 locus
488 1355 569 1379 esset
593 1346 774 1378 tractandae
799 1345 1007 1388 quaestionis,
1025 1355 1064 1375 an
1085 1345 1229 1386 primum

147 1395 370 1436 apographum
402 1394 482 1424 inter
510 1400 632 1433 septem
663 1399 790 1423 nostros
815 1391 942 1423 codices
964 1390 1161 1427 inveniatur,
1186 1389 1229 1421 ita

148 1449 182 1472 ut
211 1439 305 1471 series
336 1445 494 1470 constaret
521 1448 559 1469 ex
586 1437 656 1478 ipso
690 1437 879 1478 apographo
908 1444 940 1468 et
966 1446 1019 1467 sex
1047 1435 1116 1466 eius
1144 1442 1229 1466 tran—

146 1484 382 1526 scriptionibuS.
409 1485 442 1514 Id
460 1494 477 1514 a
501 1483 594 1514 nobis
618 1482 683 1513 iam
701 1482 733 1513 in
751 1482 909 1523 principio
934 1480 1115 1512 collationis
1132 1490 1230 1522 quae-

146 1531 289 1566 sivimus,
308 1537 481 1570 postquam
504 1528 680 1560 lectionum
705 1527 911 1559 collectarum
934 1526 1070 1558 varietas
1093 1525 1229 1558 necessi-

146 1575 290 1607 tudinem
308 1575 456 1606 codicum
473 1573 632 1604 delineare
656 1573 851 1614 incoeperat.
878 1572 1010 1604 Utinam
1035 1571 1230 1612 respondere

145 1621 294 1655 licuisset,
319 1619 462 1650 inveniri.
487 1619 582 1655 Nam,
608 1618 666 1650 etsi
691 1618 875 1649 collationis
898 1617 1042 1649 taedium
1066 1616 1175 1648 officio
1199 1623 1231 1647 et

145 1666 242 1698 cellae
264 1664 506 1700 continuatione
530 1664 711 1695 dulcescere
731 1663 882 1705 potuerit,
899 1670 1008 1704 gratus
1023 1663 1162 1694 venisset
1177 1661 1230 1693 ille

143 1711 239 1747 liber,
273 1710 329 1751 qui
360 1717 480 1741 ceteros
511 1708 694 1750 superfluos
722 1708 926 1740 reddidisset:
958 1718 1011 1740 sex
1042 1707 1129 1739 enim
1163 1717 1229 1738 non

145 1757 217 1797 plus
244 1755 349 1786 valent
381 1765 478 1796 quam
508 1754 560 1786 ille
589 1754 689 1790 solus,
719 1754 769 1785 vel
797 1754 822 1784 si
851 1754 898 1784 vis
927 1764 985 1785 nec
1017 1760 1154 1786 tantum.
1188 1755 1231 1783 At

145 1800 304 1841 exemplar
328 1808 507 1831 ceterorum
527 1799 609 1831 inter
625 1799 685 1830 hos
709 1806 831 1839 septem
858 1809 922 1830 non
948 1799 1116 1830 invenitur.
1142 1797 1229 1829 Cum

144 1847 208 1877 iam
236 1846 267 1876 in
295 1845 494 1876 Praefatione
524 1844 612 1876 Noni
641 1844 826 1875 Voluminis
853 1844 912 1875 toti
941 1845 974 1875 in
1004 1853 1044 1875 eo
1071 1843 1230 1874 fuerimus

146 1899 179 1922 ut
207 1891 416 1931 probaremus
439 1890 586 1921 codicem
611 1890 865 1926 Atrebatensem‚
889 1888 1038 1931 quamvis
1065 1889 1097 1919 in
1125 1888 1230 1929 prima

145 1936 258 1978 pagina
282 1936 414 1967 nomine
433 1935 633 1976 Exemplaris
657 1934 755 1966 Primi
779 1934 946 1966 Secundae
971 1935 1138 1965 Secundae
1155 1933 1230 1964 insi-

143 1981 268 2022 gnitur,
293 1991 357 2012 non
386 1991 454 2012 esse
481 1980 623 2021 primum
662 1980 887 2021 apographum
918 1980 1016 2021 pleno
1043 1986 1074 2010 et
1102 1978 1229 2009 formali

143 2037 248 2062 sensu,
269 2027 420 2058 lectorem
442 2026 482 2056 ad
502 2026 589 2056 illam
615 2025 818 2061 remittimus,
837 2025 862 2055 si
889 2025 1080 2056 methodum
1105 2024 1230 2066 quaerit

143 2083 206 2113 qua
230 2071 292 2103 hoc
316 2072 355 2103 de
379 2071 514 2111 singulis
543 2070 710 2102 codicibus
734 2070 936 2111 peculiariter
959 2070 1086 2111 probari
1113 2077 1228 2110 potest.

144 2117 177 2147 ln
199 2117 258 2148 hac
275 2117 414 2157 generali
435 2115 692 2148 consideratione
710 2126 777 2147 uno
794 2116 857 2147 hoc
873 2115 1012 2156 generali
1036 2122 1229 2156 argumento

143 2162 279 2193 utimur:
298 2173 334 2194 ex
352 2161 467 2194 nostris
484 2169 607 2203 septem
626 2161 734 2192 nullus
752 2171 818 2192 non
835 2161 931 2192 habet
946 2160 1102 2191 solitarias
1119 2160 1229 2192 lectio·

144 2217 215 2244 nes;
241 2208 290 2238 vel
313 2208 381 2239 aliis
405 2206 525 2238 verbis:
551 2206 667 2246 singuli
693 2206 846 2237 lectiones
871 2206 989 2238 habent
1011 2206 1170 2237 variantes
1188 2206 1229 2236 ab

144 2253 302 2284 unanimis
325 2252 517 2284 lectionibus
537 2259 729 2283 ceterorum.
748 2251 920 2292 Exemplar
943 2259 1063 2288 autem,
1082 2251 1229 2293 pluribus

144 2297 408 2339 descriptionibus
432 2297 694 2338 multiplicatum,
719 2307 784 2328 non
813 2305 920 2339 potest
949 2297 1054 2337 legere
1078 2297 1228 2334 solitarie,

143 2343 238 2374 idest:
265 2353 330 2374 non
346 2350 452 2383 potest
469 2353 535 2374 non
554 2343 668 2374 habere
690 2342 816 2374 socium
837 2343 893 2384 qui
910 2352 1020 2374 secum
1039 2343 1138 2383 legat,
1161 2353 1227 2374 non

144 2395 248 2429 potest
263 2399 329 2419 non
345 2388 459 2420 habere
475 2388 565 2430 quod
590 2398 705 2419 omnes
722 2388 982 2429 transcriptioncs
1006 2388 1134 2419 habent.
1152 2405 1174 2412 -
1187 2388 1228 2420 Et

144 2433 220 2465 haec
244 2434 283 2464 de
298 2433 429 2473 Origine
454 2441 484 2464 et
508 2433 617 2464 Primo
634 2433 816 2475 Exemplari
842 2433 993 2465 codicum
1013 2433 1124 2464 tertiae
1148 2434 1228 2464 clas-

145 2479 186 2509 sis
210 2478 375 2510 sufficiant.

198 2523 215 2564 g
240 2534 268 2565 7.
294 2524 344 2554 De
363 2522 502 2565 Origine
526 2528 556 2554 et
579 2523 689 2554 Primo
714 2523 907 2564 Exemplari
930 2523 1077 2556 codicum
1096 2524 1228 2565 primae

145 2569 266 2600 classis.
292 2571 319 2599 A
344 2575 465 2609 septem
490 2568 630 2610 antiquis
646 2568 734 2600 libris
758 2569 869 2600 tertiae
886 2569 1003 2606 classis,
1022 2569 1125 2610 prima
1149 2570 1226 2601 clas-

145 2613 196 2650 sis,
213 2613 322 2654 viginti
340 2614 378 2644 ad
403 2613 510 2645 minus
530 2614 670 2655 antiquis
694 2613 782 2645 libris
807 2622 969 2650 constans,
987 2614 1228 2646 distinctissime

145 2658 246 2690 differt
269 2668 324 2699 per
349 2659 421 2695 hoc,
443 2660 532 2700 quod
558 2658 704 2700 plurimis
730 2659 809 2690 locis
827 2660 930 2700 prima
956 2660 1064 2691 classis
1088 2659 1159 2691 illas
1184 2661 1227 2692 le-

145 2703 266 2734 ctiones
289 2714 371 2745 quae
394 2704 427 2735 in
453 2704 542 2736 tertia
566 2711 715 2745 corrupte
740 2706 948 2746 transcriptae
977 2705 1097 2742 iacent.
1123 2706 1227 2737 incor-

146 2756 253 2789 ruptas
280 2756 310 2780 et
326 2749 462 2789 integras
487 2749 622 2782 exhibet.
639 2750 696 2781 Ex.
718 2760 764 2790 gr.
789 2751 902 2782 locum
926 2751 958 2782 S.
976 2751 1151 2791 Augustini
1176 2762 1228 2783 su-

146 2804 201 2834 pra
217 2804 254 2824 ex
270 2794 371 2834 prima
387 2794 466 2825 serie
481 2795 686 2836 descriptum,
706 2795 782 2826 haec
799 2795 897 2827 altera
916 2795 962 2827 sic
978 2796 1069 2836 legit:
1100 2811 1113 2824 ι
1134 2796 1228 2829 Unde

150 2852 163 2866 α
185 2839 382 2879 Augustinus
398 2839 473 2871 dicit
490 2840 522 2870 in
544 2841 689 2881 quodam
702 2841 859 2872 Sermone
873 2842 911 2873 de
929 2841 1120 2883 Epiphania,
1134 2844 1229 2884 quasi

150 2898 163 2911 ι
183 2893 238 2915 eos
254 2884 436 2925 alloquens:
454 2884 506 2916 ille
523 2885 562 2915 de
579 2893 681 2917 vestra
698 2896 818 2917 corona
843 2886 1004 2918 dubitabit
1028 2889 1060 2919 in
1079 2888 1227 2928 passione

150 2942 164 2956 ι
184 2939 243 2969 pro
259 2928 398 2965 Christo,
415 2930 469 2970 qui
487 2930 582 2961 etiam
599 2931 739 2971 parvulis
770 2932 968 2973 baptismum
991 2934 1144 2973 prodesse
1161 2943 1227 2965 non

150 2987 164 3002 α
184 2973 327 3006 aestimat
347 2974 475 3006 Christi.
493 2975 566 3006 Non
591 2976 758 3007 habebatis
773 2985 909 3008 aetatem
923 2988 988 3019 qua
1005 2979 1037 3009 in
1055 2989 1227 3019 passurum

150 3032 165 3047 ι
185 3017 349 3050 Christum
374 3020 561 3058 crederetis,
586 3022 643 3053 sed
673 3022 837 3054 habebatis
868 3033 996 3054 carnem
1021 3023 1053 3054 in
1078 3034 1143 3065 qua
1167 3035 1227 3066 pro

151 3079 163 3091 α
185 3063 313 3095 Christo
335 3074 473 3105 passuro
491 3068 676 3106 passionem
702 3067 902 3099 sustineretis
923 3081 949 3100 ›.
983 3068 1112 3100 Thoma
1131 3070 1227 3110 digna

148 3108 241 3141 lectio
258 3117 287 3140 et
306 3110 487 3149 Augustino
503 3109 667 3153 (quamvis
683 3112 734 3143 hic
751 3123 810 3154 pro
826 3113 984 3145 dubitabit
996 3114 1125 3145 latinius
1145 3115 1228 3155 legat

149 3153 359 3191 dubitaverim
382 3154 466 3186 idem
492 3156 583 3196 ponit
606 3157 798 3198 baptismum
815 3165 888 3190 ante
910 3159 1070 3199 parvulis,
1100 3167 1131 3191 et
1155 3168 1227 3192 ante

150 3202 285 3230 aetatem
315 3199 422 3231 inserit
446 3201 598 3242 quidem).
633 3202 779 3234 Alterum
804 3213 880 3234 vero
912 3204 1021 3235 locum
1051 3204 1113 3236 sic:
1141 3219 1155 3234 c
1177 3206 1227 3237 Ad

152 3241 305 3273 maiorem
329 3244 555 3284 perfectionem
584 3247 741 3287 pertinere
773 3248 898 3279 videtur
922 3250 1011 3290 quod
1034 3250 1151 3291 aliquis
1174 3251 1228 3282 det

152 3287 222 3318 Deo
253 3287 392 3319 animam
415 3291 500 3330 quod
519 3292 564 3333 fit
588 3302 643 3332 per
667 3293 884 3324 obedientiam
899 3318 906 3330 ,
929 3304 1027 3336 quam
1059 3296 1148 3336 quod
1174 3296 1227 3327 det

153 3331 221 3362 Deo
247 3333 413 3372 proprium
431 3344 545 3375 corpus
562 3338 650 3378 quod
674 3337 708 3369 fit
726 3348 781 3379 per
797 3339 986 3380 martyrium
1006 3353 1033 3371 ι.
1060 3341 1148 3372 Haec
1166 3341 1226 3372 uti-

152 3386 215 3416 que
230 3378 324 3408 verba
341 3386 424 3414 sunt,
440 3389 522 3420 quae
538 3380 682 3413 librarius
699 3383 730 3414 in
745 3384 886 3424 primum
901 3386 1126 3426 apographum
1140 3386 1226 3427 prio-

153 3421 194 3452 ris
210 3422 298 3452 seriei
315 3423 468 3454 mendose
484 3426 651 3458 transtulit.
677 3428 761 3464 Quia
781 3439 856 3469 ergo
873 3430 1014 3461 secunda
1034 3431 1142 3468 series,
1159 3441 1226 3463 non

153 3466 252 3497 semel
275 3474 305 3498 et
328 3467 454 3505 iterum,
475 3470 529 3500 sed
554 3470 806 3512 frequentissime
823 3485 839 3504 a
857 3475 954 3515 priori
979 3475 1093 3512 differt.
1116 3486 1225 3508 neces-

153 3510 236 3543 sario
251 3512 510 3544 concludendum
523 3523 579 3551 est,
596 3516 726 3547 alteram
743 3519 854 3550 seriem
872 3530 937 3551 non
963 3519 1091 3552 fluxisse
1107 3531 1144 3553 ex
1169 3521 1225 3552 ali-

153 3565 220 3607 quo
232 3557 402 3597 exemplari
421 3559 509 3599 quod
529 3560 567 3590 ad
582 3561 720 3602 priorem
734 3563 845 3594 seriem
859 3565 1038 3605 pertineret.
1050 3583 1072 3590 -
1088 3566 1120 3597 Si
1136 3566 1224 3602 dicis.

154 3599 219 3632 fieri
237 3611 330 3641 posse
356 3610 390 3634 ut
414 3603 445 3634 in
470 3604 579 3644 aliquo
604 3606 684 3637 libro
708 3608 850 3649 antiquo,
868 3618 988 3642 textum
1013 3610 1123 3643 tertiae
1147 3611 1225 3643 clas-

154 3644 196 3676 sis
213 3645 416 3686 praeferente,
435 3656 590 3680 corrector
606 3661 725 3682 errores
742 3655 936 3694 expunxerit,
954 3655 1064 3698 eisque
1086 3657 1225 3688 secunda

155 3699 250 3722 manu
269 3691 418 3724 lectiones
441 3694 587 3725 meliores
611 3697 823 3734 substituerit;
851 3702 1093 3741 respondemus,
1117 3710 1224 3734 nostra

1292 362 1359 383 non
1375 352 1501 390 referre,
1517 353 1550 384 in
1571 353 1634 384 hoc
1651 361 1734 384 statu
1753 352 2030 390 considerationis,
2047 363 2087 384 an
2110 354 2253 395 primum
2276 364 2382 385 exem·

1291 398 1361 437 plar
1384 398 1561 429 lectionum
1586 399 1708 439 primae
1733 398 1840 428 classis
1866 408 2012 439 unquam
2036 405 2158 430 textum
2189 399 2303 440 prioris
2327 400 2382 430 ha·

1292 443 1406 474 buerit.
1432 443 1514 474 Nam
1532 443 1628 474 etiam
1648 443 1674 474 si
1695 443 1869 479 habuisset,
1885 443 1966 474 liber
1985 443 2039 474 ille
2059 444 2298 486 hypotheticus,
2315 446 2382 486 ple-

1291 497 1353 518 nus
1370 488 1487 519 rasuris
1502 495 1535 519 et
1554 488 1838 529 expunctionibus,
1855 489 2045 520 correcturis
2060 489 2206 526 refertus,
2224 491 2382 521 recensio-

1291 542 1367 563 nem
1383 533 1448 563 iam
1465 534 1612 574 apprime
1628 534 1813 564 distinctam
1829 530 2029 570 continebat,
2043 542 2075 565 et
2090 535 2122 565 in
2139 545 2234 566 sensu
2253 536 2380 566 formali

1291 578 1378 608 aliud
1406 579 1577 619 exemplar
1600 585 1682 615 erat;
1707 579 1746 609 ad
1772 578 1834 609 hoc
1858 579 1996 610 redirent
2013 580 2139 610 codices
2156 581 2279 621 primae
2303 581 2382 611 clas-

1290 623 1343 659 sis,
1362 633 1428 653 non
1453 624 1493 654 ad
1518 624 1661 663 primum
1686 624 1912 665 apographum
1937 625 2058 655 tertiae.
2083 625 2169 665 Ergo
2189 625 2255 656 sive
2278 627 2382 656 bonae

1289 668 1443 699 lectiones
1468 669 1592 708 primae
1622 668 1732 699 classis
1764 670 1804 700 ab
1831 669 1924 700 initio
1958 670 2102 701 venerint
2136 680 2173 701 ex
2209 671 2380 712 exemplari

1290 713 1380 754 quod
1411 723 1487 743 cum
1511 714 1603 743 tertia
1627 713 1725 744 classe
1751 714 1879 745 nullum
1903 722 2090 746 contactum
2114 715 2236 752 habuit,
2258 716 2324 747 sive
2345 726 2381 746 ex

1291 768 1358 788 uno
1383 758 1452 788 eius
1475 757 1559 788 libro
1585 765 1728 788 correcto
1753 759 1929 800 descriptae
1959 760 2039 796 sint,
2073 761 2216 801 primum
2247 771 2381 802 apogra-

1289 803 1394 843 phum
1418 803 1528 833 tertiae
1552 809 1583 832 et
1606 802 1750 843 primum
1775 805 1937 845 exemplar
1963 805 2086 846 primae
2112 806 2220 836 classis
2243 806 2380 836 omnino

1289 847 1449 878 differunt.
1476 847 1539 879 Sed
1556 848 1642 878 unde
1659 847 1790 879 veniant
1811 849 1918 880 bonae
1935 850 2088 881 lectiones
2113 851 2236 892 primae
2260 852 2380 888 classis,

1287 893 1406 933 quibus
1437 893 1581 933 primum
1610 893 1845 933 apographum
1865 895 1977 926 tertiae
2001 905 2067 926 non
2093 896 2153 927 nisi
2177 897 2310 928 distorta
2341 897 2380 927 si-

1287 939 1432 969 mulacra
1448 947 1616 979 opponere
1627 937 1739 974 valuit,
1753 945 1866 980 postea
1881 939 2080 977 videbimus;
2101 951 2188 972 nunc
2205 942 2379 982 proceden-

1288 983 1368 1014 dum
1392 991 1439 1014 est
1466 984 1498 1014 in
1523 983 1780 1015 consideratione
1803 983 1998 1016 differentiae
2020 985 2200 1028 utriusque.
2226 1005 2247 1010 -
2268 987 2381 1019 Differt

1287 1028 1390 1069 prima
1418 1029 1526 1059 classis
1560 1039 1577 1059 a
1609 1028 1699 1059 tertia
1723 1028 1755 1059 in
1785 1029 1942 1070 scriptura
1970 1030 2143 1062 nominum
2173 1032 2380 1073 propriorum

1287 1082 1317 1104 et
1347 1074 1522 1104 verborum
1556 1083 1764 1114 graecorum,
1790 1073 1832 1105 ita
1862 1074 1995 1116 quidem
2020 1082 2058 1107 ut
2081 1075 2184 1117 prima
2214 1077 2379 1109 veritatem

1285 1119 1437 1150 historiae
1453 1126 1484 1150 et
1500 1119 1630 1159 linguae
1646 1119 1752 1150 multo
1777 1118 1879 1160 magis
1896 1129 1995 1161 quam
2011 1120 2103 1151 tertia
2121 1121 2263 1162 attingat.
2278 1140 2298 1146 -
2311 1122 2380 1154 Dif-

1285 1163 1346 1195 fert
1365 1174 1463 1205 porro
1480 1164 1584 1205 prima
1607 1175 1626 1195 a
1649 1164 1741 1196 tertia
1758 1165 1897 1206 propriis
1921 1166 2099 1196 erroribus:
2124 1175 2201 1197 nam
2217 1173 2251 1198 et
2265 1167 2379 1209 prima,

1285 1209 1435 1250 quamvis
1463 1209 1569 1241 multo
1598 1209 1707 1241 minus
1731 1209 1858 1251 polluta
1873 1218 1922 1242 est
1936 1221 2035 1252 quam
2053 1211 2155 1248 tertia,
2180 1211 2278 1244 habet
2297 1222 2380 1244 non-

1285 1255 1395 1286 nullos
1418 1265 1613 1286 communes
1636 1265 1769 1293 errores,
1795 1255 1901 1298 quiin
1922 1256 1983 1287 alia
2008 1257 2162 1288 lectorem
2186 1267 2255 1289 non
2278 1257 2380 1289 offen-

1285 1301 1378 1331 dunt.
1394 1318 1417 1324 -
1433 1300 1546 1332 Differt
1569 1301 1687 1332 ultimo
1703 1310 1768 1332 una
1785 1301 1826 1332 ab
1853 1301 1915 1332 alia
1931 1301 2011 1343 quin
2036 1302 2075 1333 de
2098 1311 2206 1333 errore
2229 1303 2263 1334 in
2287 1303 2379 1335 alter-

1285 1353 1356 1377 utra
1388 1354 1518 1386 agatur:
1544 1346 1631 1377 bona
1647 1346 1744 1378 lectio
1768 1346 1948 1388 opponitur
1964 1347 2069 1378 bonae
2091 1347 2233 1380 lectioni.
2257 1348 2380 1380 Huius·

1284 1391 1375 1422 modi
1392 1391 1562 1429 variantes,
1572 1401 1647 1423 vere
1664 1391 1752 1423 aliae
1763 1391 1928 1427 lectiones.
1946 1392 2153 1424 concordiam
2165 1393 2248 1424 inter
2262 1394 2380 1426 classes

1257 1459 1258 1462 η
1284 1436 1317 1467 in
1338 1436 1433 1468 rebus
1450 1436 1585 1468 alicuius
1602 1437 1760 1469 momenti
1785 1437 1944 1468 rarissime
1968 1445 2095 1469 tantum
2121 1437 2378 1480 interrumpunt:

1284 1492 1332 1514 ex.
1350 1492 1396 1523 gr.
1421 1483 1504 1514 ordo
1528 1482 1768 1521 Quaestionum
1793 1490 1825 1514 et
1851 1483 2082 1520 Articulorum,
2099 1486 2378 1525 Argumentorum

1284 1535 1317 1559 et
1341 1527 1553 1559 Solutionum
1569 1527 1722 1570 utrinque
1750 1528 1836 1559 idem
1860 1535 1923 1564 est;
1949 1529 2096 1560 lectionis
2119 1529 2254 1561 varietas
2278 1541 2378 1572 quam
2414 1523 2422 1532 ⁰

1284 1573 1450 1604 doctrinae
1465 1572 1597 1605 variatio
1617 1579 1814 1615 sequeretur,
1831 1583 1897 1605 non
1916 1574 2086 1606 invenitur.
2105 1575 2245 1607 Maxima
2269 1575 2379 1608 lectio-

1285 1618 1334 1650 nis
1357 1619 1492 1650 varietas
1516 1618 1641 1650 obtinet
1665 1619 1729 1658 Qu.
1747 1629 1830 1650 cxvn
1844 1626 1901 1650 art.
1919 1630 1950 1650 tv
1973 1620 2014 1650 ad
2034 1621 2063 1656 3,
2084 1619 2138 1651 ubi
2162 1621 2253 1652 tertia
2270 1621 2379 1654 classis

1284 1664 1395 1696 inserit
1409 1664 1631 1696 hexametrum
1649 1674 1724 1696 curn
1742 1672 1954 1705 pentametro,
1971 1666 2061 1707 quod
2079 1665 2239 1698 distichon
2256 1673 2378 1700 veteres

1284 1709 1355 1741 libri
1381 1709 1504 1751 primae
1529 1705 1637 1741 classis
1663 1720 1728 1741 non
1754 1710 1871 1741 habent
1896 1709 1951 1753 (cf.
1969 1710 2066 1742 etiam
2091 1711 2165 1743 Vol.
2183 1711 2255 1743 Vlll
2273 1712 2377 1746 Praef.

1286 1765 1358 1796 pag.
1376 1765 1448 1786 xxiv
1465 1755 1512 1791 6s,
1530 1766 1577 1798 7s,
1595 1763 1626 1787 et
1643 1755 1717 1786 Vol.
1735 1755 1778 1787 lx
1802 1755 1904 1787 Praef.
1930 1765 2002 1796 pag.
2020 1766 2039 1787 x
2053 1756 2115 1788 col.
2133 1766 2144 1787 ι
2163 1755 2254 1800 ima).
2279 1757 2378 1790 Tales

1285 1810 1362 1832 vero
1379 1799 1518 1831 maiores
1534 1799 1680 1832 lectionis
1697 1800 1926 1843 discrepantiae
1945 1801 2150 1843 exceptiones
2165 1809 2260 1839 sunt;
2277 1803 2377 1846 vulgo

1285 1845 1405 1876 indolis
1430 1853 1506 1876 sunt
1529 1845 1747 1887 sequentium,
1764 1856 1846 1888 quas
1870 1846 2014 1878 exscribo
2031 1857 2069 1878 ex
2085 1847 2151 1885 Qu.
2168 1857 2261 1879 cxxiv
2281 1855 2338 1881 art.
2356 1859 2376 1887 r,

1284 1890 1415 1922 lectioni
1451 1890 1573 1932 primae
1603 1891 1711 1922 classis
1745 1894 1916 1932 opponens
1949 1892 2125 1924 variantem
2160 1893 2378 1926 Atrebatensis

1285 1943 1316 1967 et
1341 1935 1607 1967 Vindocinensis:

1341 1991 1371 2012 2.
1396 1990 1462 2022 arg.
1487 1981 1578 2013 Dicit
1600 1983 1687 2013 enim
1711 1999 1730 2005 -
1757 1981 1852 2012 Unde
1874 1981 1972 2020 dicit,-

1343 2027 1371 2058 3.
1396 2036 1461 2067 arg.
1483 2026 1612 2058 videtur
1627 2036 1698 2058 esse
1707 2031 2017 2069 praesumptuosum
2034 2045 2054 2051 -
2065 2033 2376 2070 praesumptuosum

1285 2077 1388 2109 essen
2041 2089 2044 2095 ·

1342 2126 1430 2157 corp.
1457 2117 1556 2158 princ.
1581 2117 1702 2149 dictum
1727 2122 1776 2148 est
1798 2135 1818 2141 -
1842 2127 1945 2159 supra
1969 2117 2091 2150 dictum
2115 2123 2184 2156 est,·

1340 2162 1379 2193 ad
1410 2172 1436 2193 t.
1460 2163 1606 2203 gratiam
1631 2163 1854 2204 baptismalem
1878 2180 1901 2187 -
1923 2164 2071 2205 gratiam
2095 2164 2247 2206 baptismi
2254 2171 2268 2203 ,·

1339 2207 1379 2238 ad
1406 2208 1434 2239 3.
1455 2213 1633 2250 praecepta
1654 2208 1739 2250 Iegis
1753 2204 1879 2240 dantur·
1892 2225 1914 2232 -
1927 2214 2139 2250 praeceptum
2156 2210 2242 2251 Iegis
2255 2210 2377 2249 datur-5

1339 2252 1415 2284 ibid.
1443 2254 1572 2285 virtutis
1594 2271 1616 2277 —
1641 2255 1796 2285 virtutum
1803 2261 1816 2291 ,·

1339 2297 1415 2329 ibid.
1440 2299 1544 2330 animi
1562 2299 1852 2340 praeparationem
1868 2300 2190 2340 -praeparationem
2214 2301 2328 2333 animi.

1284 2342 1344 2374 His
1374 2343 1498 2375 levibus
1528 2350 1559 2375 et
1587 2343 1720 2376 minutis
1751 2343 1897 2375 universa
1929 2344 2088 2376 bonarum
2119 2345 2296 2376 lectionum
2321 2355 2375 2377 va-

1284 2388 1378 2420 rietas
1407 2389 1439 2420 in
1470 2389 1532 2420 hoc
1556 2389 1703 2421 Articulo
1728 2388 1920 2426 absolvitur;
1945 2396 2046 2421 cetera
2076 2390 2184 2421 omnis
2213 2390 2375 2422 erroribus

1283 2444 1320 2465 ex
1338 2441 1425 2475 parte
1450 2435 1558 2466 tertiae
1583 2433 1681 2478 (inter
1703 2442 1788 2476 quos
1811 2441 1915 2466 textus
1930 2434 1984 2466 ille
2001 2434 2031 2467 S.
2046 2435 2219 2477 Augustini
2245 2435 2375 2480 emicat)

1283 2486 1314 2511 et
1341 2479 1436 2510 bonis
1466 2479 1659 2511 lectionibus
1690 2489 1726 2511 ex
1758 2486 1846 2521 parte
1877 2479 1999 2521 primae
2030 2480 2223 2512 continetur.
2247 2498 2270 2505 —
2294 2481 2374 2514 Viso

1282 2525 1419 2567 qualiter
1442 2525 1556 2557 classes
1572 2525 1728 2561 differant,
1746 2525 1913 2557 videamus
1929 2524 1961 2556 in
1979 2525 2098 2567 quibus
2114 2526 2284 2558 unanimes
2299 2526 2374 2559 sint.

1336 2570 1354 2612 g
1387 2570 1418 2602 8.
1454 2570 1586 2602 Librarii
1615 2571 1721 2602 multo
1752 2570 1881 2612 saepius
1911 2571 1992 2602 bene
2028 2580 2127 2612 quam
2159 2572 2244 2603 male
2273 2578 2374 2604 trans—

1283 2615 1420 2648 cribunt.
1447 2616 1493 2647 Ex
1510 2616 1573 2647 hoc
1591 2615 1769 2648 necessario
1790 2615 1945 2657 sequitur,
1967 2616 2057 2658 quod
2074 2626 2111 2648 ex
2128 2617 2375 2659 transcriptione

1284 2660 1484 2703 frequentius
1512 2661 1702 2703 exemplaris
1726 2669 1757 2693 et
1781 2661 1950 2703 exemplati
1980 2661 2175 2693 unanimitas
2202 2671 2302 2704 quam
2327 2663 2374 2694 di—

1283 2706 1414 2738 versitas
1448 2706 1569 2738 oritura
1604 2707 1655 2738 sit.
1691 2706 1899 2738 Manifestum
1935 2714 1983 2738 est
2017 2706 2130 2745 etiam,
2162 2707 2308 2739 lectionis
2339 2708 2374 2740 in

1283 2751 1583 2794 transcriptionibus
1618 2752 1775 2783 unitatem
1809 2751 1959 2793 primarie
1992 2752 2147 2790 lectiones
2181 2753 2372 2795 autographi

1283 2797 1438 2839 respicere
1462 2798 1594 2833 debere:
1620 2807 1694 2828 nam
1712 2797 1808 2829 etiam
1829 2797 1984 2839 scriptura
2009 2798 2200 2840 autographi
2226 2797 2373 2840 pluribus

1283 2843 1364 2874 locis
1388 2842 1508 2884 integre
1533 2853 1631 2884 quam
1657 2850 1807 2884 corrupte
1822 2842 1855 2874 in
1873 2842 1973 2874 alium
1998 2843 2116 2875 librum
2142 2844 2292 2875 translata
2314 2851 2371 2876 est.

1284 2887 1549 2920 Consentaneum
1579 2898 1655 2928 ergo
1684 2896 1731 2919 est
1758 2897 1797 2937 ut⁴
1820 2887 1969 2919 identitas
1998 2888 2175 2920 lectionum
2204 2888 2372 2931 utriusque

1283 2934 1391 2965 classis
1408 2934 1549 2965 multum
1566 2934 1698 2965 excedat
1717 2932 1971 2975 discrepantiam.
1989 2933 2030 2966 Et
2046 2933 2071 2964 si
2089 2933 2204 2965 addere
2220 2933 2371 2971 licuisset.

1282 2979 1482 3011 identitatem
1507 2979 1658 3010 classium
1681 2987 1808 3020 semper
1823 2979 1926 3010 bonas
1941 2979 2095 3010 lectiones
2111 2978 2243 3011 Thoma
2259 2978 2372 3020 dignas

1283 3025 1455 3066 respicere.
1482 3024 1745 3056 concludendum
1770 3030 1870 3060 esset,
1894 3023 2049 3055 lectiones
2069 3023 2198 3066 utrique
2222 3033 2370 3056 commu·

1282 3079 1338 3101 nes
1368 3069 1559 3111 scripturam
1591 3068 1784 3110 autographi
1809 3068 1996 3110 exprimere.
2028 3069 2090 3100 Sed
2115 3069 2253 3101 infausta
2285 3077 2371 3102 sorte

1282 3115 1397 3150 evenit,
1416 3123 1450 3146 ut
1467 3116 1635 3146 ambarum
1660 3113 1810 3146 identitas
1826 3114 1907 3145 ultra
1925 3115 2027 3145 bonas
2049 3114 2204 3146 lectiones
2228 3114 2369 3156 porriga-

1282 3168 1348 3193 tur:
1366 3160 1536 3191 unanimes
1552 3166 1628 3191 sunt
1643 3158 1790 3202 pessimis
1807 3168 1872 3190 non
1889 3169 1981 3191 secus
1997 3169 2034 3190 ac
2045 3158 2179 3201 optimis
2195 3159 2368 3201 scripturis.

1282 3205 1328 3237 Ex
1347 3205 1502 3237 sexcentis
1519 3214 1623 3236 unum
1645 3204 1756 3236 locum
1781 3204 1919 3236 citamus
1942 3203 2080 3245 exempli
2096 3204 2206 3245 gratia.
2234 3204 2267 3236 ln
2286 3205 2368 3237 Arti-

1282 3251 1357 3283 culo
1374 3260 1471 3292 supra
1487 3249 1584 3282 citato
1602 3248 1680 3292 (Qu.
1693 3259 1795 3286 cxxw,
1809 3256 1866 3282 art.
1878 3247 1903 3292 i)
1921 3249 2101 3281 secundum
2118 3252 2368 3290 Argumentum.

1281 3297 1321 3327 ad
1338 3295 1543 3337 probandum
1569 3295 1659 3337 quod
1685 3294 1875 3337 martyrium
1900 3304 1966 3325 non
1986 3294 2026 3326 sit
2044 3301 2134 3326 actus
2151 3294 2286 3331 virtutis,
2303 3304 2370 3328 erat

1282 3341 1359 3373 hoc:
1396 3355 1410 3369 ι
1429 3341 1566 3372 Nullum
1599 3339 1747 3372 illicitum
1774 3346 1822 3371 est
1848 3346 1938 3371 actus
1964 3339 2100 3371 virtutis.
2132 3339 2195 3371 Sed
2223 3341 2368 3373 occidere

1281 3387 1424 3428 seipsum
1441 3393 1488 3417 est
1503 3385 1661 3417 illicitum.
1679 3385 1849 3424 Quaedam
1865 3392 1973 3416 tamen
1990 3391 2117 3416 sanctae
2133 3385 2271 3417 feminae
2287 3395 2367 3419 tem-

1281 3441 1359 3473 pore
1376 3430 1608 3474 persecutionis
1624 3439 1658 3461 se
1674 3429 1707 3461 in
1724 3429 1860 3461 fluvium
1878 3430 2070 3466 deiecerunt,
2088 3440 2270 3474 eorumque
2285 3440 2368 3463 mar·

1280 3476 1361 3519 tyria
1386 3475 1591 3507 veneratione
1616 3474 1820 3507 celeberrima
1841 3475 2084 3517 frequentantur
2108 3475 2134 3517 (l
2152 3476 2191 3507 de
2209 3475 2279 3508 civ.
2297 3476 2366 3513 Dei.

1280 3520 1378 3565 xxvi).
1410 3521 1485 3552 Non
1517 3530 1593 3562 ergo
1625 3520 1815 3562 martyrium
1845 3528 1892 3552 est
1921 3528 2010 3552 actus
2035 3521 2160 3553 virtutis
2178 3534 2207 3553 ι.
2238 3521 2366 3553 Solutio

1280 3566 1334 3598 SS.
1354 3565 1524 3607 Augustini
1542 3573 1572 3597 et
1588 3565 1738 3597 Thomae
1755 3566 1934 3597 secundum
1954 3566 2177 3598 testimonium
2198 3565 2366 3607 utriusque

1281 3611 1388 3643 classis
1412 3611 1525 3643 fuisset
1549 3611 1633 3642 talis:
1663 3625 1675 3640 ι
1697 3611 1747 3642 Ad
1764 3611 1943 3643 secundum
1968 3611 2143 3643 dicendum
2165 3611 2267 3653 quod,
2284 3610 2366 3642 siem

1282 3656 1483 3697 Augustinus
1511 3655 1629 3687 ibidem
1657 3655 1742 3693 dicit,
1769 3666 1836 3687 esse
1860 3656 2060 3698 impossibile
2088 3656 2178 3698 quod
2205 3655 2366 3731 alitbuibus

1281 3701 1342 3733 fide
1359 3701 1463 3742 dignis
1481 3700 1757 3733 testificationibus
1774 3701 1880 3733 divina
1898 3702 2057 3743 persuasit
2072 3701 2243 3733 auctoritas
2285 3701 2365 3732 ccle-
