2768 4198
299 268 377 305 470

935 254 1203 301 QUAESTIO
1233 253 1466 300 CLXXXV,
1495 253 1795 306 ARTICULUS
1825 255 1856 290 11

1073 390 1392 432 ARTICULUS
1423 389 1725 432 SECUNDUS

703 485 858 516 UTRUM
883 483 1043 514 LICEAT
1068 482 1374 514 EPISCOPATUM
1399 482 1648 514 INIUNCTUM
1673 483 1845 515 OMNlNo
1866 484 2095 516 RECUSARE

659 563 690 588 111
711 564 797 590 Sent„
818 563 876 588 dist.
895 570 977 593 xxxnr,
997 567 1043 588 art.
1065 562 1087 592 3,
1107 562 1157 595 qu·
1181 570 1202 591 ι,
1221 563 1254 586 ad
1275 561 1304 593 35
1325 562 1367 593 1v,
1387 562 1445 587 dist.
1464 570 1530 592 xxix,
1550 567 1596 588 art.
1615 570 1641 594 4,
1662 564 1693 587 ad
1712 570 1743 594 4;
1765 563 1863 593 Quodl.
1886 564 1919 595 V,
1939 572 1983 596 qu.
2002 572 2034 596 xi,
2055 569 2102 590 art,
2123 572 2147 590 2.

332 661 399 692 >rt
418 672 471 693 ,a
512 656 534 680 D
554 654 745 679 SECUNDUM
760 654 814 679 sm
829 654 1072 679 PROCEDrrtJR.
1089 642 1250 679 Videtur
1264 642 1371 690 quod

326 679 489 763 QZ?
511 696 619 732 liceat
657 696 920 745 episcopatum
958 696 1169 732 iniunctum
1209 695 1370 732 omnino

375 766 429 791 *rx

315 754 363 799 ’,χ
414 781 435 796 ‚
457 755 479 794 ἦ
512 761 697 786 recusare.
737 749 787 786 Ut
817 749 919 786 enim
950 749 1158 798 Gregorius
1193 749 1301 796 dicit,
1331 748 1370 785 in

315 797 329 809 ”
351 779 414 831 §⁴-
467 794 694 839 Pastoral.
714 802 745 849 ²³²,
771 814 844 851 per
870 803 1037 840 activam
1056 803 1174 840 vitam
1187 803 1370 852 prodesse

292 855 482 904 proximis
496 857 648 905 cupiens
663 856 797 903 Isaias,
812 857 982 905 officium
995 857 1291 905 praedicationis
1305 868 1371 904 ap-

157 925 173 942 α
293 909 400 958 petit:
427 921 502 957 per
526 910 906 959 contemplationem0‘
932 923 1023 947 vero
1042 911 1227 948 Ieremias
1245 911 1372 948 amori

302 963 515 999 Conditoris
542 964 671 1000 sedulo
703 964 902 1001 inhaerere
932 965 1166 1011 desiderans,
1197 977 1244 1002 ne
1276 964 1373 1001 mitti

297 1017 348 1052 ad
368 1017 671 1064 praedicandum
700 1018 842 1064 debeat,
872 1019 1105 1056 contradicit.
1136 1019 1275 1055 Nullus
1305 1030 1370 1055 au-

297 1077 375 1106 tem
414 1079 547 1119 peccat
583 1071 613 1107 si
650 1071 809 1109 meliora
842 1072 936 1109 nolit
969 1072 1144 1110 deserere
1174 1081 1215 1109 ut
1245 1070 1371 1109 minu's

297 1123 409 1160 bonis
429 1123 635 1162 inhaereat.
658 1126 758 1162 Cum
778 1138 868 1174 ergo
889 1138 1000 1163 amor
1014 1126 1086 1163 Dei
1106 1126 1371 1175 praeemineat

298 1177 491 1214 dilectioni
519 1178 700 1227 proximi,
731 1187 767 1215 et
795 1179 874 1216 vita
903 1180 1200 1229 contemplativa
1227 1180 1372 1229 praefe-

60 815 69 824 ·
81 814 137 835 Part.
146 815 163 839 Ι,
172 819 222 841 cap.
230 818 271 834 vn.

57 1237 136 1291 ἐρῶ-Ι
150 1239 268 1285 ugxffi·
298 1239 402 1268 ratur
429 1232 529 1269 vitae
568 1232 734 1280 activae,
764 1240 805 1270 ut
837 1245 880 1270 ex
911 1246 1027 1283 supra
1052 1233 1072 1255 ‘¹‘
1101 1233 1209 1271 dictis
1246 1241 1369 1283 patet:

56 1280 144 1312 aim]
263 1278 449 1322 'videtur
486 1286 591 1334 quod
621 1298 700 1323 non
736 1295 871 1335 peccat
906 1287 966 1324 ille
1001 1287 1064 1335 qui
1099 1287 1259 1325 omnino
1295 1287 1372 1336 epi-

298 1346 499 1388 scopatum
530 1348 689 1376 recusat.

58 1397 66 1405 ⁸
82 1396 114 1416 Lo
174 1399 183 1416 t

353 1404 388 1429 2.
407 1394 643 1441 PRAETEREA,
664 1393 759 1430 sicut
779 1394 985 1442 Gregorius
1006 1394 1094 1431 dicit
1112 1394 1143 1442 *,
1173 1395 1283 1432 valde
1301 1395 1371 1443 dif-

294 1446 396 1492 ficile
422 1452 477 1483 est
495 1453 534 1483 ut
552 1447 688 1496 aliquis
706 1459 746 1484 se
758 1453 971 1498 purgatum
985 1449 1106 1496 possit
1123 1460 1372 1498 cognoscere:

155 1501 170 1535 β
298 1511 367 1536 nec
395 1500 502 1537 debet
527 1501 662 1550 aliquis
682 1513 756 1538 non
780 1507 972 1551 purgatus
989 1513 1102 1539 sacra
1131 1502 1337 1540 ministeria
1358 1500 1373 1532 β

298 1554 415 1590 adire.
447 1553 486 1590 Si
508 1566 597 1602 ergo
627 1554 759 1604 aliquis
780 1567 820 1591 se
849 1567 927 1592 non
958 1555 1093 1592 sentiat
1122 1568 1205 1592 esse
1234 1568 1371 1605 purga-

298 1615 394 1654 tum,
424 1615 782 1657 quantumcumque
811 1608 880 1645 sibi
912 1608 1129 1658 episcopale
1156 1609 1373 1658 iniungatur

299 1660 484 1707 officium,
515 1674 593 1698 non
623 1661 736 1698 debet
765 1661 856 1699 illud
885 1662 1091 1710 suscipere.

354 1715 388 1751 3.
420 1715 655 1760 PRAETEREA,
686 1715 732 1751 de
763 1715 875 1751 beato
905 1716 1038 1752 Marco
1070 1715 1332 1764 Hieronymus
1352 1716 1372 1738 ³⁸

298 1767 397 1814 dicit,
419 1767 458 1804 in
487 1769 648 1817 prologo
668 1779 782 1816 super
807 1769 1003 1815 Marcum,
1025 1769 1130 1817 quod
1157 1775 1372 1818 amputasse

296 1821 368 1858 sibi
388 1826 475 1870 post
489 1822 613 1870 fidem
633 1821 811 1869 pollicem
831 1822 978 1868 dicitur,
1009 1828 1050 1858 ut
1074 1823 1283 1860 sacerdotio
1313 1836 1370 1860 re—

290 1875 436 1923 probus
463 1875 675 1912 haberetur.
697 1875 746 1912 Et
766 1875 936 1912 similiter
964 1875 1079 1924 aliqui
1100 1884 1237 1913 votum
1263 1877 1371 1914 emit-

296 1935 379 1965 tunt
398 1935 439 1964 ut
459 1941 659 1977 nunquam
676 1928 941 1978 episcopatum
961 1929 1161 1978 accipiant.
1179 1930 1256 1968 Sed
1273 1931 1371 1968 eius-

297 1982 385 2019 dem
416 1981 571 2019 rationis
601 1990 656 2018 est
685 1995 830 2031 ponere
865 1982 1187 2032 impedimentum
1227 1985 1274 2022 ad
1305 1985 1370 2022 ali-

150 2042 168 2068 Υ
296 2035 387 2084 quid
407 2040 439 2082 Υ,
471 2043 507 2072 et
535 2035 695 2072 omnino
736 2049 912 2073 recusare
942 2036 1046 2074 illud.
1086 2038 1189 2085 Ergo
1217 2037 1371 2076 videtur

295 2089 400 2139 quod
430 2089 576 2138 absque
606 2097 764 2139 peccato
793 2090 913 2139 possit
942 2090 1073 2140 aliquis
1103 2091 1264 2129 omnino
1294 2092 1371 2142 epi-

296 2150 497 2191 scopatum
528 2155 718 2181 recusare.

350 2197 425 2234 SED
445 2209 593 2234 CONTRA
613 2209 680 2234 EST
700 2196 807 2245 quod
837 2196 926 2235 dicit
954 2197 1201 2246 Augustinus,
1227 2200 1279 2236 ad
1294 2201 1372 2236 Eu-

295 2251 452 2287 doxium
472 2250 507 2287 *2
538 2251 581 2287 Si
619 2262 695 2299 qua
732 2262 849 2299 opera
887 2257 1011 2288 vestra
1049 2257 1171 2288 mater
1201 2252 1372 2290 Ecclesia

295 2304 574 2350 desideraverit,
610 2316 678 2341 nec
710 2304 871 2341 elatione
906 2305 1020 2342 avida
1052 2305 1274 2354 suscipiam,
1304 2319 1373 2344 nec

296 2357 508 2394 blandiente
526 2357 667 2394 desidia
687 2358 881 2406 respuatis.
904 2359 1044 2395 Postea
1063 2358 1210 2396 subdit:
1236 2360 1374 2410 Neque

296 2411 413 2448 otium
442 2416 609 2448 vestrum
639 2412 916 2448 necessitatibus
943 2411 1136 2449 Ecclesiae
1158 2425 1373 2462 praepona-

295 2465 362 2502 tis.-
391 2465 454 2501 cui
466 2465 698 2514 parturienti
718 2465 753 2502 si
770 2465 865 2503 nulli
882 2466 971 2503 boni
989 2466 1207 2504 ministrare
1224 2468 1371 2516 vellent,

271 2518 485 2567 ‚quomodo
514 2519 769 2556 nasceremini
795 2531 870 2556 non
900 2520 1128 2557 inveniretis.

350 2573 578 2610 REsponmzo
608 2584 795 2610 monimum
816 2574 922 2622 quod
949 2573 987 2610 in
1008 2573 1271 2623 assumptione
1296 2575 1371 2624 epi-

296 2634 475 2675 scopatus
505 2627 582 2664 duo
604 2633 692 2663 sunt
721 2626 1022 2664 consideranda:
1052 2627 1179 2677 primo
1201 2628 1371 2678 quidem,

296 2679 387 2729 quid
416 2680 550 2718 deceat
587 2679 786 2718 hominem
825 2689 1006 2730 appetere
1035 2681 1249 2719 secundum
1283 2695 1371 2731 pro-

295 2733 418 2782 priam
447 2734 708 2780 voluntatem;
743 2735 927 2780 secundo,
958 2734 1050 2783 quid
1078 2735 1277 2773 hominem
1307 2737 1373 2774 de-

296 2795 379 2824 ceat
397 2788 521 2824 facere
549 2787 596 2825 ad
616 2788 854 2825 voluntatem
885 2788 1047 2825 alterius.
1080 2790 1278 2836 Quantum
1306 2790 1371 2839 igi-

295 2848 356 2878 tur
390 2841 438 2878 ad
476 2841 671 2890 propriam
709 2842 972 2889 voluntatem,
1003 2842 1186 2880 convenit
1221 2843 1371 2882 homini

295 2894 551 2944 principaliter
579 2894 749 2932 insistere
783 2895 961 2945 propriae
991 2896 1119 2933 saluti:
1159 2896 1227 2933 sed
1265 2898 1370 2947 quod

296 2948 459 2986 aliorum
488 2949 599 2986 saluti
627 2948 808 2996 intendat,
837 2949 912 2987 hoc
942 2950 1122 2987 convenit
1149 2949 1297 2988 homini
1327 2964 1371 2989 ex

59 1715 66 1723 ⁸
83 1715 159 1735 Gloss.
176 1714 233 1736 Ord.

53 2253 266 2302 ε

296 3002 544 3051 dispositione
565 3002 717 3040 alterius
736 3010 964 3051 potestatem
995 3003 1183 3051 habentis,
1204 3003 1299 3042 sicut
1325 3018 1370 3043 ex

236 3077 239 3080 -
296 3068 411 3104 supra
430 3055 450 3078 ²⁸⁸
479 3056 587 3093 dictis
616 3063 731 3105 patet.
770 3056 883 3094 Unde
920 3057 1016 3094 sicut
1044 3057 1094 3094 ad
1123 3057 1370 3096 inordinatio-

296 3121 385 3145 nem
402 3109 609 3146 voluntatis
628 3109 791 3159 pertinet
810 3110 915 3160 quod
931 3110 1067 3159 aliquis
1082 3111 1239 3161 proprio
1261 3120 1369 3150 motu

296 3163 437 3200 feratur
455 3163 491 3200 in
521 3163 595 3200 hoc
615 3163 721 3212 quod
751 3163 915 3201 aliorum
937 3164 1207 3213 gubernationi
1235 3167 1371 3215 praefi-

298 3215 436 3262 ciatur;
474 3216 524 3254 ita
559 3216 674 3254 etiam
715 3217 764 3254 ad
801 3217 1123 3256 inordinationem
1161 3219 1369 3258 voluntatis

297 3269 458 3317 pertinet
485 3271 591 3318 quod
620 3270 755 3319 aliquis
785 3271 967 3319 omnino,
998 3279 1132 3310 contra
1161 3273 1369 3322 superioris

297 3322 583 3371 iniunctionem‚
613 3324 851 3372 praedictum
879 3326 1163 3373 gubernationis
1197 3327 1368 3364 officium

297 3375 457 3412 finaliter
477 3385 636 3424 recuset,
653 3386 809 3427 propter
829 3379 919 3416 duo.
941 3379 1070 3416 Primo
1087 3379 1258 3429 quidem,
1279 3381 1368 3429 quia

59 3060 67 3068 ’
82 3060 129 3080 Art.
148 3065 163 3086 ι,
178 3065 190 3080 ι

352 3488 379 3520 α)
409 3489 668 3521 contemplationem.
688 3503 708 3510 -
732 3492 968 3523 contemplativam
999 3492 1054 3523 Pa;
1074 3500 1122 3525 pro
1149 3493 1253 3522 amori,
1273 3501 1367 3519 amore

298 3523 509 3548 ABDFHIKLsC
528 3529 553 3548 et
571 3531 596 3554 a,
616 3526 736 3550 amoveri
754 3527 783 3558 E,
803 3531 831 3551 ut
849 3535 898 3551 nos
918 3527 949 3552 G.

353 3557 378 3591 β)
398 3558 557 3585 ministeria.
570 3573 589 3578 -
608 3561 738 3593 mysteria
758 3561 890 3587 PBDFHI.

1422 643 1499 679 hoe
1520 650 1707 691 repugnat
1735 642 1879 679 caritati
1906 643 2185 691 proximorum,
2216 655 2383 693 quorum
2404 643 2501 680 utili-

1424 695 1489 732 tati
1519 708 1558 732 se
1589 696 1724 744 aliquis
1755 696 1869 732 debet
1902 708 2094 745 exponere
2126 709 2197 746 pro
2226 698 2312 734 loco
2344 704 2380 734 et
2407 705 2502 734 tem-

1424 762 1531 798 pore.
1562 750 1674 787 Unde
1702 749 1937 797 Augustinus
1966 749 2066 797 dicit,
2089 751 2179 787 XIX
2205 751 2251 788 de
2274 752 2354 788 Civ.
2375 751 2452 788 Dei
2467 750 2499 798 ³¹²,
2527 751 2669 779 ⁸0¹⁹·”1-

1425 804 1532 850 quod
1561 803 1755 853 negotium
1784 804 1922 840 iustum
1957 803 2112 851 suscipit
2137 805 2334 842 necessitas
2366 805 2501 842 carita-

1424 857 1480 893 tis.
1510 878 1535 884 -
1565 856 1760 904 Secundo,
1783 856 1872 905 quia
1894 857 1970 893 hoe
1990 865 2177 905 repugnat
2197 858 2412 906 humilitati,
2433 870 2502 907 per

1425 922 1544 958 quam
1583 910 1718 959 aliquis
1756 910 1998 959 superiorum
2032 910 2224 947 mandatis
2259 923 2300 948 se
2338 911 2499 948 subiicit.

1424 964 1538 1001 Unde
1576 963 1785 1012 Gregorius
1814 963 1915 1012 dicit,
1945 963 1983 1000 in
2012 964 2198 1001 Pastoral.
2222 965 2254 1012 ⁸,
2276 965 2381 1014 quod
2414 971 2502 1002 tunc
2529 972 2742 1001 -pm.1‚0·p.v1.

1424 1024 1512 1055 ante
1540 1018 1615 1055 Dei
1641 1017 1770 1055 oculos
1797 1028 1890 1054 vera
1927 1022 1982 1054 est
2007 1017 2220 1064 humilitas,
2250 1029 2336 1055 cum
2364 1019 2417 1056 ad
2447 1031 2502 1055 re-

1423 1072 1634 1121 spuendum
1657 1073 1730 1108 hoc
1757 1070 1860 1120 quod
1892 1071 2029 1108 utiliter
2059 1071 2186 1108 subire
2211 1072 2448 1121 praecipitur
2466 1069 2500 1119 ⁶,
2628 1071 2645 1097 ⁸

1419 1127 1602 1175 pertinax
1629 1137 1705 1162 non
1734 1130 1798 1162 est.
2368 1149 2373 1153 ,

1478 1182 1537 1217 An
1568 1191 1707 1216 PRIMUM
1735 1190 1835 1215 ERGO
1857 1190 2043 1216 monimum
2067 1179 2175 1227 quod
2203 1179 2395 1228 quamvis,
2416 1179 2503 1216 sim-

1424 1234 1571 1284 pliciter
1610 1241 1647 1270 et
1683 1233 1858 1269 absolute
1894 1232 2110 1282 loquendo,
2147 1232 2227 1269 vita
2265 1234 2502 1282 contempla-

1424 1288 1503 1326 tiva
1531 1287 1658 1337 potior
1688 1286 1733 1323 sit
1761 1298 1879 1335 quam
1910 1286 2045 1333 activa,
2076 1293 2113 1322 et
2141 1298 2252 1323 amor
2279 1286 2353 1323 Dei
2382 1298 2501 1336 quam

1426 1341 1575 1379 dilectio
1597 1339 1778 1390 proximi;
1799 1347 1930 1378 tamen
1951 1352 1996 1377 ex
2015 1339 2088 1376 alia
2106 1348 2215 1388 parte
2236 1340 2385 1378 bonum
2405 1341 2502 1378 mul-

1423 1395 1594 1433 titudinis
1608 1394 1904 1444 praeferendum
1924 1402 1979 1431 est
1999 1394 2104 1430 bono
2119 1393 2234 1431 unius
2247 1393 2279 1430 ²⁸².
2295 1394 2408 1432 Unde
2422 1396 2502 1431 Au·
2529 1426 2583 1449 m
2597 1426 2629 1448 m,

1424 1449 1597 1498 gustinus
1613 1448 1713 1496 dicit,
1730 1447 1768 1484 in
1783 1447 1912 1484 verbis
1932 1447 2154 1496 praemissis
2168 1447 2205 1484 *ε
2226 1447 2364 1496 Neque
2382 1448 2501 1485 otium
2528 1426 2742 1502 {gg-„⁸:333

1424 1509 1590 1541 vestrum
1611 1501 1889 1539 necessitatibus
1907 1501 2101 1538 Ecclesiae
2113 1503 2373 1553 praeponatis.
2389 1502 2503 1539 Prae·
2528 1495 2742 1535 'Am'S‘dw-

1425 1557 1555 1594 sertim
1576 1556 1666 1605 quia
1686 1564 1721 1592 et
1739 1555 1815 1592 hoc
1844 1554 1970 1604 ipsum
1991 1555 2040 1592 ad
2062 1555 2305 1592 dilectionem
2326 1555 2399 1593 Dei
2419 1568 2502 1604 per-

1424 1611 1517 1648 tinet
1554 1610 1659 1660 quod
1688 1609 1824 1657 aliquis
1853 1609 1993 1646 ovibus
2031 1609 2171 1646 Christi
2207 1621 2340 1647 curam
2374 1618 2501 1658 pasto-

2528 1398 2744 1422 ‘Cf-Arintouss-

1397 1685 1400 1694 ν
1425 1665 1543 1701 talem
1581 1663 1792 1712 impendat.
1824 1663 1936 1700 Unde
1966 1674 2082 1711 super
2119 1662 2210 1701 illud
2240 1664 2346 1700 Ioan.
2375 1663 2442 1701 ult.
2467 1663 2500 1712 ⁵,
2529 1665 2666 1694 'Vm-¹⁷·

1423 1719 1542 1755 Pasce
1569 1728 1658 1754 oves
1686 1728 1802 1763 meas,
1834 1716 1923 1753 dicit
1950 1716 2186 1764 Augustinus
2204 1717 2245 1754 *ε
2275 1717 2332 1754 Sit
2357 1717 2503 1755 amoris
2527 1718 2740 1769 fflfflffiss·

1425 1771 1595 1820 officium
1609 1781 1771 1820 pascere
1789 1770 2035 1807 Dominicum
2054 1781 2238 1820 gregem:
2256 1770 2354 1807 sicut
2358 1771 2442 1820 fuit
2459 1771 2501 1808 ti-

1424 1825 1542 1862 moris
1562 1824 1742 1862 indicium
1762 1835 1908 1874 negare
1925 1824 2132 1860 Pastorem.
2144 1844 2168 1852 -
2185 1823 2366 1861 Similiter
2385 1824 2501 1864 etiam

1424 1878 1581 1928 praelati
1610 1890 1690 1915 non
1718 1877 1771 1914 sic
1799 1877 2075 1914 transferuntur
2103 1877 2152 1914 ad
2179 1876 2300 1914 vitam
2335 1877 2502 1916 activam

1423 1941 1465 1970 ut
1485 1930 1825 1980 contemplativam
1847 1932 2035 1968 deserant.
2061 1930 2173 1968 Unde
2192 1930 2428 1979 Augustinus
2447 1931 2502 1970 di·

1425 1987 1485 2033 cit,
1507 1986 1597 2022 XIX
1612 1985 1659 2022 de
1677 1985 1757 2022 (Σίν.
1779 1985 1855 2021 Dei
1870 1984 1902 2032 *,
1920 1985 2038 2034 quod,
2063 1985 2098 2020 si
2114 1985 2332 2034 imponatur
2349 1985 2503 2024 sarcina
2529 1991 2540 2003 ⁶
2553 1990 2665 2014 1-00·d¹-

1418 2039 1625 2090 pastoralis
1653 2038 1782 2087 officii,
1804 2050 1873 2075 nec
1890 2039 1944 2076 sic
1962 2039 2168 2076 deserenda
2196 2044 2250 2076 est
2276 2038 2471 2076 delectatio
2489 2042 2503 2061 ⁸
2629 2043 2643 2063 ⁸

1423 2093 1603 2138 veritatis,
1624 2105 1723 2142 quae
1745 2092 1885 2130 scilicet
1913 2092 1951 2129 in
1972 2092 2298 2142 contemplatione
2325 2092 2502 2133 habetur.

1478 2150 1538 2185 AD
1558 2158 1752 2184 SECUNDUM
1772 2158 1959 2184 DicENDUM
1979 2146 2084 2196 quod
2105 2147 2230 2184 nullus
2245 2154 2395 2184 tenetur
2413 2146 2504 2185 obe·

1426 2201 1506 2240 dire
1536 2201 1707 2249 praelato
1737 2201 1785 2237 ad
1815 2200 1972 2248 aliquod
2000 2199 2188 2238 illicitum:
2219 2200 2315 2238 sicut
2333 2208 2439 2250 patet
2457 2213 2503 2238 ex

1426 2255 1483 2292 his
1513 2266 1612 2303 quae
1642 2266 1757 2303 supra
1776 2253 1796 2275 '¹‘
1825 2253 1923 2291 dicta
1953 2261 2040 2291 sunt
2069 2254 2118 2291 de
2146 2254 2378 2292 obedientia.
2413 2255 2503 2292 Pot-
2529 2255 2743 2284 ’Q¹·‘²'›⁸“·⁵·

1427 2315 1483 2345 est
1511 2320 1601 2356 ergo
1623 2307 1843 2356 contingere
1863 2308 1970 2356 quod
1998 2307 2058 2344 ille
2079 2307 2140 2345 cui
2168 2308 2376 2356 iniungitur
2393 2319 2503 2358 prae-

1426 2361 1577 2399 lationis
1607 2361 1792 2409 officium,
1822 2361 1859 2397 in
1889 2373 1929 2398 se
1959 2360 2102 2412 aliquid
2131 2361 2266 2399 sentiat
2297 2373 2368 2411 per
2395 2362 2502 2412 quod

1426 2428 1505 2453 non
1535 2415 1645 2452 liceat
1674 2415 1707 2452 ei
1736 2414 2013 2464 praelationem
2043 2414 2228 2464 accipere.
2259 2415 2347 2452 Hoc
2371 2424 2501 2454 autem

1426 2469 1747 2518 impedimentum
1767 2468 2004 2516 quandoque
2025 2468 2182 2517 quidem
2205 2469 2399 2507 removeri
2419 2478 2502 2519 pot-

1427 2531 1482 2560 est
1510 2535 1580 2572 per
1609 2523 1819 2572 ipsummet
1847 2522 1908 2558 cui
1927 2522 2129 2571 pastoralis
2157 2534 2247 2560 cura
2276 2522 2501 2572 iniungitur:

1425 2584 1518 2626 puta
1547 2576 1576 2614 si
1605 2577 1746 2613 habeat
1773 2575 1958 2625 peccandi
1987 2575 2253 2625 propositum,
2283 2577 2388 2627 quod
2417 2585 2501 2628 pot-

1427 2638 1482 2668 est
1510 2630 1700 2668 deserere.
1732 2630 1780 2667 Et
1798 2637 1956 2679 propter
1974 2630 2050 2667 hoc
2078 2642 2157 2667 non
2187 2638 2390 2668 excusatur
2408 2631 2501 2682 quin

1425 2683 1588 2721 finaliter
1615 2691 1789 2721 teneatur
1817 2683 1976 2721 obedire
2005 2683 2176 2733 praelato
2204 2683 2428 2733 iniungenti.

1479 2737 1726 2787 Quandoque
1754 2749 1849 2775 vero
1878 2737 2203 2787 impedimentum
2231 2749 2278 2775 ex
2306 2749 2384 2787 quo
2403 2738 2447 2776 fit
2466 2738 2501 2775 ei

1424 2791 1594 2828 illicitum
1624 2791 1814 2840 pastorale
1845 2791 2039 2839 officium,
2071 2803 2150 2828 non
2178 2798 2304 2840 potest
2331 2791 2414 2840 ipse
2442 2803 2500 2828 re·

1424 2857 1607 2892 movere,
1638 2845 1706 2882 sed
1735 2845 1927 2894 praelatus
1961 2845 2026 2894 qui
2055 2844 2228 2893 iniungit:
2258 2852 2350 2895 puta
2385 2844 2416 2882 si
2453 2844 2500 2882 sit

1423 2898 1639 2947 irregularis
1676 2898 1739 2935 vel
1773 2898 2141 2936 excommunicatus.
2181 2898 2230 2935 Et
2265 2905 2356 2936 tunc
2385 2898 2501 2937 debet

1425 2953 1617 2990 defectum
1639 2965 1752 2989 suum
1768 2953 1939 3002 praelato
1959 2951 2167 3000 iniungenti
2187 2951 2411 2990 ostendere:
2433 2952 2497 3002 qui

1424 3006 1452 3043 si
1484 3006 1804 3055 impedimentum
1834 3018 2035 3044 removere
2063 3004 2239 3052 voluerit,
2260 3013 2411 3043 tenetur
2428 3007 2498 3043 hu-

1424 3060 1561 3097 militer
1590 3059 1759 3098 obedire.
1781 3060 1893 3097 Unde
1921 3060 2050 3097 Exodi
2068 3070 2114 3105 W,
2137 3070 2225 3095 cum
2255 3059 2414 3108 Moyses
2443 3059 2498 3098 di-

1422 3114 1536 3151 xisset
1554 3113 1587 3160 ²⁸¹,
1621 3113 1796 3160 Obsecro,
1825 3114 2008 3151 Domine:
2037 3123 2112 3149 non
2140 3123 2224 3149 sum
2253 3112 2430 3162 eloquens
2448 3114 2498 3152 ab
2524 3121 2663 3145 ‘Vn-¹0-

1422 3167 1507 3205 heri
1532 3173 1568 3204 et
1594 3167 1730 3205 nudius
1767 3167 1915 3214 tertius,
1945 3165 2137 3204 Dominus
2175 3166 2373 3216 respondit
2399 3165 2420 3189 ¹⁸
2447 3166 2497 3206 ad
2524 3167 2616 3191 ’Vn
2631 3174 2660 3191 ¹¹·

1424 3233 1530 3258 eum:
1560 3221 1648 3271 Ego
1667 3232 1733 3258 ero
1762 3220 1800 3258 in
1828 3232 1895 3258 ore
1922 3225 1998 3265 tuo,
2017 3219 2232 3268 doceboque
2259 3225 2294 3257 te
2321 3219 2413 3269 quid
2443 3220 2497 3258 lo-

1422 3275 1564 3323 quaris.

1476 3327 1724 3376 Quandoque
1752 3338 1847 3363 vero
1877 3337 1956 3362 non
1983 3333 2110 3375 potest
2142 3326 2336 3364 removeri
2374 3328 2494 3377 impe-

1424 3381 1638 3418 dimentum
1668 3391 1739 3417 nec
1757 3391 1827 3428 per
1845 3379 2105 3427 iniungentem
2135 3392 2207 3417 nec
2234 3391 2304 3429 per
2323 3392 2412 3417 eum
2434 3381 2494 3418 cui

1475 3493 1502 3526 γ)
1520 3493 1559 3517 ad
1575 3492 1687 3525 aliquid.
1700 3506 1719 3511 —
1738 3491 1775 3516 ad
1793 3492 1865 3524 quod
1883 3491 1987 3524 aliquid
2006 3492 2146 3526 BDEFpA,
2165 3492 2202 3518 ad
2220 3492 2323 3526 aliquid
2341 3493 2494 3519 huiusmodi

1394 3553 1395 3564 ἵ
1421 3528 1495 3559 (ideo
1514 3528 1623 3553 omnino
1642 3534 1766 3553 recusare
1781 3527 1849 3552 illud
1868 3527 1975 3553 videtur
1994 3535 2050 3553 esse
2069 3528 2148 3553 idem.
2169 3527 2256 3562 Ergo)
2276 3529 2316 3554 ed.
2335 3536 2360 3554 a.

1475 3561 1501 3595 δ)
1517 3563 1694 3595 praecipitur.
1708 3576 1725 3582 -
1739 3563 1928 3595 praecipiatur
1946 3564 2080 3597 ADHLpI.

1476 3599 1498 3631 ι)
1518 3598 1668 3624 delectatio.
1681 3613 1699 3618 —
1719 3599 1827 3624 dilectio
1846 3599 2035 3625 ABCFHKLa.
