<?xml version="1.0" encoding="UTF-8"?>
<!DOCTYPE html PUBLIC "-//W3C//DTD XHTML 1.0 Transitional//EN"
    "http://www.w3.org/TR/xhtml1/DTD/xhtml1-transitional.dtd">
<html xmlns="http://www.w3.org/1999/xhtml" xml:lang="en" lang="en">
 <head>
  <title>
</title>
<meta http-equiv="Content-Type" content="text/html;charset=utf-8" />
  <meta name='ocr-system' content='tesseract 3.04.00' />
  <meta name='ocr-capabilities' content='ocr_page ocr_carea ocr_par ocr_line ocrx_word'/>
</head>
<body>
  <div class='ocr_page' id='page_1' title='image "./operaomniaiussui10thom/operaomniaiussui10thom_0077.png"; bbox 0 0 2768 4198; ppageno 0'>
   <div class='ocr_carea' id='block_1_1' title="bbox 0 1197 34 2826">
    <p class='ocr_par' dir='ltr' id='par_1_1' title="bbox 0 1197 34 2826">
     <span class='ocr_line' id='line_1_1' title="bbox 0 1197 34 2826; baseline 0 0"><span class='ocrx_word' id='word_1_1' title='bbox 0 1197 34 2826; x_wconf 95' lang='lat' dir='ltr'> </span> 
     </span>
    </p>
   </div>
   <div class='ocr_carea' id='block_1_2' title="bbox 102 3390 315 3437">
    <p class='ocr_par' dir='ltr' id='par_1_2' title="bbox 102 3390 315 3437">
     <span class='ocr_line' id='line_1_2' title="bbox 102 3390 314 3414; baseline -0.005 -4"><span class='ocrx_word' id='word_1_2' title='bbox 102 3390 111 3398; x_wconf 77' lang='lat'><strong><em>⁴</em></strong></span> <span class='ocrx_word' id='word_1_3' title='bbox 149 3395 171 3410; x_wconf 87' lang='lat' dir='ltr'>u.</span> <span class='ocrx_word' id='word_1_4' title='bbox 183 3394 263 3414; x_wconf 69' lang='lat' dir='ltr'>(xxm,</span> <span class='ocrx_word' id='word_1_5' title='bbox 272 3391 314 3409; x_wconf 84' lang='lat' dir='ltr'>art.</span> 
     </span>
     <span class='ocr_line' id='line_1_3' title="bbox 160 3414 315 3437; baseline -0.013 -1"><span class='ocrx_word' id='word_1_6' title='bbox 160 3414 315 3437; x_wconf 84' lang='lat' dir='ltr'>f.Comment.</span> 
     </span>
    </p>
   </div>
   <div class='ocr_carea' id='block_1_3' title="bbox 1001 216 1884 287">
    <p class='ocr_par' dir='ltr' id='par_1_3' title="bbox 1001 216 1884 287">
     <span class='ocr_line' id='line_1_4' title="bbox 1001 216 1884 287; baseline -0.002 -9"><span class='ocrx_word' id='word_1_7' title='bbox 1001 216 1270 287; x_wconf 75' lang='lat' dir='ltr'>QUAEs&#39;Tm</span> <span class='ocrx_word' id='word_1_8' title='bbox 1301 240 1476 285; x_wconf 78' lang='lat' dir='ltr'>exxw,</span> <span class='ocrx_word' id='word_1_9' title='bbox 1505 239 1805 277; x_wconf 86' lang='lat' dir='ltr'><strong>ARTICULUS</strong></span> <span class='ocrx_word' id='word_1_10' title='bbox 1835 240 1884 276; x_wconf 92' lang='lat'>111</span> 
     </span>
    </p>
   </div>
   <div class='ocr_carea' id='block_1_4' title="bbox 345 318 1417 528">
    <p class='ocr_par' dir='ltr' id='par_1_4' title="bbox 345 318 1417 528">
     <span class='ocr_line' id='line_1_5' title="bbox 345 318 1415 363; baseline -0.004 -11"><span class='ocrx_word' id='word_1_11' title='bbox 345 321 500 363; x_wconf 90' lang='lat' dir='ltr'>quoniam</span> <span class='ocrx_word' id='word_1_12' title='bbox 522 320 688 360; x_wconf 89' lang='lat' dir='ltr'>proximus</span> <span class='ocrx_word' id='word_1_13' title='bbox 711 319 783 350; x_wconf 91' lang='lat' dir='ltr'>finis</span> <span class='ocrx_word' id='word_1_14' title='bbox 810 326 898 350; x_wconf 89' lang='lat' dir='ltr'>actus</span> <span class='ocrx_word' id='word_1_15' title='bbox 915 327 961 350; x_wconf 91' lang='lat' dir='ltr'>est</span> <span class='ocrx_word' id='word_1_16' title='bbox 982 318 1136 350; x_wconf 91' lang='lat' dir='ltr'>fortitudo</span> <span class='ocrx_word' id='word_1_17' title='bbox 1160 319 1304 356; x_wconf 86' lang='lat' dir='ltr'>actualis;</span> <span class='ocrx_word' id='word_1_18' title='bbox 1330 319 1415 359; x_wconf 91' lang='lat' dir='ltr'>prin-</span> 
     </span>
     <span class='ocr_line' id='line_1_6' title="bbox 345 362 1414 406; baseline -0.003 -10"><span class='ocrx_word' id='word_1_19' title='bbox 345 365 454 406; x_wconf 87' lang='lat' dir='ltr'>cipalis</span> <span class='ocrx_word' id='word_1_20' title='bbox 477 372 584 396; x_wconf 87' lang='lat' dir='ltr'>tamen</span> <span class='ocrx_word' id='word_1_21' title='bbox 601 372 656 401; x_wconf 89' lang='lat' dir='ltr'>est,</span> <span class='ocrx_word' id='word_1_22' title='bbox 673 364 748 404; x_wconf 89' lang='lat' dir='ltr'>quia</span> <span class='ocrx_word' id='word_1_23' title='bbox 773 371 819 394; x_wconf 89' lang='lat' dir='ltr'>est</span> <span class='ocrx_word' id='word_1_24' title='bbox 839 362 910 393; x_wconf 84' lang='lat' dir='ltr'>finis</span> <span class='ocrx_word' id='word_1_25' title='bbox 931 363 1031 403; x_wconf 92' lang='lat' dir='ltr'>ipsius</span> <span class='ocrx_word' id='word_1_26' title='bbox 1055 363 1186 394; x_wconf 87' lang='lat' dir='ltr'>actualis</span> <span class='ocrx_word' id='word_1_27' title='bbox 1210 363 1414 394; x_wconf 83' lang='lat' dir='ltr'>fortitudinis.</span> 
     </span>
     <span class='ocr_line' id='line_1_7' title="bbox 345 407 1417 451; baseline -0.003 -11"><span class='ocrx_word' id='word_1_28' title='bbox 345 410 385 440; x_wconf 88' lang='lat' dir='ltr'>Et</span> <span class='ocrx_word' id='word_1_29' title='bbox 408 409 488 440; x_wconf 87' lang='lat' dir='ltr'>ratio</span> <span class='ocrx_word' id='word_1_30' title='bbox 512 417 558 440; x_wconf 92' lang='lat' dir='ltr'>est</span> <span class='ocrx_word' id='word_1_31' title='bbox 581 408 657 449; x_wconf 89' lang='lat' dir='ltr'>quia</span> <span class='ocrx_word' id='word_1_32' title='bbox 679 408 712 438; x_wconf 92' lang='lat' dir='ltr'>in</span> <span class='ocrx_word' id='word_1_33' title='bbox 736 415 870 448; x_wconf 89' lang='lat' dir='ltr'>utraque</span> <span class='ocrx_word' id='word_1_34' title='bbox 893 407 1079 438; x_wconf 87' lang='lat' dir='ltr'>fortitudine</span> <span class='ocrx_word' id='word_1_35' title='bbox 1103 407 1174 438; x_wconf 89' lang='lat' dir='ltr'>finis</span> <span class='ocrx_word' id='word_1_36' title='bbox 1198 408 1346 451; x_wconf 75' lang='lat' dir='ltr'>materiae</span> <span class='ocrx_word' id='word_1_37' title='bbox 1370 414 1417 437; x_wconf 86' lang='lat' dir='ltr'>est</span> 
     </span>
     <span class='ocr_line' id='line_1_8' title="bbox 345 451 1416 492; baseline -0.003 -8"><span class='ocrx_word' id='word_1_38' title='bbox 345 454 483 484; x_wconf 87' lang='lat' dir='ltr'>nobilior</span> <span class='ocrx_word' id='word_1_39' title='bbox 506 453 691 484; x_wconf 87' lang='lat' dir='ltr'>fortitudine</span> <span class='ocrx_word' id='word_1_40' title='bbox 715 452 811 482; x_wconf 84' lang='lat' dir='ltr'>etiam</span> <span class='ocrx_word' id='word_1_41' title='bbox 831 451 964 488; x_wconf 87' lang='lat' dir='ltr'>actuali,</span> <span class='ocrx_word' id='word_1_42' title='bbox 989 459 1020 482; x_wconf 89' lang='lat' dir='ltr'>et</span> <span class='ocrx_word' id='word_1_43' title='bbox 1066 458 1172 492; x_wconf 91' lang='lat' dir='ltr'>ropter</span> <span class='ocrx_word' id='word_1_44' title='bbox 1195 452 1304 492; x_wconf 89' lang='lat' dir='ltr'>ipsum</span> <span class='ocrx_word' id='word_1_45' title='bbox 1326 451 1416 482; x_wconf 84' lang='lat' dir='ltr'>fortis</span> 
     </span>
     <span class='ocr_line' id='line_1_9' title="bbox 345 496 1416 528; baseline -0.002 0"><span class='ocrx_word' id='word_1_46' title='bbox 345 497 466 528; x_wconf 89' lang='lat' dir='ltr'>fortiter</span> <span class='ocrx_word' id='word_1_47' title='bbox 489 507 522 528; x_wconf 91' lang='lat' dir='ltr'>se</span> <span class='ocrx_word' id='word_1_48' title='bbox 539 498 641 528; x_wconf 87' lang='lat' dir='ltr'>habet.</span> <span class='ocrx_word' id='word_1_49' title='bbox 667 497 701 526; x_wconf 91' lang='lat' dir='ltr'>ln</span> <span class='ocrx_word' id='word_1_50' title='bbox 719 496 895 526; x_wconf 89' lang='lat' dir='ltr'>monastica</span> <span class='ocrx_word' id='word_1_51' title='bbox 911 503 1018 527; x_wconf 85' lang='lat' dir='ltr'>autem</span> <span class='ocrx_word' id='word_1_52' title='bbox 1055 496 1227 527; x_wconf 88' lang='lat' dir='ltr'>ortitudine</span> <span class='ocrx_word' id='word_1_53' title='bbox 1251 507 1318 527; x_wconf 89' lang='lat' dir='ltr'>non</span> <span class='ocrx_word' id='word_1_54' title='bbox 1335 506 1416 526; x_wconf 91' lang='lat' dir='ltr'>sem-</span> 
     </span>
    </p>
   </div>
   <div class='ocr_carea' id='block_1_5' title="bbox 343 540 1443 582">
    <p class='ocr_par' dir='ltr' id='par_1_5' title="bbox 343 540 1443 582">
     <span class='ocr_line' id='line_1_10' title="bbox 343 540 1443 582; baseline -0.002 -9"><span class='ocrx_word' id='word_1_55' title='bbox 343 552 400 582; x_wconf 86' lang='lat' dir='ltr'>per</span> <span class='ocrx_word' id='word_1_56' title='bbox 423 542 467 573; x_wconf 90' lang='lat' dir='ltr'>sic</span> <span class='ocrx_word' id='word_1_57' title='bbox 491 548 537 572; x_wconf 89' lang='lat' dir='ltr'>est</span> <span class='ocrx_word' id='word_1_58' title='bbox 559 541 631 572; x_wconf 88' lang='lat' dir='ltr'>finis</span> <span class='ocrx_word' id='word_1_59' title='bbox 648 540 842 571; x_wconf 87' lang='lat' dir='ltr'>fortitudinis</span> <span class='ocrx_word' id='word_1_60' title='bbox 866 550 903 570; x_wconf 84' lang='lat' dir='ltr'>ex</span> <span class='ocrx_word' id='word_1_61' title='bbox 926 547 1014 580; x_wconf 83' lang='lat' dir='ltr'>parte</span> <span class='ocrx_word' id='word_1_62' title='bbox 1041 541 1198 577; x_wconf 87' lang='lat' dir='ltr'>materiae,</span> <span class='ocrx_word' id='word_1_63' title='bbox 1215 547 1246 571; x_wconf 93' lang='lat' dir='ltr'>et</span> <span class='ocrx_word' id='word_1_64' title='bbox 1269 551 1306 571; x_wconf 88' lang='lat' dir='ltr'>ex</span> <span class='ocrx_word' id='word_1_65' title='bbox 1329 547 1417 581; x_wconf 87' lang='lat' dir='ltr'>parte</span> <span class='ocrx_word' id='word_1_66' title='bbox 1442 541 1443 570; x_wconf 60' lang='grc' dir='ltr'><em>Ξ</em></span> 
     </span>
    </p>
   </div>
   <div class='ocr_carea' id='block_1_6' title="bbox 344 583 1416 626">
    <p class='ocr_par' dir='ltr' id='par_1_6' title="bbox 344 583 1416 626">
     <span class='ocr_line' id='line_1_11' title="bbox 344 583 1416 626; baseline -0.003 -9"><span class='ocrx_word' id='word_1_67' title='bbox 344 594 442 617; x_wconf 78' lang='lat' dir='ltr'>actuS.</span> <span class='ocrx_word' id='word_1_68' title='bbox 472 586 557 624; x_wconf 85' lang='lat' dir='ltr'>Quia</span> <span class='ocrx_word' id='word_1_69' title='bbox 580 586 776 626; x_wconf 86' lang='lat' dir='ltr'>quandoque</span> <span class='ocrx_word' id='word_1_70' title='bbox 799 583 870 614; x_wconf 88' lang='lat' dir='ltr'>finis</span> <span class='ocrx_word' id='word_1_71' title='bbox 901 585 1066 625; x_wconf 84' lang='lat' dir='ltr'>proximus</span> <span class='ocrx_word' id='word_1_72' title='bbox 1090 595 1127 615; x_wconf 88' lang='lat' dir='ltr'>ex</span> <span class='ocrx_word' id='word_1_73' title='bbox 1151 592 1237 625; x_wconf 88' lang='lat' dir='ltr'>parte</span> <span class='ocrx_word' id='word_1_74' title='bbox 1268 585 1416 615; x_wconf 87' lang='lat' dir='ltr'>materiae</span> 
     </span>
    </p>
   </div>
   <div class='ocr_carea' id='block_1_7' title="bbox 344 628 1444 715">
    <p class='ocr_par' dir='ltr' id='par_1_7' title="bbox 344 628 1444 715">
     <span class='ocr_line' id='line_1_12' title="bbox 344 628 1444 671; baseline -0.001 -10"><span class='ocrx_word' id='word_1_75' title='bbox 344 637 392 662; x_wconf 87' lang='lat' dir='ltr'>est</span> <span class='ocrx_word' id='word_1_76' title='bbox 413 631 536 661; x_wconf 88' lang='lat' dir='ltr'>bonum</span> <span class='ocrx_word' id='word_1_77' title='bbox 553 629 751 670; x_wconf 85' lang='lat' dir='ltr'>ignobilioris</span> <span class='ocrx_word' id='word_1_78' title='bbox 766 628 890 659; x_wconf 87' lang='lat' dir='ltr'>virtutis</span> <span class='ocrx_word' id='word_1_79' title='bbox 905 639 1004 670; x_wconf 86' lang='lat' dir='ltr'>quam</span> <span class='ocrx_word' id='word_1_80' title='bbox 1027 629 1066 660; x_wconf 88' lang='lat' dir='ltr'>sit</span> <span class='ocrx_word' id='word_1_81' title='bbox 1090 629 1263 660; x_wconf 81' lang='lat' dir='ltr'>fortitudo:</span> <span class='ocrx_word' id='word_1_82' title='bbox 1288 635 1319 660; x_wconf 91' lang='lat' dir='ltr'>et</span> <span class='ocrx_word' id='word_1_83' title='bbox 1340 636 1417 660; x_wconf 90' lang='lat' dir='ltr'>tunc</span> <span class='ocrx_word' id='word_1_84' title='bbox 1442 660 1444 671; x_wconf 30' lang='grc' dir='ltr'><em>ι</em></span> 
     </span>
     <span class='ocr_line' id='line_1_13' title="bbox 345 673 1444 715; baseline -0.002 -9"><span class='ocrx_word' id='word_1_85' title='bbox 345 674 434 706; x_wconf 83' lang='lat' dir='ltr'>fortis</span> <span class='ocrx_word' id='word_1_86' title='bbox 447 685 515 705; x_wconf 89' lang='lat' dir='ltr'>non</span> <span class='ocrx_word' id='word_1_87' title='bbox 531 674 595 715; x_wconf 83' lang='lat' dir='ltr'>agit</span> <span class='ocrx_word' id='word_1_88' title='bbox 618 673 740 705; x_wconf 90' lang='lat' dir='ltr'>fortiter</span> <span class='ocrx_word' id='word_1_89' title='bbox 751 680 881 714; x_wconf 88' lang='lat' dir='ltr'>propter</span> <span class='ocrx_word' id='word_1_90' title='bbox 898 673 983 704; x_wconf 87' lang='lat' dir='ltr'>illius</span> <span class='ocrx_word' id='word_1_91' title='bbox 1007 674 1134 705; x_wconf 87' lang='lat' dir='ltr'>alterius</span> <span class='ocrx_word' id='word_1_92' title='bbox 1153 673 1276 704; x_wconf 84' lang='lat' dir='ltr'>virtutis</span> <span class='ocrx_word' id='word_1_93' title='bbox 1292 674 1417 704; x_wconf 87' lang='lat' dir='ltr'>bonum</span> <span class='ocrx_word' id='word_1_94' title='bbox 1442 678 1444 693; x_wconf 73' lang='lat'><em>³</em></span> 
     </span>
    </p>
   </div>
   <div class='ocr_carea' id='block_1_8' title="bbox 345 717 1415 804">
    <p class='ocr_par' dir='ltr' id='par_1_8' title="bbox 345 717 1415 804">
     <span class='ocr_line' id='line_1_14' title="bbox 346 717 1415 758; baseline -0.002 -8"><span class='ocrx_word' id='word_1_95' title='bbox 346 726 380 750; x_wconf 92' lang='lat' dir='ltr'>ut</span> <span class='ocrx_word' id='word_1_96' title='bbox 404 718 502 750; x_wconf 80' lang='lat' dir='ltr'>finem</span> <span class='ocrx_word' id='word_1_97' title='bbox 520 719 571 750; x_wconf 91' lang='lat' dir='ltr'>sui</span> <span class='ocrx_word' id='word_1_98' title='bbox 589 725 679 750; x_wconf 86' lang='lat' dir='ltr'>actus</span> <span class='ocrx_word' id='word_1_99' title='bbox 703 717 920 758; x_wconf 78' lang='lat' dir='ltr'>principalem,</span> <span class='ocrx_word' id='word_1_100' title='bbox 938 718 993 748; x_wconf 91' lang='lat' dir='ltr'>sed</span> <span class='ocrx_word' id='word_1_101' title='bbox 1017 725 1052 749; x_wconf 90' lang='lat' dir='ltr'>ut</span> <span class='ocrx_word' id='word_1_102' title='bbox 1075 717 1172 749; x_wconf 89' lang='lat' dir='ltr'>finem</span> <span class='ocrx_word' id='word_1_103' title='bbox 1192 718 1415 749; x_wconf 89' lang='lat' dir='ltr'>secundarium</span> 
     </span>
     <span class='ocr_line' id='line_1_15' title="bbox 345 761 1415 804; baseline -0.002 -10"><span class='ocrx_word' id='word_1_104' title='bbox 345 763 394 794; x_wconf 90' lang='lat' dir='ltr'>sui</span> <span class='ocrx_word' id='word_1_105' title='bbox 418 770 507 795; x_wconf 89' lang='lat' dir='ltr'>actus</span> <span class='ocrx_word' id='word_1_106' title='bbox 530 770 561 794; x_wconf 86' lang='lat' dir='ltr'>et</span> <span class='ocrx_word' id='word_1_107' title='bbox 584 762 769 804; x_wconf 87' lang='lat' dir='ltr'>proximum</span> <span class='ocrx_word' id='word_1_108' title='bbox 792 761 890 792; x_wconf 87' lang='lat' dir='ltr'>finem</span> <span class='ocrx_word' id='word_1_109' title='bbox 914 772 951 793; x_wconf 89' lang='lat' dir='ltr'>ex</span> <span class='ocrx_word' id='word_1_110' title='bbox 974 769 1062 802; x_wconf 88' lang='lat' dir='ltr'>parte</span> <span class='ocrx_word' id='word_1_111' title='bbox 1085 762 1244 794; x_wconf 87' lang='lat' dir='ltr'>materiae.</span> <span class='ocrx_word' id='word_1_112' title='bbox 1269 762 1310 793; x_wconf 91' lang='lat' dir='ltr'>Et</span> <span class='ocrx_word' id='word_1_113' title='bbox 1333 772 1415 803; x_wconf 93' lang='lat' dir='ltr'>quo-</span> 
     </span>
    </p>
   </div>
   <div class='ocr_carea' id='block_1_9' title="bbox 345 800 1444 936">
    <p class='ocr_par' dir='ltr' id='par_1_9' title="bbox 345 800 1444 936">
     <span class='ocr_line' id='line_1_16' title="bbox 346 800 1444 847; baseline -0.002 -9"><span class='ocrx_word' id='word_1_114' title='bbox 346 807 431 838; x_wconf 89' lang='lat' dir='ltr'>niam</span> <span class='ocrx_word' id='word_1_115' title='bbox 463 807 565 838; x_wconf 89' lang='lat' dir='ltr'>homo</span> <span class='ocrx_word' id='word_1_116' title='bbox 597 807 780 838; x_wconf 78' lang='lat' dir='ltr'>naturaliter</span> <span class='ocrx_word' id='word_1_117' title='bbox 813 813 859 837; x_wconf 86' lang='lat' dir='ltr'>est</span> <span class='ocrx_word' id='word_1_118' title='bbox 888 806 1007 837; x_wconf 86' lang='lat' dir='ltr'>animal</span> <span class='ocrx_word' id='word_1_119' title='bbox 1040 806 1224 847; x_wconf 88' lang='lat' dir='ltr'>politicum,</span> <span class='ocrx_word' id='word_1_120' title='bbox 1256 815 1287 838; x_wconf 91' lang='lat' dir='ltr'>et</span> <span class='ocrx_word' id='word_1_121' title='bbox 1316 806 1416 836; x_wconf 91' lang='lat' dir='ltr'>homo</span> <span class='ocrx_word' id='word_1_122' title='bbox 1442 800 1444 820; x_wconf 68' lang='lat'><em>³</em></span> 
     </span>
     <span class='ocr_line' id='line_1_17' title="bbox 345 850 1443 892; baseline -0.001 -10"><span class='ocrx_word' id='word_1_123' title='bbox 345 851 544 883; x_wconf 82' lang='lat' dir='ltr'>Christianus</span> <span class='ocrx_word' id='word_1_124' title='bbox 570 851 646 882; x_wconf 91' lang='lat' dir='ltr'>civis</span> <span class='ocrx_word' id='word_1_125' title='bbox 677 859 723 882; x_wconf 91' lang='lat' dir='ltr'>est</span> <span class='ocrx_word' id='word_1_126' title='bbox 755 851 894 882; x_wconf 87' lang='lat' dir='ltr'>caelestis</span> <span class='ocrx_word' id='word_1_127' title='bbox 925 851 1056 892; x_wconf 89' lang='lat' dir='ltr'>patriae;</span> <span class='ocrx_word' id='word_1_128' title='bbox 1090 851 1207 882; x_wconf 91' lang='lat' dir='ltr'>idcirco</span> <span class='ocrx_word' id='word_1_129' title='bbox 1235 850 1418 891; x_wconf 86' lang='lat' dir='ltr'>regulariter</span> <span class='ocrx_word' id='word_1_130' title='bbox 1442 851 1443 877; x_wconf 75' lang='grc' dir='ltr'>ἶ</span> 
     </span>
     <span class='ocr_line' id='line_1_18' title="bbox 345 893 1443 936; baseline -0.002 -9"><span class='ocrx_word' id='word_1_131' title='bbox 345 896 540 932; x_wconf 86' lang='lat' dir='ltr'>fortitudinis</span> <span class='ocrx_word' id='word_1_132' title='bbox 563 903 652 927; x_wconf 92' lang='lat' dir='ltr'>actus</span> <span class='ocrx_word' id='word_1_133' title='bbox 676 896 841 932; x_wconf 84' lang='lat' dir='ltr'>formatus,</span> <span class='ocrx_word' id='word_1_134' title='bbox 866 902 898 926; x_wconf 93' lang='lat' dir='ltr'>et</span> <span class='ocrx_word' id='word_1_135' title='bbox 921 895 1109 936; x_wconf 88' lang='lat' dir='ltr'>martyrium</span> <span class='ocrx_word' id='word_1_136' title='bbox 1132 895 1266 926; x_wconf 88' lang='lat' dir='ltr'>relatum</span> <span class='ocrx_word' id='word_1_137' title='bbox 1290 895 1331 926; x_wconf 89' lang='lat' dir='ltr'>ad</span> <span class='ocrx_word' id='word_1_138' title='bbox 1354 895 1417 926; x_wconf 86' lang='lat' dir='ltr'>for·</span> <span class='ocrx_word' id='word_1_139' title='bbox 1442 893 1443 897; x_wconf 74' lang='grc'>’</span> 
     </span>
    </p>
   </div>
   <div class='ocr_carea' id='block_1_10' title="bbox 344 939 1418 1159">
    <p class='ocr_par' dir='ltr' id='par_1_10' title="bbox 344 939 1418 1159">
     <span class='ocr_line' id='line_1_19' title="bbox 345 939 1417 981; baseline -0.002 -9"><span class='ocrx_word' id='word_1_140' title='bbox 345 940 526 978; x_wconf 84' lang='lat' dir='ltr'>titudinem,</span> <span class='ocrx_word' id='word_1_141' title='bbox 543 941 708 972; x_wconf 88' lang='lat' dir='ltr'>ordinatur</span> <span class='ocrx_word' id='word_1_142' title='bbox 724 941 763 970; x_wconf 90' lang='lat' dir='ltr'>ad</span> <span class='ocrx_word' id='word_1_143' title='bbox 780 939 964 970; x_wconf 88' lang='lat' dir='ltr'>ulteriorem</span> <span class='ocrx_word' id='word_1_144' title='bbox 980 939 1078 970; x_wconf 87' lang='lat' dir='ltr'>finem</span> <span class='ocrx_word' id='word_1_145' title='bbox 1098 940 1155 981; x_wconf 92' lang='lat' dir='ltr'>qui</span> <span class='ocrx_word' id='word_1_146' title='bbox 1172 947 1218 970; x_wconf 87' lang='lat' dir='ltr'>est</span> <span class='ocrx_word' id='word_1_147' title='bbox 1237 939 1362 975; x_wconf 88' lang='lat' dir='ltr'>melior,</span> <span class='ocrx_word' id='word_1_148' title='bbox 1383 946 1417 970; x_wconf 88' lang='lat' dir='ltr'>ut</span> 
     </span>
     <span class='ocr_line' id='line_1_20' title="bbox 344 983 1416 1024; baseline -0.003 -8"><span class='ocrx_word' id='word_1_149' title='bbox 344 985 378 1015; x_wconf 88' lang='lat' dir='ltr'>in</span> <span class='ocrx_word' id='word_1_150' title='bbox 400 985 502 1016; x_wconf 88' lang='lat' dir='ltr'>littera</span> <span class='ocrx_word' id='word_1_151' title='bbox 527 985 651 1021; x_wconf 90' lang='lat' dir='ltr'>dicitur,</span> <span class='ocrx_word' id='word_1_152' title='bbox 668 984 863 1020; x_wconf 90' lang='lat' dir='ltr'>fortitudine,</span> <span class='ocrx_word' id='word_1_153' title='bbox 881 991 912 1015; x_wconf 89' lang='lat' dir='ltr'>et</span> <span class='ocrx_word' id='word_1_154' title='bbox 928 992 974 1015; x_wconf 92' lang='lat' dir='ltr'>est</span> <span class='ocrx_word' id='word_1_155' title='bbox 997 983 1162 1024; x_wconf 87' lang='lat' dir='ltr'>proximus</span> <span class='ocrx_word' id='word_1_156' title='bbox 1177 983 1248 1014; x_wconf 86' lang='lat' dir='ltr'>finis</span> <span class='ocrx_word' id='word_1_157' title='bbox 1268 983 1416 1014; x_wconf 81' lang='lat' dir='ltr'>materiae</span> 
     </span>
     <span class='ocr_line' id='line_1_21' title="bbox 344 1026 1418 1070; baseline -0.002 -11"><span class='ocrx_word' id='word_1_158' title='bbox 344 1028 554 1061; x_wconf 86' lang='lat' dir='ltr'>fortitudinis:</span> <span class='ocrx_word' id='word_1_159' title='bbox 579 1029 734 1070; x_wconf 87' lang='lat' dir='ltr'>quoniam</span> <span class='ocrx_word' id='word_1_160' title='bbox 749 1036 815 1060; x_wconf 92' lang='lat' dir='ltr'>tam</span> <span class='ocrx_word' id='word_1_161' title='bbox 829 1028 948 1060; x_wconf 83' lang='lat' dir='ltr'>iustitia</span> <span class='ocrx_word' id='word_1_162' title='bbox 968 1027 1077 1068; x_wconf 87' lang='lat' dir='ltr'>legalis</span> <span class='ocrx_word' id='word_1_163' title='bbox 1093 1038 1191 1069; x_wconf 87' lang='lat' dir='ltr'>quam</span> <span class='ocrx_word' id='word_1_164' title='bbox 1211 1028 1329 1058; x_wconf 89' lang='lat' dir='ltr'>iustitia</span> <span class='ocrx_word' id='word_1_165' title='bbox 1344 1026 1418 1057; x_wconf 90' lang='lat' dir='ltr'>fidei</span> 
     </span>
     <span class='ocr_line' id='line_1_22' title="bbox 344 1071 1416 1106; baseline -0.003 -2"><span class='ocrx_word' id='word_1_166' title='bbox 344 1073 484 1105; x_wconf 90' lang='lat' dir='ltr'>nobilior</span> <span class='ocrx_word' id='word_1_167' title='bbox 495 1081 542 1106; x_wconf 90' lang='lat' dir='ltr'>est</span> <span class='ocrx_word' id='word_1_168' title='bbox 558 1073 755 1104; x_wconf 87' lang='lat' dir='ltr'>fortitudine.</span> <span class='ocrx_word' id='word_1_169' title='bbox 774 1073 816 1104; x_wconf 91' lang='lat' dir='ltr'>Et</span> <span class='ocrx_word' id='word_1_170' title='bbox 830 1073 893 1103; x_wconf 87' lang='lat' dir='ltr'>hoc</span> <span class='ocrx_word' id='word_1_171' title='bbox 908 1072 1091 1103; x_wconf 77' lang='lat' dir='ltr'>intendebat</span> <span class='ocrx_word' id='word_1_172' title='bbox 1110 1074 1233 1102; x_wconf 85' lang='lat' dir='ltr'>Auctor</span> <span class='ocrx_word' id='word_1_173' title='bbox 1248 1071 1280 1102; x_wconf 89' lang='lat' dir='ltr'>in</span> <span class='ocrx_word' id='word_1_174' title='bbox 1294 1072 1352 1102; x_wconf 90' lang='lat' dir='ltr'>hac</span> <span class='ocrx_word' id='word_1_175' title='bbox 1368 1071 1416 1101; x_wconf 90' lang='lat' dir='ltr'>lit-</span> 
     </span>
     <span class='ocr_line' id='line_1_23' title="bbox 344 1115 1416 1159; baseline -0.004 -10"><span class='ocrx_word' id='word_1_176' title='bbox 344 1125 426 1155; x_wconf 88' lang='lat' dir='ltr'>tera,</span> <span class='ocrx_word' id='word_1_177' title='bbox 449 1126 481 1150; x_wconf 88' lang='lat' dir='ltr'>et</span> <span class='ocrx_word' id='word_1_178' title='bbox 503 1119 536 1149; x_wconf 91' lang='lat' dir='ltr'>in</span> <span class='ocrx_word' id='word_1_179' title='bbox 560 1117 769 1159; x_wconf 87' lang='lat' dir='ltr'>responsione</span> <span class='ocrx_word' id='word_1_180' title='bbox 792 1117 832 1148; x_wconf 85' lang='lat' dir='ltr'>ad</span> <span class='ocrx_word' id='word_1_181' title='bbox 861 1117 1004 1157; x_wconf 89' lang='lat' dir='ltr'>primum</span> <span class='ocrx_word' id='word_1_182' title='bbox 1034 1115 1248 1156; x_wconf 89' lang='lat' dir='ltr'>praecedentis</span> <span class='ocrx_word' id='word_1_183' title='bbox 1275 1115 1416 1151; x_wconf 78' lang='lat' dir='ltr'>articuli,</span> 
     </span>
    </p>
   </div>
   <div class='ocr_carea' id='block_1_11' title="bbox 344 1159 1445 1383">
    <p class='ocr_par' dir='ltr' id='par_1_11' title="bbox 344 1159 1445 1383">
     <span class='ocr_line' id='line_1_24' title="bbox 344 1159 1444 1203; baseline -0.005 -9"><span class='ocrx_word' id='word_1_184' title='bbox 344 1163 434 1203; x_wconf 87' lang='lat' dir='ltr'>quod</span> <span class='ocrx_word' id='word_1_185' title='bbox 450 1163 568 1194; x_wconf 89' lang='lat' dir='ltr'>scilicet</span> <span class='ocrx_word' id='word_1_186' title='bbox 583 1163 766 1203; x_wconf 86' lang='lat' dir='ltr'>regulariter</span> <span class='ocrx_word' id='word_1_187' title='bbox 781 1162 906 1192; x_wconf 89' lang='lat' dir='ltr'>bonum</span> <span class='ocrx_word' id='word_1_188' title='bbox 922 1160 955 1190; x_wconf 91' lang='lat' dir='ltr'>in</span> <span class='ocrx_word' id='word_1_189' title='bbox 970 1170 1037 1201; x_wconf 93' lang='lat' dir='ltr'>quo</span> <span class='ocrx_word' id='word_1_190' title='bbox 1054 1159 1144 1190; x_wconf 84' lang='lat' dir='ltr'>fortis</span> <span class='ocrx_word' id='word_1_191' title='bbox 1159 1159 1314 1195; x_wconf 88' lang='lat' dir='ltr'>firmatur,</span> <span class='ocrx_word' id='word_1_192' title='bbox 1331 1166 1362 1189; x_wconf 88' lang='lat' dir='ltr'>et</span> <span class='ocrx_word' id='word_1_193' title='bbox 1378 1159 1417 1189; x_wconf 88' lang='lat' dir='ltr'>ad</span> <span class='ocrx_word' id='word_1_194' title='bbox 1443 1187 1444 1190; x_wconf 76' lang='grc'>,</span> 
     </span>
     <span class='ocr_line' id='line_1_25' title="bbox 344 1204 1445 1248; baseline -0.005 -10"><span class='ocrx_word' id='word_1_195' title='bbox 344 1208 434 1248; x_wconf 89' lang='lat' dir='ltr'>quod</span> <span class='ocrx_word' id='word_1_196' title='bbox 458 1207 624 1238; x_wconf 86' lang='lat' dir='ltr'>ordinatur</span> <span class='ocrx_word' id='word_1_197' title='bbox 646 1213 682 1237; x_wconf 94' lang='lat' dir='ltr'>ut</span> <span class='ocrx_word' id='word_1_198' title='bbox 704 1205 803 1237; x_wconf 86' lang='lat' dir='ltr'>finem</span> <span class='ocrx_word' id='word_1_199' title='bbox 826 1205 1010 1245; x_wconf 88' lang='lat' dir='ltr'>proximum</span> <span class='ocrx_word' id='word_1_200' title='bbox 1034 1204 1184 1235; x_wconf 88' lang='lat' dir='ltr'>materiae</span> <span class='ocrx_word' id='word_1_201' title='bbox 1207 1204 1288 1234; x_wconf 90' lang='lat' dir='ltr'>circa</span> <span class='ocrx_word' id='word_1_202' title='bbox 1307 1213 1416 1244; x_wconf 85' lang='lat' dir='ltr'>quam,</span> <span class='ocrx_word' id='word_1_203' title='bbox 1443 1238 1445 1241; x_wconf 22' lang='grc' dir='ltr'>ι</span> 
     </span>
     <span class='ocr_line' id='line_1_26' title="bbox 344 1247 1445 1290; baseline -0.005 -7"><span class='ocrx_word' id='word_1_204' title='bbox 344 1259 391 1283; x_wconf 89' lang='lat' dir='ltr'>est</span> <span class='ocrx_word' id='word_1_205' title='bbox 414 1251 486 1283; x_wconf 88' lang='lat' dir='ltr'>finis</span> <span class='ocrx_word' id='word_1_206' title='bbox 509 1250 704 1283; x_wconf 86' lang='lat' dir='ltr'>fortitudinis</span> <span class='ocrx_word' id='word_1_207' title='bbox 721 1250 817 1282; x_wconf 88' lang='lat' dir='ltr'>etiam</span> <span class='ocrx_word' id='word_1_208' title='bbox 831 1259 869 1280; x_wconf 90' lang='lat' dir='ltr'>ex</span> <span class='ocrx_word' id='word_1_209' title='bbox 884 1255 971 1290; x_wconf 88' lang='lat' dir='ltr'>parte</span> <span class='ocrx_word' id='word_1_210' title='bbox 994 1255 1094 1279; x_wconf 86' lang='lat' dir='ltr'>actus.</span> <span class='ocrx_word' id='word_1_211' title='bbox 1119 1247 1206 1279; x_wconf 88' lang='lat' dir='ltr'>Cum</span> <span class='ocrx_word' id='word_1_212' title='bbox 1220 1258 1287 1288; x_wconf 93' lang='lat' dir='ltr'>quo</span> <span class='ocrx_word' id='word_1_213' title='bbox 1311 1255 1418 1279; x_wconf 87' lang='lat' dir='ltr'>tamen</span> <span class='ocrx_word' id='word_1_214' title='bbox 1443 1254 1445 1259; x_wconf 50' lang='lat'>⁸</span> 
     </span>
     <span class='ocr_line' id='line_1_27' title="bbox 344 1291 1445 1338; baseline -0.006 -10"><span class='ocrx_word' id='word_1_215' title='bbox 344 1296 517 1338; x_wconf 52' lang='lat' dir='ltr'>stat-quod</span> <span class='ocrx_word' id='word_1_216' title='bbox 541 1296 603 1326; x_wconf 90' lang='lat' dir='ltr'>hoc</span> <span class='ocrx_word' id='word_1_217' title='bbox 628 1305 694 1326; x_wconf 92' lang='lat' dir='ltr'>non</span> <span class='ocrx_word' id='word_1_218' title='bbox 718 1302 764 1325; x_wconf 90' lang='lat' dir='ltr'>est</span> <span class='ocrx_word' id='word_1_219' title='bbox 787 1302 1020 1335; x_wconf 86' lang='lat' dir='ltr'>usquequaque</span> <span class='ocrx_word' id='word_1_220' title='bbox 1044 1291 1259 1323; x_wconf 88' lang='lat' dir='ltr'>universaliter</span> <span class='ocrx_word' id='word_1_221' title='bbox 1285 1300 1416 1322; x_wconf 88' lang='lat' dir='ltr'>verum:</span> <span class='ocrx_word' id='word_1_222' title='bbox 1444 1327 1445 1330; x_wconf 11' lang='grc' dir='ltr'><strong>Ἴ</strong></span> 
     </span>
     <span class='ocr_line' id='line_1_28' title="bbox 344 1335 1445 1383; baseline -0.005 -11"><span class='ocrx_word' id='word_1_223' title='bbox 344 1340 419 1383; x_wconf 90' lang='lat' dir='ltr'>quia</span> <span class='ocrx_word' id='word_1_224' title='bbox 434 1341 466 1371; x_wconf 89' lang='lat' dir='ltr'>in</span> <span class='ocrx_word' id='word_1_225' title='bbox 491 1339 677 1371; x_wconf 89' lang='lat' dir='ltr'>fortitudine</span> <span class='ocrx_word' id='word_1_226' title='bbox 693 1337 869 1377; x_wconf 81' lang='lat' dir='ltr'>monastica</span> <span class='ocrx_word' id='word_1_227' title='bbox 885 1338 1010 1368; x_wconf 88' lang='lat' dir='ltr'>bonum</span> <span class='ocrx_word' id='word_1_228' title='bbox 1026 1336 1059 1367; x_wconf 90' lang='lat' dir='ltr'>in</span> <span class='ocrx_word' id='word_1_229' title='bbox 1075 1345 1142 1377; x_wconf 92' lang='lat' dir='ltr'>quo</span> <span class='ocrx_word' id='word_1_230' title='bbox 1159 1335 1248 1367; x_wconf 86' lang='lat' dir='ltr'>fortis</span> <span class='ocrx_word' id='word_1_231' title='bbox 1263 1335 1417 1372; x_wconf 89' lang='lat' dir='ltr'>firmatur,</span> <span class='ocrx_word' id='word_1_232' title='bbox 1444 1335 1445 1367; x_wconf 57' lang='grc' dir='ltr'>ζ</span> 
     </span>
    </p>
   </div>
   <div class='ocr_carea' id='block_1_12' title="bbox 344 1380 1418 1426">
    <p class='ocr_par' dir='ltr' id='par_1_12' title="bbox 344 1380 1418 1426">
     <span class='ocr_line' id='line_1_29' title="bbox 344 1380 1418 1426; baseline -0.006 -10"><span class='ocrx_word' id='word_1_233' title='bbox 344 1392 375 1416; x_wconf 88' lang='lat' dir='ltr'>et</span> <span class='ocrx_word' id='word_1_234' title='bbox 398 1385 438 1416; x_wconf 87' lang='lat' dir='ltr'>ad</span> <span class='ocrx_word' id='word_1_235' title='bbox 463 1385 552 1426; x_wconf 90' lang='lat' dir='ltr'>quod</span> <span class='ocrx_word' id='word_1_236' title='bbox 575 1392 730 1424; x_wconf 83' lang='lat' dir='ltr'>tanquam</span> <span class='ocrx_word' id='word_1_237' title='bbox 753 1383 786 1413; x_wconf 90' lang='lat' dir='ltr'>in</span> <span class='ocrx_word' id='word_1_238' title='bbox 810 1383 934 1413; x_wconf 89' lang='lat' dir='ltr'>bonum</span> <span class='ocrx_word' id='word_1_239' title='bbox 964 1380 1111 1412; x_wconf 89' lang='lat' dir='ltr'>materiae</span> <span class='ocrx_word' id='word_1_240' title='bbox 1141 1380 1221 1411; x_wconf 90' lang='lat' dir='ltr'>circa</span> <span class='ocrx_word' id='word_1_241' title='bbox 1245 1390 1344 1421; x_wconf 90' lang='lat' dir='ltr'>quam</span> <span class='ocrx_word' id='word_1_242' title='bbox 1367 1390 1418 1411; x_wconf 87' lang='lat' dir='ltr'>or·</span> 
     </span>
    </p>
   </div>
   <div class='ocr_carea' id='block_1_13' title="bbox 344 1423 1445 1514">
    <p class='ocr_par' dir='ltr' id='par_1_13' title="bbox 344 1423 1445 1514">
     <span class='ocr_line' id='line_1_30' title="bbox 344 1423 1445 1468; baseline -0.005 -8"><span class='ocrx_word' id='word_1_243' title='bbox 344 1429 472 1460; x_wconf 67' lang='lat' dir='ltr'>diruatur</span> <span class='ocrx_word' id='word_1_244' title='bbox 495 1428 618 1460; x_wconf 87' lang='lat' dir='ltr'>fortiter</span> <span class='ocrx_word' id='word_1_245' title='bbox 645 1437 755 1468; x_wconf 85' lang='lat' dir='ltr'>agere,</span> <span class='ocrx_word' id='word_1_246' title='bbox 781 1433 828 1457; x_wconf 88' lang='lat' dir='ltr'>est</span> <span class='ocrx_word' id='word_1_247' title='bbox 857 1426 964 1457; x_wconf 89' lang='lat' dir='ltr'>solum</span> <span class='ocrx_word' id='word_1_248' title='bbox 987 1424 1060 1456; x_wconf 85' lang='lat' dir='ltr'>finis</span> <span class='ocrx_word' id='word_1_249' title='bbox 1087 1425 1270 1465; x_wconf 84' lang='lat' dir='ltr'>principalis</span> <span class='ocrx_word' id='word_1_250' title='bbox 1293 1424 1418 1456; x_wconf 87' lang='lat' dir='ltr'>fortitu-</span> <span class='ocrx_word' id='word_1_251' title='bbox 1444 1423 1445 1459; x_wconf 64' lang='grc' dir='ltr'>ξ</span> 
     </span>
     <span class='ocr_line' id='line_1_31' title="bbox 345 1469 1445 1514; baseline -0.005 -10"><span class='ocrx_word' id='word_1_252' title='bbox 345 1474 426 1504; x_wconf 90' lang='lat' dir='ltr'>dinis</span> <span class='ocrx_word' id='word_1_253' title='bbox 450 1483 487 1504; x_wconf 91' lang='lat' dir='ltr'>ex</span> <span class='ocrx_word' id='word_1_254' title='bbox 511 1479 599 1514; x_wconf 88' lang='lat' dir='ltr'>parte</span> <span class='ocrx_word' id='word_1_255' title='bbox 622 1471 782 1507; x_wconf 88' lang='lat' dir='ltr'>materiae,</span> <span class='ocrx_word' id='word_1_256' title='bbox 803 1477 834 1501; x_wconf 92' lang='lat' dir='ltr'>et</span> <span class='ocrx_word' id='word_1_257' title='bbox 857 1481 894 1502; x_wconf 81' lang='lat' dir='ltr'>ex</span> <span class='ocrx_word' id='word_1_258' title='bbox 918 1477 1006 1511; x_wconf 88' lang='lat' dir='ltr'>parte</span> <span class='ocrx_word' id='word_1_259' title='bbox 1029 1476 1118 1500; x_wconf 85' lang='lat' dir='ltr'>actus</span> <span class='ocrx_word' id='word_1_260' title='bbox 1135 1479 1200 1500; x_wconf 91' lang='lat' dir='ltr'>non</span> <span class='ocrx_word' id='word_1_261' title='bbox 1217 1477 1264 1500; x_wconf 85' lang='lat' dir='ltr'>est</span> <span class='ocrx_word' id='word_1_262' title='bbox 1287 1469 1347 1500; x_wconf 84' lang='lat' dir='ltr'>nisi</span> <span class='ocrx_word' id='word_1_263' title='bbox 1371 1479 1418 1500; x_wconf 88' lang='lat' dir='ltr'>se·</span> <span class='ocrx_word' id='word_1_264' title='bbox 1444 1476 1445 1498; x_wconf 78' lang='lat'>1</span> 
     </span>
    </p>
   </div>
   <div class='ocr_carea' id='block_1_14' title="bbox 343 1513 1418 1601">
    <p class='ocr_par' dir='ltr' id='par_1_14' title="bbox 343 1513 1418 1601">
     <span class='ocr_line' id='line_1_32' title="bbox 344 1513 1418 1556; baseline -0.005 -7"><span class='ocrx_word' id='word_1_265' title='bbox 344 1517 515 1550; x_wconf 86' lang='lat' dir='ltr'>cundarius</span> <span class='ocrx_word' id='word_1_266' title='bbox 537 1515 620 1548; x_wconf 84' lang='lat' dir='ltr'>finis.</span> <span class='ocrx_word' id='word_1_267' title='bbox 644 1516 686 1547; x_wconf 90' lang='lat' dir='ltr'>Et</span> <span class='ocrx_word' id='word_1_268' title='bbox 708 1525 764 1556; x_wconf 90' lang='lat' dir='ltr'>per</span> <span class='ocrx_word' id='word_1_269' title='bbox 786 1515 864 1546; x_wconf 86' lang='lat' dir='ltr'>haec</span> <span class='ocrx_word' id='word_1_270' title='bbox 888 1521 975 1555; x_wconf 85' lang='lat' dir='ltr'>patet</span> <span class='ocrx_word' id='word_1_271' title='bbox 997 1513 1151 1545; x_wconf 86' lang='lat' dir='ltr'>resolutio</span> <span class='ocrx_word' id='word_1_272' title='bbox 1168 1513 1264 1545; x_wconf 89' lang='lat' dir='ltr'>huius</span> <span class='ocrx_word' id='word_1_273' title='bbox 1284 1513 1418 1544; x_wconf 88' lang='lat' dir='ltr'>difficul-</span> 
     </span>
     <span class='ocr_line' id='line_1_33' title="bbox 343 1558 1044 1601; baseline -0.007 -7"><span class='ocrx_word' id='word_1_274' title='bbox 343 1561 426 1598; x_wconf 84' lang='lat' dir='ltr'>tatis,</span> <span class='ocrx_word' id='word_1_275' title='bbox 451 1569 483 1593; x_wconf 89' lang='lat' dir='ltr'>et</span> <span class='ocrx_word' id='word_1_276' title='bbox 505 1561 683 1593; x_wconf 87' lang='lat' dir='ltr'>intellectus</span> <span class='ocrx_word' id='word_1_277' title='bbox 707 1559 849 1601; x_wconf 89' lang='lat' dir='ltr'>plurium</span> <span class='ocrx_word' id='word_1_278' title='bbox 874 1558 1044 1590; x_wconf 89' lang='lat' dir='ltr'>dictorum.</span> 
     </span>
    </p>
   </div>
   <div class='ocr_carea' id='block_1_15' title="bbox 342 1602 1447 1690">
    <p class='ocr_par' dir='ltr' id='par_1_15' title="bbox 342 1602 1447 1690">
     <span class='ocr_line' id='line_1_34' title="bbox 401 1602 1446 1638; baseline -0.005 -1"><span class='ocrx_word' id='word_1_279' title='bbox 401 1606 454 1637; x_wconf 88' lang='lat' dir='ltr'>lV.</span> <span class='ocrx_word' id='word_1_280' title='bbox 480 1606 515 1636; x_wconf 85' lang='lat' dir='ltr'>In</span> <span class='ocrx_word' id='word_1_281' title='bbox 539 1606 655 1636; x_wconf 89' lang='lat' dir='ltr'>eodem</span> <span class='ocrx_word' id='word_1_282' title='bbox 677 1604 770 1636; x_wconf 90' lang='lat' dir='ltr'>tertio</span> <span class='ocrx_word' id='word_1_283' title='bbox 795 1603 929 1635; x_wconf 90' lang='lat' dir='ltr'>articulo</span> <span class='ocrx_word' id='word_1_284' title='bbox 954 1603 1088 1634; x_wconf 90' lang='lat' dir='ltr'>dubium</span> <span class='ocrx_word' id='word_1_285' title='bbox 1117 1602 1254 1634; x_wconf 91' lang='lat' dir='ltr'>occurrit</span> <span class='ocrx_word' id='word_1_286' title='bbox 1277 1611 1314 1632; x_wconf 92' lang='lat' dir='ltr'>ex</span> <span class='ocrx_word' id='word_1_287' title='bbox 1337 1603 1419 1633; x_wconf 90' lang='lat' dir='ltr'>Mar·</span> <span class='ocrx_word' id='word_1_288' title='bbox 1445 1634 1446 1638; x_wconf 52' lang='grc'>,</span> 
     </span>
     <span class='ocr_line' id='line_1_35' title="bbox 342 1647 1447 1690; baseline -0.005 -8"><span class='ocrx_word' id='word_1_289' title='bbox 342 1650 422 1686; x_wconf 87' lang='lat' dir='ltr'>tino,</span> <span class='ocrx_word' id='word_1_290' title='bbox 436 1650 469 1681; x_wconf 92' lang='lat' dir='ltr'>in</span> <span class='ocrx_word' id='word_1_291' title='bbox 481 1650 568 1681; x_wconf 90' lang='lat' dir='ltr'>dicto</span> <span class='ocrx_word' id='word_1_292' title='bbox 580 1656 712 1681; x_wconf 85' lang='lat' dir='ltr'>tractatu</span> <span class='ocrx_word' id='word_1_293' title='bbox 724 1648 752 1686; x_wconf 82' lang='grc'>*,</span> <span class='ocrx_word' id='word_1_294' title='bbox 769 1658 823 1690; x_wconf 91' lang='lat' dir='ltr'>qu.</span> <span class='ocrx_word' id='word_1_295' title='bbox 840 1647 918 1684; x_wconf 75' lang='lat'>11¹⁸*,</span> <span class='ocrx_word' id='word_1_296' title='bbox 936 1647 1015 1679; x_wconf 87' lang='lat' dir='ltr'>circa</span> <span class='ocrx_word' id='word_1_297' title='bbox 1030 1647 1129 1678; x_wconf 87' lang='lat' dir='ltr'>illud:</span> <span class='ocrx_word' id='word_1_298' title='bbox 1150 1647 1354 1688; x_wconf 82' lang='lat' dir='ltr'>Martyrium</span> <span class='ocrx_word' id='word_1_299' title='bbox 1371 1647 1419 1677; x_wconf 89' lang='lat' dir='ltr'>in·</span> <span class='ocrx_word' id='word_1_300' title='bbox 1445 1677 1447 1682; x_wconf 19' lang='grc' dir='ltr'><strong>Α</strong></span> 
     </span>
    </p>
   </div>
   <div class='ocr_carea' id='block_1_16' title="bbox 312 1691 1418 1734">
    <p class='ocr_par' dir='ltr' id='par_1_16' title="bbox 312 1691 1418 1734">
     <span class='ocr_line' id='line_1_36' title="bbox 312 1691 1418 1734; baseline -0.005 -7"><span class='ocrx_word' id='word_1_301' title='bbox 312 1699 317 1704; x_wconf 89' lang='grc'><strong>”</strong></span> <span class='ocrx_word' id='word_1_302' title='bbox 344 1701 396 1727; x_wconf 76' lang='lat' dir='ltr'>ter</span> <span class='ocrx_word' id='word_1_303' title='bbox 414 1699 538 1726; x_wconf 80' lang='lat' dir='ltr'>ceteros</span> <span class='ocrx_word' id='word_1_304' title='bbox 559 1700 652 1726; x_wconf 81' lang='lat' dir='ltr'>actus</span> <span class='ocrx_word' id='word_1_305' title='bbox 674 1694 833 1724; x_wconf 75' lang='lat' dir='ltr'>hmnos</span> <span class='ocrx_word' id='word_1_306' title='bbox 856 1698 904 1724; x_wconf 86' lang='lat' dir='ltr'>est</span> <span class='ocrx_word' id='word_1_307' title='bbox 921 1692 1101 1734; x_wconf 74' lang='lat' dir='ltr'>perfectior</span> <span class='ocrx_word' id='word_1_308' title='bbox 1122 1691 1300 1723; x_wconf 81' lang='lat' dir='ltr'>secundum</span> <span class='ocrx_word' id='word_1_309' title='bbox 1323 1701 1418 1722; x_wconf 86' lang='lat' dir='ltr'>suum</span> 
     </span>
    </p>
   </div>
   <div class='ocr_carea' id='block_1_17' title="bbox 342 1736 1447 1824">
    <p class='ocr_par' dir='ltr' id='par_1_17' title="bbox 342 1736 1447 1824">
     <span class='ocr_line' id='line_1_37' title="bbox 343 1736 1447 1782; baseline -0.005 -10"><span class='ocrx_word' id='word_1_310' title='bbox 343 1749 460 1782; x_wconf 71' lang='lat' dir='ltr'>genus,</span> <span class='ocrx_word' id='word_1_311' title='bbox 471 1769 477 1773; x_wconf 74' lang='grc'>,,</span> <span class='ocrx_word' id='word_1_312' title='bbox 485 1740 579 1780; x_wconf 80' lang='lat' dir='ltr'>quasi</span> <span class='ocrx_word' id='word_1_313' title='bbox 600 1739 765 1770; x_wconf 80' lang='lat' dir='ltr'>maximae</span> <span class='ocrx_word' id='word_1_314' title='bbox 787 1739 935 1769; x_wconf 84' lang='lat' dir='ltr'>caritatis</span> <span class='ocrx_word' id='word_1_315' title='bbox 955 1738 1098 1779; x_wconf 76' lang='lat' dir='ltr'>signum.</span> <span class='ocrx_word' id='word_1_316' title='bbox 1124 1736 1238 1777; x_wconf 83' lang='lat' dir='ltr'>Arguit</span> <span class='ocrx_word' id='word_1_317' title='bbox 1260 1736 1420 1777; x_wconf 88' lang='lat' dir='ltr'>siquidem</span> <span class='ocrx_word' id='word_1_318' title='bbox 1446 1767 1447 1771; x_wconf 61' lang='grc'>,</span> 
     </span>
     <span class='ocr_line' id='line_1_38' title="bbox 342 1780 1447 1824; baseline -0.007 -6"><span class='ocrx_word' id='word_1_319' title='bbox 342 1784 500 1818; x_wconf 76' lang='lat' dir='ltr'>Martinus</span> <span class='ocrx_word' id='word_1_320' title='bbox 515 1783 695 1824; x_wconf 88' lang='lat' dir='ltr'>dupliciter.</span> <span class='ocrx_word' id='word_1_321' title='bbox 711 1782 832 1819; x_wconf 88' lang='lat' dir='ltr'>Primo,</span> <span class='ocrx_word' id='word_1_322' title='bbox 849 1789 959 1814; x_wconf 86' lang='lat' dir='ltr'>contra</span> <span class='ocrx_word' id='word_1_323' title='bbox 974 1780 1308 1822; x_wconf 81' lang='lat' dir='ltr'>negativam‚scilicet:</span> <span class='ocrx_word' id='word_1_324' title='bbox 1327 1781 1419 1811; x_wconf 88' lang='lat' dir='ltr'>Mar·</span> <span class='ocrx_word' id='word_1_325' title='bbox 1446 1791 1447 1794; x_wconf 50' lang='lat'>¹</span> 
     </span>
    </p>
   </div>
   <div class='ocr_carea' id='block_1_18' title="bbox 343 1825 1421 1959">
    <p class='ocr_par' dir='ltr' id='par_1_18' title="bbox 343 1825 1421 1959">
     <span class='ocr_line' id='line_1_39' title="bbox 343 1825 1420 1871; baseline -0.006 -10"><span class='ocrx_word' id='word_1_326' title='bbox 343 1830 481 1871; x_wconf 69' lang='lat' dir='ltr'>tyrium,</span> <span class='ocrx_word' id='word_1_327' title='bbox 502 1828 641 1859; x_wconf 84' lang='lat' dir='ltr'>relatum</span> <span class='ocrx_word' id='word_1_328' title='bbox 665 1827 709 1858; x_wconf 86' lang='lat' dir='ltr'>ad</span> <span class='ocrx_word' id='word_1_329' title='bbox 732 1827 882 1858; x_wconf 78' lang='lat' dir='ltr'>virtutem</span> <span class='ocrx_word' id='word_1_330' title='bbox 900 1827 1055 1868; x_wconf 83' lang='lat' dir='ltr'>proxime</span> <span class='ocrx_word' id='word_1_331' title='bbox 1078 1825 1267 1863; x_wconf 83' lang='lat' dir='ltr'>elicientem,</span> <span class='ocrx_word' id='word_1_332' title='bbox 1285 1834 1349 1855; x_wconf 88' lang='lat' dir='ltr'>non</span> <span class='ocrx_word' id='word_1_333' title='bbox 1374 1830 1420 1856; x_wconf 83' lang='lat' dir='ltr'>est</span> 
     </span>
     <span class='ocr_line' id='line_1_40' title="bbox 343 1868 1421 1914; baseline -0.005 -9"><span class='ocrx_word' id='word_1_334' title='bbox 343 1878 437 1905; x_wconf 83' lang='lat' dir='ltr'>actus</span> <span class='ocrx_word' id='word_1_335' title='bbox 446 1872 712 1914; x_wconf 72' lang='lat' dir='ltr'>perfectissimus.</span> <span class='ocrx_word' id='word_1_336' title='bbox 737 1871 896 1906; x_wconf 90' lang='lat' dir='ltr'>Secundo,</span> <span class='ocrx_word' id='word_1_337' title='bbox 915 1877 1024 1901; x_wconf 84' lang='lat' dir='ltr'>contra</span> <span class='ocrx_word' id='word_1_338' title='bbox 1043 1869 1279 1900; x_wconf 83' lang='lat' dir='ltr'>affirmativam:</span> <span class='ocrx_word' id='word_1_339' title='bbox 1304 1868 1421 1900; x_wconf 89' lang='lat' dir='ltr'>scilicet</span> 
     </span>
     <span class='ocr_line' id='line_1_41' title="bbox 343 1913 1421 1959; baseline -0.005 -11"><span class='ocrx_word' id='word_1_340' title='bbox 343 1917 434 1959; x_wconf 63' lang='lat' dir='ltr'>‘quod</span> <span class='ocrx_word' id='word_1_341' title='bbox 459 1917 658 1958; x_wconf 62' lang='lat' dir='ltr'>mar-mitem</span> <span class='ocrx_word' id='word_1_342' title='bbox 683 1920 731 1947; x_wconf 81' lang='lat' dir='ltr'>est</span> <span class='ocrx_word' id='word_1_343' title='bbox 745 1919 838 1946; x_wconf 82' lang='lat' dir='ltr'>actus</span> <span class='ocrx_word' id='word_1_344' title='bbox 854 1913 1124 1956; x_wconf 66' lang='lat' dir='ltr'>perfectissimus,</span> <span class='ocrx_word' id='word_1_345' title='bbox 1141 1914 1236 1955; x_wconf 81' lang='lat' dir='ltr'>quasi</span> <span class='ocrx_word' id='word_1_346' title='bbox 1258 1914 1421 1944; x_wconf 82' lang='lat' dir='ltr'>maximae</span> 
     </span>
    </p>
   </div>
   <div class='ocr_carea' id='block_1_19' title="bbox 186 1962 659 2004">
    <p class='ocr_par' dir='ltr' id='par_1_19' title="bbox 186 1962 659 2004">
     <span class='ocr_line' id='line_1_42' title="bbox 186 1962 659 2004; baseline -0.008 -9"><span class='ocrx_word' id='word_1_347' title='bbox 186 1967 202 2004; x_wconf 36' lang='lat' dir='ltr'>‘f</span> <span class='ocrx_word' id='word_1_348' title='bbox 230 1967 245 1973; x_wconf 79' lang='grc'><strong><em>”</em></strong></span> <span class='ocrx_word' id='word_1_349' title='bbox 262 1963 267 1979; x_wconf 74' lang='grc'>’·</span> <span class='ocrx_word' id='word_1_350' title='bbox 302 2000 304 2002; x_wconf 42' lang='grc'><strong>,</strong></span> <span class='ocrx_word' id='word_1_351' title='bbox 344 1963 493 1994; x_wconf 68' lang='lat' dir='ltr'>caritatis</span> <span class='ocrx_word' id='word_1_352' title='bbox 515 1962 659 2002; x_wconf 79' lang='lat' dir='ltr'>signum.</span> 
     </span>
    </p>
   </div>
   <div class='ocr_carea' id='block_1_20' title="bbox 402 2002 1418 2046">
    <p class='ocr_par' dir='ltr' id='par_1_20' title="bbox 402 2002 1418 2046">
     <span class='ocr_line' id='line_1_43' title="bbox 402 2002 1418 2046; baseline -0.005 -9"><span class='ocrx_word' id='word_1_353' title='bbox 402 2005 516 2046; x_wconf 81' lang='lat' dir='ltr'>Arguit</span> <span class='ocrx_word' id='word_1_354' title='bbox 539 2005 635 2046; x_wconf 82' lang='lat' dir='ltr'>igitur</span> <span class='ocrx_word' id='word_1_355' title='bbox 657 2003 764 2045; x_wconf 89' lang='lat' dir='ltr'>primo</span> <span class='ocrx_word' id='word_1_356' title='bbox 787 2003 840 2035; x_wconf 83' lang='lat' dir='ltr'>sic.</span> <span class='ocrx_word' id='word_1_357' title='bbox 866 2003 954 2034; x_wconf 83' lang='lat' dir='ltr'>Idem</span> <span class='ocrx_word' id='word_1_358' title='bbox 973 2010 1020 2034; x_wconf 90' lang='lat' dir='ltr'>est</span> <span class='ocrx_word' id='word_1_359' title='bbox 1043 2002 1231 2044; x_wconf 79' lang='lat' dir='ltr'>martyrium</span> <span class='ocrx_word' id='word_1_360' title='bbox 1251 2002 1340 2043; x_wconf 91' lang='lat' dir='ltr'>quod</span> <span class='ocrx_word' id='word_1_361' title='bbox 1363 2002 1418 2033; x_wconf 88' lang='lat' dir='ltr'>eli—</span> 
     </span>
    </p>
   </div>
   <div class='ocr_carea' id='block_1_21' title="bbox 344 2046 1448 2091">
    <p class='ocr_par' dir='ltr' id='par_1_21' title="bbox 344 2046 1448 2091">
     <span class='ocr_line' id='line_1_44' title="bbox 344 2046 1448 2091; baseline -0.004 -9"><span class='ocrx_word' id='word_1_362' title='bbox 344 2051 428 2082; x_wconf 87' lang='lat' dir='ltr'>citur</span> <span class='ocrx_word' id='word_1_363' title='bbox 451 2049 594 2091; x_wconf 84' lang='lat' dir='ltr'>proxime</span> <span class='ocrx_word' id='word_1_364' title='bbox 619 2049 658 2080; x_wconf 86' lang='lat' dir='ltr'>ab</span> <span class='ocrx_word' id='word_1_365' title='bbox 681 2048 788 2089; x_wconf 86' lang='lat' dir='ltr'>aliqua</span> <span class='ocrx_word' id='word_1_366' title='bbox 810 2048 936 2084; x_wconf 87' lang='lat' dir='ltr'>virtute,</span> <span class='ocrx_word' id='word_1_367' title='bbox 957 2054 987 2078; x_wconf 87' lang='lat' dir='ltr'>et</span> <span class='ocrx_word' id='word_1_368' title='bbox 1010 2047 1050 2078; x_wconf 87' lang='lat' dir='ltr'>ad</span> <span class='ocrx_word' id='word_1_369' title='bbox 1073 2047 1163 2088; x_wconf 92' lang='lat' dir='ltr'>quod</span> <span class='ocrx_word' id='word_1_370' title='bbox 1182 2046 1288 2087; x_wconf 87' lang='lat' dir='ltr'>primo</span> <span class='ocrx_word' id='word_1_371' title='bbox 1312 2054 1422 2078; x_wconf 88' lang='lat' dir='ltr'>movet</span> <span class='ocrx_word' id='word_1_372' title='bbox 1446 2082 1448 2087; x_wconf 40' lang='lat'>‹</span> 
     </span>
    </p>
   </div>
   <div class='ocr_carea' id='block_1_22' title="bbox 347 2091 1421 2134">
    <p class='ocr_par' dir='ltr' id='par_1_22' title="bbox 347 2091 1421 2134">
     <span class='ocr_line' id='line_1_45' title="bbox 347 2091 1421 2134; baseline -0.004 -8"><span class='ocrx_word' id='word_1_373' title='bbox 347 2095 468 2126; x_wconf 86' lang='lat' dir='ltr'>caritas.</span> <span class='ocrx_word' id='word_1_374' title='bbox 493 2094 556 2126; x_wconf 88' lang='lat' dir='ltr'>Sed</span> <span class='ocrx_word' id='word_1_375' title='bbox 578 2093 767 2134; x_wconf 89' lang='lat' dir='ltr'>martyrium</span> <span class='ocrx_word' id='word_1_376' title='bbox 790 2093 830 2123; x_wconf 92' lang='lat' dir='ltr'>ad</span> <span class='ocrx_word' id='word_1_377' title='bbox 853 2092 943 2133; x_wconf 91' lang='lat' dir='ltr'>quod</span> <span class='ocrx_word' id='word_1_378' title='bbox 967 2091 1072 2133; x_wconf 89' lang='lat' dir='ltr'>primo</span> <span class='ocrx_word' id='word_1_379' title='bbox 1097 2098 1206 2122; x_wconf 87' lang='lat' dir='ltr'>movet</span> <span class='ocrx_word' id='word_1_380' title='bbox 1230 2091 1350 2127; x_wconf 77' lang='lat' dir='ltr'>caritas,</span> <span class='ocrx_word' id='word_1_381' title='bbox 1374 2098 1421 2122; x_wconf 88' lang='lat' dir='ltr'>est</span> 
     </span>
    </p>
   </div>
   <div class='ocr_carea' id='block_1_23' title="bbox 347 2135 1447 2268">
    <p class='ocr_par' dir='ltr' id='par_1_23' title="bbox 347 2135 1447 2268">
     <span class='ocr_line' id='line_1_46' title="bbox 347 2135 1447 2181; baseline -0.005 -10"><span class='ocrx_word' id='word_1_382' title='bbox 347 2147 435 2171; x_wconf 89' lang='lat' dir='ltr'>actus</span> <span class='ocrx_word' id='word_1_383' title='bbox 451 2137 709 2181; x_wconf 83' lang='lat' dir='ltr'>perfectissimus.</span> <span class='ocrx_word' id='word_1_384' title='bbox 735 2137 819 2177; x_wconf 90' lang='lat' dir='ltr'>Ergo</span> <span class='ocrx_word' id='word_1_385' title='bbox 844 2135 1031 2178; x_wconf 89' lang='lat' dir='ltr'>martyrium</span> <span class='ocrx_word' id='word_1_386' title='bbox 1056 2135 1233 2166; x_wconf 88' lang='lat' dir='ltr'>secundum</span> <span class='ocrx_word' id='word_1_387' title='bbox 1253 2135 1341 2176; x_wconf 94' lang='lat' dir='ltr'>quod</span> <span class='ocrx_word' id='word_1_388' title='bbox 1366 2136 1418 2166; x_wconf 91' lang='lat' dir='ltr'>eli·</span> <span class='ocrx_word' id='word_1_389' title='bbox 1446 2169 1447 2180; x_wconf 15' lang='grc' dir='ltr'>ἵ</span> 
     </span>
     <span class='ocr_line' id='line_1_47' title="bbox 347 2178 1447 2224; baseline -0.005 -9"><span class='ocrx_word' id='word_1_390' title='bbox 347 2183 428 2215; x_wconf 88' lang='lat' dir='ltr'>citur</span> <span class='ocrx_word' id='word_1_391' title='bbox 450 2183 595 2224; x_wconf 86' lang='lat' dir='ltr'>proxime</span> <span class='ocrx_word' id='word_1_392' title='bbox 618 2183 657 2213; x_wconf 84' lang='lat' dir='ltr'>ab</span> <span class='ocrx_word' id='word_1_393' title='bbox 681 2181 788 2222; x_wconf 86' lang='lat' dir='ltr'>aliqua</span> <span class='ocrx_word' id='word_1_394' title='bbox 810 2181 935 2216; x_wconf 89' lang='lat' dir='ltr'>virtute,</span> <span class='ocrx_word' id='word_1_395' title='bbox 952 2187 999 2211; x_wconf 90' lang='lat' dir='ltr'>est</span> <span class='ocrx_word' id='word_1_396' title='bbox 1015 2178 1261 2220; x_wconf 86' lang='lat' dir='ltr'>perfectissimus</span> <span class='ocrx_word' id='word_1_397' title='bbox 1284 2186 1382 2210; x_wconf 86' lang='lat' dir='ltr'>actus.</span> <span class='ocrx_word' id='word_1_398' title='bbox 1399 2197 1420 2203; x_wconf 93' lang='lat'><em>-</em></span> <span class='ocrx_word' id='word_1_399' title='bbox 1446 2198 1447 2224; x_wconf 69' lang='lat'>3</span> 
     </span>
     <span class='ocr_line' id='line_1_48' title="bbox 347 2224 1447 2268; baseline -0.005 -9"><span class='ocrx_word' id='word_1_400' title='bbox 347 2228 388 2259; x_wconf 80' lang='lat' dir='ltr'>Et</span> <span class='ocrx_word' id='word_1_401' title='bbox 409 2228 435 2259; x_wconf 88' lang='lat' dir='ltr'>si</span> <span class='ocrx_word' id='word_1_402' title='bbox 459 2228 499 2259; x_wconf 87' lang='lat' dir='ltr'>ad</span> <span class='ocrx_word' id='word_1_403' title='bbox 523 2227 586 2258; x_wconf 88' lang='lat' dir='ltr'>hoc</span> <span class='ocrx_word' id='word_1_404' title='bbox 607 2226 836 2266; x_wconf 85' lang='lat' dir='ltr'>respondeatur</span> <span class='ocrx_word' id='word_1_405' title='bbox 858 2225 948 2266; x_wconf 91' lang='lat' dir='ltr'>quod</span> <span class='ocrx_word' id='word_1_406' title='bbox 971 2234 1009 2255; x_wconf 89' lang='lat' dir='ltr'>ex</span> <span class='ocrx_word' id='word_1_407' title='bbox 1031 2224 1212 2264; x_wconf 86' lang='lat' dir='ltr'>praemissis</span> <span class='ocrx_word' id='word_1_408' title='bbox 1233 2224 1422 2264; x_wconf 83' lang='lat' dir='ltr'>simpliciter</span> <span class='ocrx_word' id='word_1_409' title='bbox 1446 2265 1447 2268; x_wconf 11' lang='grc' dir='ltr'><strong>Ἴ</strong></span> 
     </span>
    </p>
   </div>
   <div class='ocr_carea' id='block_1_24' title="bbox 337 2268 1421 2487">
    <p class='ocr_par' dir='ltr' id='par_1_24' title="bbox 337 2268 1421 2487">
     <span class='ocr_line' id='line_1_49' title="bbox 346 2268 1421 2311; baseline -0.004 -7"><span class='ocrx_word' id='word_1_410' title='bbox 346 2278 379 2304; x_wconf 78' lang='lat' dir='ltr'>et</span> <span class='ocrx_word' id='word_1_411' title='bbox 399 2272 545 2304; x_wconf 75' lang='lat' dir='ltr'>absolute</span> <span class='ocrx_word' id='word_1_412' title='bbox 566 2281 634 2302; x_wconf 89' lang='lat' dir='ltr'>non</span> <span class='ocrx_word' id='word_1_413' title='bbox 649 2269 794 2311; x_wconf 83' lang='lat' dir='ltr'>sequitur</span> <span class='ocrx_word' id='word_1_414' title='bbox 809 2268 974 2300; x_wconf 82' lang='lat' dir='ltr'>conclusio</span> <span class='ocrx_word' id='word_1_415' title='bbox 991 2278 1067 2299; x_wconf 91' lang='lat' dir='ltr'>cum</span> <span class='ocrx_word' id='word_1_416' title='bbox 1079 2268 1112 2310; x_wconf 91' lang='lat' dir='ltr'>ly</span> <span class='ocrx_word' id='word_1_417' title='bbox 1127 2268 1303 2300; x_wconf 81' lang='lat' dir='ltr'>secundum</span> <span class='ocrx_word' id='word_1_418' title='bbox 1319 2268 1421 2309; x_wconf 79' lang='lat' dir='ltr'>quod.-</span> 
     </span>
     <span class='ocr_line' id='line_1_50' title="bbox 346 2313 1419 2356; baseline -0.005 -8"><span class='ocrx_word' id='word_1_419' title='bbox 346 2324 377 2349; x_wconf 80' lang='lat' dir='ltr'>et</span> <span class='ocrx_word' id='word_1_420' title='bbox 399 2323 506 2348; x_wconf 84' lang='lat' dir='ltr'>tamen</span> <span class='ocrx_word' id='word_1_421' title='bbox 530 2315 582 2347; x_wconf 88' lang='lat' dir='ltr'>hic</span> <span class='ocrx_word' id='word_1_422' title='bbox 596 2314 730 2347; x_wconf 82' lang='lat' dir='ltr'>infertur</span> <span class='ocrx_word' id='word_1_423' title='bbox 748 2314 839 2356; x_wconf 91' lang='lat' dir='ltr'>quod</span> <span class='ocrx_word' id='word_1_424' title='bbox 854 2313 1052 2355; x_wconf 89' lang='lat' dir='ltr'>martyrium,</span> <span class='ocrx_word' id='word_1_425' title='bbox 1067 2313 1244 2344; x_wconf 86' lang='lat' dir='ltr'>secundum</span> <span class='ocrx_word' id='word_1_426' title='bbox 1259 2313 1345 2354; x_wconf 83' lang='lat' dir='ltr'>quod</span> <span class='ocrx_word' id='word_1_427' title='bbox 1363 2313 1419 2343; x_wconf 87' lang='lat' dir='ltr'>eli-</span> 
     </span>
     <span class='ocr_line' id='line_1_51' title="bbox 344 2356 1419 2400; baseline -0.006 -7"><span class='ocrx_word' id='word_1_428' title='bbox 344 2361 430 2394; x_wconf 76' lang='lat' dir='ltr'>citur</span> <span class='ocrx_word' id='word_1_429' title='bbox 451 2371 472 2392; x_wconf 87' lang='lat' dir='ltr'>a</span> <span class='ocrx_word' id='word_1_430' title='bbox 496 2361 615 2392; x_wconf 82' lang='lat' dir='ltr'>virtute</span> <span class='ocrx_word' id='word_1_431' title='bbox 622 2359 791 2400; x_wconf 84' lang='lat' dir='ltr'>proxima,</span> <span class='ocrx_word' id='word_1_432' title='bbox 808 2365 855 2389; x_wconf 90' lang='lat' dir='ltr'>est</span> <span class='ocrx_word' id='word_1_433' title='bbox 870 2365 959 2389; x_wconf 86' lang='lat' dir='ltr'>actus</span> <span class='ocrx_word' id='word_1_434' title='bbox 974 2356 1238 2398; x_wconf 85' lang='lat' dir='ltr'>perfectissimus:</span> <span class='ocrx_word' id='word_1_435' title='bbox 1264 2375 1285 2380; x_wconf 98' lang='lat'><em>-</em></span> <span class='ocrx_word' id='word_1_436' title='bbox 1309 2364 1419 2388; x_wconf 87' lang='lat' dir='ltr'>contra</span> 
     </span>
     <span class='ocr_line' id='line_1_52' title="bbox 344 2401 1420 2443; baseline -0.004 -7"><span class='ocrx_word' id='word_1_437' title='bbox 344 2405 426 2436; x_wconf 84' lang='lat' dir='ltr'>hanc</span> <span class='ocrx_word' id='word_1_438' title='bbox 449 2404 661 2436; x_wconf 86' lang='lat' dir='ltr'>solutionem:</span> <span class='ocrx_word' id='word_1_439' title='bbox 686 2402 794 2434; x_wconf 88' lang='lat' dir='ltr'>Virtus</span> <span class='ocrx_word' id='word_1_440' title='bbox 823 2401 967 2443; x_wconf 86' lang='lat' dir='ltr'>proxime</span> <span class='ocrx_word' id='word_1_441' title='bbox 998 2401 1125 2433; x_wconf 89' lang='lat' dir='ltr'>eliciens</span> <span class='ocrx_word' id='word_1_442' title='bbox 1153 2402 1340 2443; x_wconf 88' lang='lat' dir='ltr'>martyrium</span> <span class='ocrx_word' id='word_1_443' title='bbox 1365 2409 1420 2433; x_wconf 91' lang='lat' dir='ltr'>aut</span> 
     </span>
     <span class='ocr_line' id='line_1_53' title="bbox 337 2446 1420 2487; baseline -0.004 -6"><span class='ocrx_word' id='word_1_444' title='bbox 337 2449 428 2481; x_wconf 74' lang='lat' dir='ltr'>‘elicit</span> <span class='ocrx_word' id='word_1_445' title='bbox 450 2448 652 2481; x_wconf 87' lang='lat' dir='ltr'>tolerantiam</span> <span class='ocrx_word' id='word_1_446' title='bbox 676 2447 788 2479; x_wconf 87' lang='lat' dir='ltr'>mortis</span> <span class='ocrx_word' id='word_1_447' title='bbox 815 2447 993 2478; x_wconf 87' lang='lat' dir='ltr'>secundum</span> <span class='ocrx_word' id='word_1_448' title='bbox 1017 2455 1064 2477; x_wconf 90' lang='lat' dir='ltr'>se:</span> <span class='ocrx_word' id='word_1_449' title='bbox 1095 2454 1126 2478; x_wconf 90' lang='lat' dir='ltr'>et</span> <span class='ocrx_word' id='word_1_450' title='bbox 1149 2446 1212 2477; x_wconf 90' lang='lat' dir='ltr'>hoc</span> <span class='ocrx_word' id='word_1_451' title='bbox 1234 2455 1318 2483; x_wconf 89' lang='lat' dir='ltr'>non,</span> <span class='ocrx_word' id='word_1_452' title='bbox 1344 2446 1420 2487; x_wconf 88' lang='lat' dir='ltr'>quia</span> 
     </span>
    </p>
   </div>
   <div class='ocr_carea' id='block_1_25' title="bbox 343 2490 1446 2580">
    <p class='ocr_par' dir='ltr' id='par_1_25' title="bbox 343 2490 1446 2580">
     <span class='ocr_line' id='line_1_54' title="bbox 343 2490 1446 2525; baseline -0.001 0"><span class='ocrx_word' id='word_1_453' title='bbox 343 2501 471 2525; x_wconf 79' lang='lat' dir='ltr'>sanctus</span> <span class='ocrx_word' id='word_1_454' title='bbox 483 2493 630 2524; x_wconf 89' lang='lat' dir='ltr'>Thomas</span> <span class='ocrx_word' id='word_1_455' title='bbox 645 2491 721 2523; x_wconf 87' lang='lat' dir='ltr'>dicit</span> <span class='ocrx_word' id='word_1_456' title='bbox 733 2492 796 2523; x_wconf 92' lang='lat' dir='ltr'>hoc</span> <span class='ocrx_word' id='word_1_457' title='bbox 810 2501 878 2522; x_wconf 89' lang='lat' dir='ltr'>non</span> <span class='ocrx_word' id='word_1_458' title='bbox 889 2501 958 2522; x_wconf 87' lang='lat' dir='ltr'>esse</span> <span class='ocrx_word' id='word_1_459' title='bbox 973 2490 1141 2522; x_wconf 87' lang='lat' dir='ltr'>laudabile.</span> <span class='ocrx_word' id='word_1_460' title='bbox 1162 2493 1228 2521; x_wconf 82' lang='lat' dir='ltr'>Aut</span> <span class='ocrx_word' id='word_1_461' title='bbox 1240 2492 1419 2522; x_wconf 90' lang='lat' dir='ltr'>secundum</span> <span class='ocrx_word' id='word_1_462' title='bbox 1444 2490 1446 2524; x_wconf 65' lang='grc' dir='ltr'><strong><em>ἓ</em></strong></span> 
     </span>
     <span class='ocr_line' id='line_1_55' title="bbox 343 2535 1446 2580; baseline -0.004 -10"><span class='ocrx_word' id='word_1_463' title='bbox 343 2539 434 2580; x_wconf 87' lang='lat' dir='ltr'>quod</span> <span class='ocrx_word' id='word_1_464' title='bbox 457 2538 621 2569; x_wconf 87' lang='lat' dir='ltr'>ordinatur</span> <span class='ocrx_word' id='word_1_465' title='bbox 644 2537 684 2568; x_wconf 91' lang='lat' dir='ltr'>ad</span> <span class='ocrx_word' id='word_1_466' title='bbox 707 2535 804 2568; x_wconf 89' lang='lat' dir='ltr'>fidem</span> <span class='ocrx_word' id='word_1_467' title='bbox 829 2542 860 2567; x_wconf 90' lang='lat' dir='ltr'>et</span> <span class='ocrx_word' id='word_1_468' title='bbox 881 2535 1086 2567; x_wconf 85' lang='lat' dir='ltr'>dilectionem</span> <span class='ocrx_word' id='word_1_469' title='bbox 1109 2535 1178 2567; x_wconf 89' lang='lat' dir='ltr'>Dei.</span> <span class='ocrx_word' id='word_1_470' title='bbox 1203 2535 1245 2566; x_wconf 82' lang='lat' dir='ltr'>Et</span> <span class='ocrx_word' id='word_1_471' title='bbox 1267 2535 1311 2566; x_wconf 90' lang='lat' dir='ltr'>sic</span> <span class='ocrx_word' id='word_1_472' title='bbox 1335 2535 1419 2567; x_wconf 91' lang='lat' dir='ltr'>elicit</span> <span class='ocrx_word' id='word_1_473' title='bbox 1444 2566 1446 2574; x_wconf 38' lang='grc' dir='ltr'>ι</span> 
     </span>
    </p>
   </div>
   <div class='ocr_carea' id='block_1_26' title="bbox 342 2579 1418 2801">
    <p class='ocr_par' dir='ltr' id='par_1_26' title="bbox 343 2579 1418 2711">
     <span class='ocr_line' id='line_1_56' title="bbox 344 2579 1418 2624; baseline -0.002 -10"><span class='ocrx_word' id='word_1_474' title='bbox 344 2583 532 2624; x_wconf 77' lang='lat' dir='ltr'>martyrium</span> <span class='ocrx_word' id='word_1_475' title='bbox 555 2592 612 2624; x_wconf 88' lang='lat' dir='ltr'>per</span> <span class='ocrx_word' id='word_1_476' title='bbox 636 2580 910 2621; x_wconf 84' lang='lat' dir='ltr'>comparationem</span> <span class='ocrx_word' id='word_1_477' title='bbox 926 2581 966 2611; x_wconf 90' lang='lat' dir='ltr'>ad</span> <span class='ocrx_word' id='word_1_478' title='bbox 990 2580 1133 2621; x_wconf 87' lang='lat' dir='ltr'>primum</span> <span class='ocrx_word' id='word_1_479' title='bbox 1156 2579 1315 2611; x_wconf 89' lang='lat' dir='ltr'>motivum</span> <span class='ocrx_word' id='word_1_480' title='bbox 1340 2580 1418 2612; x_wconf 91' lang='lat' dir='ltr'>eius.</span> 
     </span>
     <span class='ocr_line' id='line_1_57' title="bbox 343 2624 1418 2668; baseline -0.004 -9"><span class='ocrx_word' id='word_1_481' title='bbox 343 2627 447 2668; x_wconf 81' lang='lat' dir='ltr'>Ergo,</span> <span class='ocrx_word' id='word_1_482' title='bbox 467 2637 523 2668; x_wconf 90' lang='lat' dir='ltr'>per</span> <span class='ocrx_word' id='word_1_483' title='bbox 546 2625 820 2666; x_wconf 84' lang='lat' dir='ltr'>comparationem</span> <span class='ocrx_word' id='word_1_484' title='bbox 843 2625 883 2655; x_wconf 91' lang='lat' dir='ltr'>ad</span> <span class='ocrx_word' id='word_1_485' title='bbox 909 2624 1086 2656; x_wconf 86' lang='lat' dir='ltr'>elicientem</span> <span class='ocrx_word' id='word_1_486' title='bbox 1109 2624 1276 2661; x_wconf 84' lang='lat' dir='ltr'>virtutem,</span> <span class='ocrx_word' id='word_1_487' title='bbox 1301 2631 1418 2667; x_wconf 85' lang='lat' dir='ltr'>marty-</span> 
     </span>
     <span class='ocr_line' id='line_1_58' title="bbox 343 2669 891 2711; baseline -0.005 -9"><span class='ocrx_word' id='word_1_488' title='bbox 343 2671 427 2702; x_wconf 90' lang='lat' dir='ltr'>rium</span> <span class='ocrx_word' id='word_1_489' title='bbox 452 2679 498 2702; x_wconf 91' lang='lat' dir='ltr'>est</span> <span class='ocrx_word' id='word_1_490' title='bbox 521 2678 609 2702; x_wconf 87' lang='lat' dir='ltr'>actus</span> <span class='ocrx_word' id='word_1_491' title='bbox 633 2669 891 2711; x_wconf 89' lang='lat' dir='ltr'>perfectissimus.</span> 
     </span>
    </p>

    <p class='ocr_par' dir='ltr' id='par_1_27' title="bbox 342 2712 1417 2801">
     <span class='ocr_line' id='line_1_59' title="bbox 400 2712 1417 2753; baseline -0.002 -6"><span class='ocrx_word' id='word_1_492' title='bbox 400 2715 521 2747; x_wconf 85' lang='lat' dir='ltr'>Contra</span> <span class='ocrx_word' id='word_1_493' title='bbox 536 2714 759 2746; x_wconf 85' lang='lat' dir='ltr'>affirmativam</span> <span class='ocrx_word' id='word_1_494' title='bbox 774 2720 883 2745; x_wconf 88' lang='lat' dir='ltr'>autem</span> <span class='ocrx_word' id='word_1_495' title='bbox 906 2713 1017 2753; x_wconf 83' lang='lat' dir='ltr'>arguit.</span> <span class='ocrx_word' id='word_1_496' title='bbox 1042 2712 1222 2744; x_wconf 84' lang='lat' dir='ltr'>Perfectum</span> <span class='ocrx_word' id='word_1_497' title='bbox 1238 2713 1271 2744; x_wconf 88' lang='lat' dir='ltr'>in</span> <span class='ocrx_word' id='word_1_498' title='bbox 1294 2714 1417 2745; x_wconf 90' lang='lat' dir='ltr'>ratione</span> 
     </span>
     <span class='ocr_line' id='line_1_60' title="bbox 342 2757 1417 2801; baseline -0.001 -10"><span class='ocrx_word' id='word_1_499' title='bbox 342 2761 424 2801; x_wconf 79' lang='lat' dir='ltr'>signi</span> <span class='ocrx_word' id='word_1_500' title='bbox 440 2770 508 2791; x_wconf 86' lang='lat' dir='ltr'>non</span> <span class='ocrx_word' id='word_1_501' title='bbox 524 2766 571 2791; x_wconf 86' lang='lat' dir='ltr'>est</span> <span class='ocrx_word' id='word_1_502' title='bbox 585 2759 644 2790; x_wconf 87' lang='lat' dir='ltr'>nisi</span> <span class='ocrx_word' id='word_1_503' title='bbox 660 2758 832 2789; x_wconf 84' lang='lat' dir='ltr'>extrinseca</span> <span class='ocrx_word' id='word_1_504' title='bbox 848 2757 1110 2789; x_wconf 84' lang='lat' dir='ltr'>denominatione</span> <span class='ocrx_word' id='word_1_505' title='bbox 1126 2757 1313 2798; x_wconf 81' lang='lat' dir='ltr'>perfectum.</span> <span class='ocrx_word' id='word_1_506' title='bbox 1330 2759 1417 2799; x_wconf 89' lang='lat' dir='ltr'>Ergo</span> 
     </span>
    </p>
   </div>
   <div class='ocr_carea' id='block_1_27' title="bbox 342 2801 1444 2845">
    <p class='ocr_par' dir='ltr' id='par_1_28' title="bbox 342 2801 1444 2845">
     <span class='ocr_line' id='line_1_61' title="bbox 342 2801 1444 2845; baseline -0.002 -9"><span class='ocrx_word' id='word_1_507' title='bbox 342 2815 380 2836; x_wconf 84' lang='lat' dir='ltr'>ex</span> <span class='ocrx_word' id='word_1_508' title='bbox 395 2805 458 2836; x_wconf 91' lang='lat' dir='ltr'>hoc</span> <span class='ocrx_word' id='word_1_509' title='bbox 473 2805 563 2845; x_wconf 91' lang='lat' dir='ltr'>quod</span> <span class='ocrx_word' id='word_1_510' title='bbox 585 2810 632 2835; x_wconf 89' lang='lat' dir='ltr'>est</span> <span class='ocrx_word' id='word_1_511' title='bbox 648 2813 715 2834; x_wconf 86' lang='lat' dir='ltr'>esse</span> <span class='ocrx_word' id='word_1_512' title='bbox 731 2803 860 2843; x_wconf 88' lang='lat' dir='ltr'>signum</span> <span class='ocrx_word' id='word_1_513' title='bbox 877 2801 1035 2833; x_wconf 87' lang='lat' dir='ltr'>maximae</span> <span class='ocrx_word' id='word_1_514' title='bbox 1058 2802 1205 2839; x_wconf 78' lang='lat' dir='ltr'>caritatis,</span> <span class='ocrx_word' id='word_1_515' title='bbox 1223 2813 1290 2833; x_wconf 90' lang='lat' dir='ltr'>non</span> <span class='ocrx_word' id='word_1_516' title='bbox 1311 2810 1418 2843; x_wconf 87' lang='lat' dir='ltr'>potest</span> <span class='ocrx_word' id='word_1_517' title='bbox 1442 2816 1444 2842; x_wconf 66' lang='lat'><strong>3</strong></span> 
     </span>
    </p>
   </div>
   <div class='ocr_carea' id='block_1_28' title="bbox 341 2846 1417 3466">
    <p class='ocr_par' dir='ltr' id='par_1_29' title="bbox 341 2846 1417 3068">
     <span class='ocr_line' id='line_1_62' title="bbox 341 2846 1416 2890; baseline -0.001 -10"><span class='ocrx_word' id='word_1_518' title='bbox 341 2849 469 2890; x_wconf 86' lang='lat' dir='ltr'>probari</span> <span class='ocrx_word' id='word_1_519' title='bbox 493 2849 584 2890; x_wconf 88' lang='lat' dir='ltr'>quod</span> <span class='ocrx_word' id='word_1_520' title='bbox 606 2847 795 2889; x_wconf 78' lang='lat' dir='ltr'>martyrium</span> <span class='ocrx_word' id='word_1_521' title='bbox 818 2847 858 2879; x_wconf 90' lang='lat' dir='ltr'>sit</span> <span class='ocrx_word' id='word_1_522' title='bbox 881 2846 1128 2887; x_wconf 87' lang='lat' dir='ltr'>perfectissimus</span> <span class='ocrx_word' id='word_1_523' title='bbox 1151 2846 1232 2877; x_wconf 89' lang='lat' dir='ltr'>inter</span> <span class='ocrx_word' id='word_1_524' title='bbox 1255 2847 1416 2879; x_wconf 87' lang='lat' dir='ltr'>humanos</span> 
     </span>
     <span class='ocr_line' id='line_1_63' title="bbox 342 2890 1417 2931; baseline -0.002 -6"><span class='ocrx_word' id='word_1_525' title='bbox 342 2901 439 2925; x_wconf 88' lang='lat' dir='ltr'>actus.</span> <span class='ocrx_word' id='word_1_526' title='bbox 472 2911 494 2917; x_wconf 89' lang='lat'>-</span> <span class='ocrx_word' id='word_1_527' title='bbox 524 2893 566 2924; x_wconf 89' lang='lat' dir='ltr'>Et</span> <span class='ocrx_word' id='word_1_528' title='bbox 594 2891 800 2923; x_wconf 90' lang='lat' dir='ltr'>confirmatur</span> <span class='ocrx_word' id='word_1_529' title='bbox 827 2891 889 2922; x_wconf 93' lang='lat' dir='ltr'>hoc</span> <span class='ocrx_word' id='word_1_530' title='bbox 918 2901 975 2931; x_wconf 88' lang='lat' dir='ltr'>per</span> <span class='ocrx_word' id='word_1_531' title='bbox 1005 2890 1198 2931; x_wconf 84' lang='lat' dir='ltr'>exemplum.</span> <span class='ocrx_word' id='word_1_532' title='bbox 1229 2891 1314 2921; x_wconf 88' lang='lat' dir='ltr'>Nam</span> <span class='ocrx_word' id='word_1_533' title='bbox 1344 2892 1417 2923; x_wconf 90' lang='lat' dir='ltr'>licet</span> 
     </span>
     <span class='ocr_line' id='line_1_64' title="bbox 342 2934 1415 2977; baseline -0.002 -8"><span class='ocrx_word' id='word_1_534' title='bbox 342 2948 453 2969; x_wconf 88' lang='lat' dir='ltr'>musca</span> <span class='ocrx_word' id='word_1_535' title='bbox 469 2948 506 2968; x_wconf 87' lang='lat' dir='ltr'>ex</span> <span class='ocrx_word' id='word_1_536' title='bbox 525 2937 626 2968; x_wconf 88' lang='lat' dir='ltr'>nihilo</span> <span class='ocrx_word' id='word_1_537' title='bbox 647 2944 750 2968; x_wconf 89' lang='lat' dir='ltr'>creata</span> <span class='ocrx_word' id='word_1_538' title='bbox 772 2936 812 2967; x_wconf 92' lang='lat' dir='ltr'>sit</span> <span class='ocrx_word' id='word_1_539' title='bbox 834 2935 962 2976; x_wconf 88' lang='lat' dir='ltr'>signum</span> <span class='ocrx_word' id='word_1_540' title='bbox 979 2934 1224 2975; x_wconf 85' lang='lat' dir='ltr'>perfectissimae</span> <span class='ocrx_word' id='word_1_541' title='bbox 1244 2936 1415 2977; x_wconf 82' lang='lat' dir='ltr'>potentiae,</span> 
     </span>
     <span class='ocr_line' id='line_1_65' title="bbox 341 2979 1416 3021; baseline -0.002 -7"><span class='ocrx_word' id='word_1_542' title='bbox 341 2983 459 3014; x_wconf 90' lang='lat' dir='ltr'>scilicet</span> <span class='ocrx_word' id='word_1_543' title='bbox 482 2982 651 3018; x_wconf 83' lang='lat' dir='ltr'>creativae,</span> <span class='ocrx_word' id='word_1_544' title='bbox 683 2981 792 3012; x_wconf 90' lang='lat' dir='ltr'>nullus</span> <span class='ocrx_word' id='word_1_545' title='bbox 822 2987 928 3011; x_wconf 88' lang='lat' dir='ltr'>tamen</span> <span class='ocrx_word' id='word_1_546' title='bbox 960 2990 997 3010; x_wconf 87' lang='lat' dir='ltr'>ex</span> <span class='ocrx_word' id='word_1_547' title='bbox 1027 2979 1090 3010; x_wconf 93' lang='lat' dir='ltr'>hoc</span> <span class='ocrx_word' id='word_1_548' title='bbox 1117 2980 1304 3011; x_wconf 87' lang='lat' dir='ltr'>concederet</span> <span class='ocrx_word' id='word_1_549' title='bbox 1326 2981 1416 3021; x_wconf 90' lang='lat' dir='ltr'>quod</span> 
     </span>
     <span class='ocr_line' id='line_1_66' title="bbox 341 3024 1281 3068; baseline -0.004 -10"><span class='ocrx_word' id='word_1_550' title='bbox 341 3028 410 3068; x_wconf 89' lang='lat' dir='ltr'>ipsa</span> <span class='ocrx_word' id='word_1_551' title='bbox 433 3034 514 3058; x_wconf 89' lang='lat' dir='ltr'>esset</span> <span class='ocrx_word' id='word_1_552' title='bbox 537 3025 704 3067; x_wconf 88' lang='lat' dir='ltr'>perfectior</span> <span class='ocrx_word' id='word_1_553' title='bbox 728 3035 827 3066; x_wconf 87' lang='lat' dir='ltr'>quam</span> <span class='ocrx_word' id='word_1_554' title='bbox 851 3035 954 3066; x_wconf 90' lang='lat' dir='ltr'>equus</span> <span class='ocrx_word' id='word_1_555' title='bbox 977 3034 1014 3054; x_wconf 90' lang='lat' dir='ltr'>ex</span> <span class='ocrx_word' id='word_1_556' title='bbox 1037 3034 1123 3065; x_wconf 91' lang='lat' dir='ltr'>equo</span> <span class='ocrx_word' id='word_1_557' title='bbox 1146 3024 1281 3064; x_wconf 85' lang='lat' dir='ltr'>genitus.</span> 
     </span>
    </p>

    <p class='ocr_par' dir='ltr' id='par_1_30' title="bbox 341 3068 1415 3466">
     <span class='ocr_line' id='line_1_67' title="bbox 397 3068 1414 3112; baseline -0.003 -9"><span class='ocrx_word' id='word_1_558' title='bbox 397 3072 436 3103; x_wconf 92' lang='lat' dir='ltr'>V.</span> <span class='ocrx_word' id='word_1_559' title='bbox 461 3071 512 3102; x_wconf 94' lang='lat' dir='ltr'>Ad</span> <span class='ocrx_word' id='word_1_560' title='bbox 536 3071 679 3112; x_wconf 90' lang='lat' dir='ltr'>primum</span> <span class='ocrx_word' id='word_1_561' title='bbox 701 3070 821 3101; x_wconf 91' lang='lat' dir='ltr'>horum</span> <span class='ocrx_word' id='word_1_562' title='bbox 845 3079 911 3100; x_wconf 89' lang='lat' dir='ltr'>non</span> <span class='ocrx_word' id='word_1_563' title='bbox 934 3075 1063 3109; x_wconf 87' lang='lat' dir='ltr'>oportet</span> <span class='ocrx_word' id='word_1_564' title='bbox 1092 3068 1181 3099; x_wconf 80' lang='lat' dir='ltr'>aliter</span> <span class='ocrx_word' id='word_1_565' title='bbox 1203 3069 1414 3109; x_wconf 80' lang='lat' dir='ltr'>respondere:</span> 
     </span>
     <span class='ocr_line' id='line_1_68' title="bbox 341 3112 1414 3157; baseline -0.004 -10"><span class='ocrx_word' id='word_1_566' title='bbox 341 3116 418 3157; x_wconf 90' lang='lat' dir='ltr'>quia</span> <span class='ocrx_word' id='word_1_567' title='bbox 439 3116 520 3147; x_wconf 90' lang='lat' dir='ltr'>bene</span> <span class='ocrx_word' id='word_1_568' title='bbox 545 3125 737 3156; x_wconf 89' lang='lat' dir='ltr'>responsum</span> <span class='ocrx_word' id='word_1_569' title='bbox 760 3121 816 3145; x_wconf 93' lang='lat' dir='ltr'>est.</span> <span class='ocrx_word' id='word_1_570' title='bbox 845 3114 912 3145; x_wconf 90' lang='lat' dir='ltr'>Nec</span> <span class='ocrx_word' id='word_1_571' title='bbox 929 3113 1047 3144; x_wconf 86' lang='lat' dir='ltr'>solutio</span> <span class='ocrx_word' id='word_1_572' title='bbox 1072 3113 1180 3154; x_wconf 88' lang='lat' dir='ltr'>quoad</span> <span class='ocrx_word' id='word_1_573' title='bbox 1205 3112 1343 3144; x_wconf 88' lang='lat' dir='ltr'>formam</span> <span class='ocrx_word' id='word_1_574' title='bbox 1359 3113 1414 3144; x_wconf 91' lang='lat' dir='ltr'>ali-</span> 
     </span>
     <span class='ocr_line' id='line_1_69' title="bbox 341 3157 1414 3202; baseline -0.004 -11"><span class='ocrx_word' id='word_1_575' title='bbox 341 3160 477 3202; x_wconf 88' lang='lat' dir='ltr'>qualiter</span> <span class='ocrx_word' id='word_1_576' title='bbox 499 3160 709 3200; x_wconf 87' lang='lat' dir='ltr'>improbatur,</span> <span class='ocrx_word' id='word_1_577' title='bbox 726 3159 781 3190; x_wconf 93' lang='lat' dir='ltr'>sed</span> <span class='ocrx_word' id='word_1_578' title='bbox 797 3159 906 3200; x_wconf 90' lang='lat' dir='ltr'>quoad</span> <span class='ocrx_word' id='word_1_579' title='bbox 930 3157 1104 3188; x_wconf 88' lang='lat' dir='ltr'>materiam.</span> <span class='ocrx_word' id='word_1_580' title='bbox 1129 3157 1223 3188; x_wconf 87' lang='lat' dir='ltr'>Unde</span> <span class='ocrx_word' id='word_1_581' title='bbox 1239 3157 1279 3188; x_wconf 91' lang='lat' dir='ltr'>ad</span> <span class='ocrx_word' id='word_1_582' title='bbox 1294 3157 1414 3198; x_wconf 90' lang='lat' dir='ltr'>impro-</span> 
     </span>
     <span class='ocr_line' id='line_1_70' title="bbox 341 3201 1415 3245; baseline -0.003 -9"><span class='ocrx_word' id='word_1_583' title='bbox 341 3205 505 3236; x_wconf 88' lang='lat' dir='ltr'>bationem</span> <span class='ocrx_word' id='word_1_584' title='bbox 528 3204 643 3235; x_wconf 87' lang='lat' dir='ltr'>dicitur</span> <span class='ocrx_word' id='word_1_585' title='bbox 665 3204 755 3245; x_wconf 89' lang='lat' dir='ltr'>quod</span> <span class='ocrx_word' id='word_1_586' title='bbox 779 3203 892 3234; x_wconf 92' lang='lat' dir='ltr'>divisio</span> <span class='ocrx_word' id='word_1_587' title='bbox 917 3210 964 3233; x_wconf 90' lang='lat' dir='ltr'>est</span> <span class='ocrx_word' id='word_1_588' title='bbox 987 3201 1201 3233; x_wconf 89' lang='lat' dir='ltr'>insufficiens:</span> <span class='ocrx_word' id='word_1_589' title='bbox 1225 3201 1300 3242; x_wconf 89' lang='lat' dir='ltr'>quia</span> <span class='ocrx_word' id='word_1_590' title='bbox 1324 3203 1415 3233; x_wconf 89' lang='lat' dir='ltr'>datur</span> 
     </span>
     <span class='ocr_line' id='line_1_71' title="bbox 342 3246 1415 3289; baseline -0.004 -9"><span class='ocrx_word' id='word_1_591' title='bbox 342 3249 480 3280; x_wconf 84' lang='lat' dir='ltr'>tertium.</span> <span class='ocrx_word' id='word_1_592' title='bbox 513 3249 622 3280; x_wconf 90' lang='lat' dir='ltr'>Virtus</span> <span class='ocrx_word' id='word_1_593' title='bbox 646 3248 732 3279; x_wconf 88' lang='lat' dir='ltr'>enim</span> <span class='ocrx_word' id='word_1_594' title='bbox 755 3247 899 3289; x_wconf 85' lang='lat' dir='ltr'>proxime</span> <span class='ocrx_word' id='word_1_595' title='bbox 930 3246 1056 3277; x_wconf 88' lang='lat' dir='ltr'>eliciens</span> <span class='ocrx_word' id='word_1_596' title='bbox 1080 3246 1288 3287; x_wconf 86' lang='lat' dir='ltr'>martyrium,</span> <span class='ocrx_word' id='word_1_597' title='bbox 1313 3257 1415 3287; x_wconf 89' lang='lat' dir='ltr'>quan-</span> 
     </span>
     <span class='ocr_line' id='line_1_72' title="bbox 342 3291 1413 3330; baseline -0.003 -6"><span class='ocrx_word' id='word_1_598' title='bbox 342 3300 412 3324; x_wconf 87' lang='lat' dir='ltr'>tum</span> <span class='ocrx_word' id='word_1_599' title='bbox 436 3303 474 3324; x_wconf 87' lang='lat' dir='ltr'>ex</span> <span class='ocrx_word' id='word_1_600' title='bbox 496 3302 530 3324; x_wconf 83' lang='lat' dir='ltr'>se</span> <span class='ocrx_word' id='word_1_601' title='bbox 553 3300 617 3330; x_wconf 88' lang='lat' dir='ltr'>est,</span> <span class='ocrx_word' id='word_1_602' title='bbox 637 3303 696 3324; x_wconf 89' lang='lat' dir='ltr'>nec</span> <span class='ocrx_word' id='word_1_603' title='bbox 723 3291 806 3323; x_wconf 90' lang='lat' dir='ltr'>elicit</span> <span class='ocrx_word' id='word_1_604' title='bbox 824 3292 958 3323; x_wconf 88' lang='lat' dir='ltr'>tolerare</span> <span class='ocrx_word' id='word_1_605' title='bbox 993 3297 1132 3322; x_wconf 86' lang='lat' dir='ltr'>mortem</span> <span class='ocrx_word' id='word_1_606' title='bbox 1161 3291 1339 3321; x_wconf 87' lang='lat' dir='ltr'>secundum</span> <span class='ocrx_word' id='word_1_607' title='bbox 1363 3301 1413 3327; x_wconf 89' lang='lat' dir='ltr'>se,</span> 
     </span>
     <span class='ocr_line' id='line_1_73' title="bbox 343 3334 1414 3374; baseline -0.003 -6"><span class='ocrx_word' id='word_1_608' title='bbox 343 3347 400 3368; x_wconf 90' lang='lat' dir='ltr'>nec</span> <span class='ocrx_word' id='word_1_609' title='bbox 424 3337 458 3367; x_wconf 85' lang='lat' dir='ltr'>in</span> <span class='ocrx_word' id='word_1_610' title='bbox 480 3337 592 3368; x_wconf 88' lang='lat' dir='ltr'>ordine</span> <span class='ocrx_word' id='word_1_611' title='bbox 615 3337 655 3367; x_wconf 85' lang='lat' dir='ltr'>ad</span> <span class='ocrx_word' id='word_1_612' title='bbox 677 3336 775 3367; x_wconf 86' lang='lat' dir='ltr'>fidem</span> <span class='ocrx_word' id='word_1_613' title='bbox 798 3343 830 3367; x_wconf 92' lang='lat' dir='ltr'>et</span> <span class='ocrx_word' id='word_1_614' title='bbox 852 3336 1030 3371; x_wconf 87' lang='lat' dir='ltr'>caritatem,</span> <span class='ocrx_word' id='word_1_615' title='bbox 1054 3336 1108 3366; x_wconf 89' lang='lat' dir='ltr'>sed</span> <span class='ocrx_word' id='word_1_616' title='bbox 1132 3342 1168 3366; x_wconf 92' lang='lat' dir='ltr'>ut</span> <span class='ocrx_word' id='word_1_617' title='bbox 1190 3334 1314 3366; x_wconf 90' lang='lat' dir='ltr'>fortiter</span> <span class='ocrx_word' id='word_1_618' title='bbox 1336 3345 1414 3374; x_wconf 92' lang='lat' dir='ltr'>ope-</span> 
     </span>
     <span class='ocr_line' id='line_1_74' title="bbox 343 3377 1413 3422; baseline -0.002 -10"><span class='ocrx_word' id='word_1_619' title='bbox 343 3389 444 3413; x_wconf 90' lang='lat' dir='ltr'>retur:</span> <span class='ocrx_word' id='word_1_620' title='bbox 469 3381 534 3412; x_wconf 79' lang='lat' dir='ltr'>iam</span> <span class='ocrx_word' id='word_1_621' title='bbox 563 3381 649 3412; x_wconf 88' lang='lat' dir='ltr'>enim</span> <span class='ocrx_word' id='word_1_622' title='bbox 672 3381 844 3422; x_wconf 86' lang='lat' dir='ltr'>probatum</span> <span class='ocrx_word' id='word_1_623' title='bbox 868 3388 916 3412; x_wconf 90' lang='lat' dir='ltr'>est</span> <span class='ocrx_word' id='word_1_624' title='bbox 938 3380 1084 3420; x_wconf 87' lang='lat' dir='ltr'>superius</span> <span class='ocrx_word' id='word_1_625' title='bbox 1106 3377 1122 3394; x_wconf 83' lang='lat'>*</span> <span class='ocrx_word' id='word_1_626' title='bbox 1152 3380 1242 3420; x_wconf 93' lang='lat' dir='ltr'>quod</span> <span class='ocrx_word' id='word_1_627' title='bbox 1257 3379 1413 3410; x_wconf 80' lang='lat' dir='ltr'>fortitudo</span> 
     </span>
     <span class='ocr_line' id='line_1_75' title="bbox 343 3424 1413 3466; baseline -0.002 -10"><span class='ocrx_word' id='word_1_628' title='bbox 343 3426 408 3466; x_wconf 87' lang='lat' dir='ltr'>agit</span> <span class='ocrx_word' id='word_1_629' title='bbox 430 3432 560 3465; x_wconf 91' lang='lat' dir='ltr'>propter</span> <span class='ocrx_word' id='word_1_630' title='bbox 582 3426 706 3456; x_wconf 87' lang='lat' dir='ltr'>bouum</span> <span class='ocrx_word' id='word_1_631' title='bbox 729 3425 850 3466; x_wconf 87' lang='lat' dir='ltr'>proprii</span> <span class='ocrx_word' id='word_1_632' title='bbox 881 3424 1008 3456; x_wconf 88' lang='lat' dir='ltr'>habitus</span> <span class='ocrx_word' id='word_1_633' title='bbox 1032 3432 1068 3456; x_wconf 89' lang='lat' dir='ltr'>ut</span> <span class='ocrx_word' id='word_1_634' title='bbox 1090 3424 1259 3465; x_wconf 89' lang='lat' dir='ltr'>proprium</span> <span class='ocrx_word' id='word_1_635' title='bbox 1286 3430 1317 3455; x_wconf 88' lang='lat' dir='ltr'>et</span> <span class='ocrx_word' id='word_1_636' title='bbox 1340 3434 1413 3464; x_wconf 91' lang='lat' dir='ltr'>pro-</span> 
     </span>
    </p>
   </div>
   <div class='ocr_carea' id='block_1_29' title="bbox 1441 318 2550 3244">
    <p class='ocr_par' dir='ltr' id='par_1_31' title="bbox 1441 318 2545 1113">
     <span class='ocr_line' id='line_1_76' title="bbox 1441 318 2543 363; baseline 0 -14"><span class='ocrx_word' id='word_1_637' title='bbox 1441 319 1443 363; x_wconf 51' lang='lat' dir='ltr'>j</span> <span class='ocrx_word' id='word_1_638' title='bbox 1469 318 1593 349; x_wconf 89' lang='lat' dir='ltr'>ximurn</span> <span class='ocrx_word' id='word_1_639' title='bbox 1616 318 1723 350; x_wconf 88' lang='lat' dir='ltr'>finem.</span> <span class='ocrx_word' id='word_1_640' title='bbox 1749 319 1821 349; x_wconf 87' lang='lat' dir='ltr'>Dixi</span> <span class='ocrx_word' id='word_1_641' title='bbox 1856 325 1980 354; x_wconf 89' lang='lat' dir='ltr'>autern,</span> <span class='ocrx_word' id='word_1_642' title='bbox 2006 323 2160 358; x_wconf 82' lang='lat' dir='ltr'>quantum</span> <span class='ocrx_word' id='word_1_643' title='bbox 2186 325 2232 349; x_wconf 84' lang='lat' dir='ltr'>est</span> <span class='ocrx_word' id='word_1_644' title='bbox 2256 329 2297 349; x_wconf 85' lang='lat' dir='ltr'>ex</span> <span class='ocrx_word' id='word_1_645' title='bbox 2319 327 2374 350; x_wconf 83' lang='lat' dir='ltr'>se:</span> <span class='ocrx_word' id='word_1_646' title='bbox 2409 319 2483 360; x_wconf 88' lang='lat' dir='ltr'>quia</span> <span class='ocrx_word' id='word_1_647' title='bbox 2508 327 2543 349; x_wconf 92' lang='lat' dir='ltr'>ut</span> 
     </span>
     <span class='ocr_line' id='line_1_77' title="bbox 1441 362 2542 404; baseline 0 -11"><span class='ocrx_word' id='word_1_648' title='bbox 1441 366 1443 371; x_wconf 68' lang='lat'><strong><em>⁴</em></strong></span> <span class='ocrx_word' id='word_1_649' title='bbox 1470 362 1624 394; x_wconf 90' lang='lat' dir='ltr'>fortitudo</span> <span class='ocrx_word' id='word_1_650' title='bbox 1648 363 1802 404; x_wconf 87' lang='lat' dir='ltr'>imperata</span> <span class='ocrx_word' id='word_1_651' title='bbox 1826 373 1844 393; x_wconf 89' lang='lat' dir='ltr'>a</span> <span class='ocrx_word' id='word_1_652' title='bbox 1868 362 2004 398; x_wconf 88' lang='lat' dir='ltr'>caritate,</span> <span class='ocrx_word' id='word_1_653' title='bbox 2025 362 2108 393; x_wconf 91' lang='lat' dir='ltr'>elicit</span> <span class='ocrx_word' id='word_1_654' title='bbox 2127 363 2315 404; x_wconf 88' lang='lat' dir='ltr'>martyrium</span> <span class='ocrx_word' id='word_1_655' title='bbox 2337 363 2542 403; x_wconf 89' lang='lat' dir='ltr'>integraliter;</span> 
     </span>
     <span class='ocr_line' id='line_1_78' title="bbox 1469 407 2542 448; baseline 0 -11"><span class='ocrx_word' id='word_1_656' title='bbox 1469 407 1512 438; x_wconf 89' lang='lat' dir='ltr'>ita</span> <span class='ocrx_word' id='word_1_657' title='bbox 1528 407 1618 448; x_wconf 92' lang='lat' dir='ltr'>quod</span> <span class='ocrx_word' id='word_1_658' title='bbox 1639 407 1722 438; x_wconf 89' lang='lat' dir='ltr'>elicit</span> <span class='ocrx_word' id='word_1_659' title='bbox 1745 407 1877 438; x_wconf 90' lang='lat' dir='ltr'>tolerare</span> <span class='ocrx_word' id='word_1_660' title='bbox 1902 413 2039 437; x_wconf 88' lang='lat' dir='ltr'>mortem</span> <span class='ocrx_word' id='word_1_661' title='bbox 2063 414 2093 437; x_wconf 91' lang='lat' dir='ltr'>et</span> <span class='ocrx_word' id='word_1_662' title='bbox 2116 414 2247 447; x_wconf 89' lang='lat' dir='ltr'>propter</span> <span class='ocrx_word' id='word_1_663' title='bbox 2269 408 2393 438; x_wconf 91' lang='lat' dir='ltr'>bonum</span> <span class='ocrx_word' id='word_1_664' title='bbox 2417 407 2542 438; x_wconf 87' lang='lat' dir='ltr'>fortitu-</span> 
     </span>
     <span class='ocr_line' id='line_1_79' title="bbox 1471 451 2543 492; baseline 0 -10"><span class='ocrx_word' id='word_1_665' title='bbox 1471 451 1553 482; x_wconf 91' lang='lat' dir='ltr'>dinis</span> <span class='ocrx_word' id='word_1_666' title='bbox 1569 461 1606 482; x_wconf 88' lang='lat' dir='ltr'>ex</span> <span class='ocrx_word' id='word_1_667' title='bbox 1622 452 1749 492; x_wconf 91' lang='lat' dir='ltr'>propria</span> <span class='ocrx_word' id='word_1_668' title='bbox 1772 452 1897 487; x_wconf 87' lang='lat' dir='ltr'>virtute,</span> <span class='ocrx_word' id='word_1_669' title='bbox 1923 458 1953 481; x_wconf 92' lang='lat' dir='ltr'>et</span> <span class='ocrx_word' id='word_1_670' title='bbox 1969 458 2099 491; x_wconf 92' lang='lat' dir='ltr'>propter</span> <span class='ocrx_word' id='word_1_671' title='bbox 2122 452 2246 482; x_wconf 89' lang='lat' dir='ltr'>bonum</span> <span class='ocrx_word' id='word_1_672' title='bbox 2266 451 2339 482; x_wconf 88' lang='lat' dir='ltr'>fidei</span> <span class='ocrx_word' id='word_1_673' title='bbox 2355 458 2386 482; x_wconf 94' lang='lat' dir='ltr'>et</span> <span class='ocrx_word' id='word_1_674' title='bbox 2409 451 2543 482; x_wconf 81' lang='lat' dir='ltr'>caritatis</span> 
     </span>
     <span class='ocr_line' id='line_1_80' title="bbox 1441 479 1695 536; baseline -0.004 -8"><span class='ocrx_word' id='word_1_675' title='bbox 1441 479 1444 528; x_wconf 57' lang='lat' dir='ltr'>i</span> <span class='ocrx_word' id='word_1_676' title='bbox 1472 502 1507 526; x_wconf 94' lang='lat' dir='ltr'>ut</span> <span class='ocrx_word' id='word_1_677' title='bbox 1530 495 1695 536; x_wconf 88' lang='lat' dir='ltr'>imperata.</span> 
     </span>
     <span class='ocr_line' id='line_1_81' title="bbox 1442 534 2543 583; baseline -0.001 -13"><span class='ocrx_word' id='word_1_678' title='bbox 1442 534 1443 583; x_wconf 54' lang='lat'><em>]</em></span> <span class='ocrx_word' id='word_1_679' title='bbox 1526 540 1577 570; x_wconf 90' lang='lat' dir='ltr'>Ad</span> <span class='ocrx_word' id='word_1_680' title='bbox 1601 540 1814 571; x_wconf 92' lang='lat' dir='ltr'>obiectionem</span> <span class='ocrx_word' id='word_1_681' title='bbox 1831 548 1939 570; x_wconf 88' lang='lat' dir='ltr'>autern</span> <span class='ocrx_word' id='word_1_682' title='bbox 1962 547 2072 570; x_wconf 84' lang='lat' dir='ltr'>contra</span> <span class='ocrx_word' id='word_1_683' title='bbox 2092 539 2312 571; x_wconf 82' lang='lat' dir='ltr'>affirmativam</span> <span class='ocrx_word' id='word_1_684' title='bbox 2337 547 2468 580; x_wconf 87' lang='lat' dir='ltr'>partem,</span> <span class='ocrx_word' id='word_1_685' title='bbox 2487 540 2543 570; x_wconf 89' lang='lat' dir='ltr'>sci-</span> 
     </span>
     <span class='ocr_line' id='line_1_82' title="bbox 1442 583 2543 626; baseline 0.001 -12"><span class='ocrx_word' id='word_1_686' title='bbox 1442 588 1444 619; x_wconf 74' lang='lat'><em>}</em></span> <span class='ocrx_word' id='word_1_687' title='bbox 1470 584 1552 620; x_wconf 92' lang='lat' dir='ltr'>licet,</span> <span class='ocrx_word' id='word_1_688' title='bbox 1569 585 1773 625; x_wconf 69' lang='lat' dir='ltr'>Martyrium</span> <span class='ocrx_word' id='word_1_689' title='bbox 1789 589 1836 615; x_wconf 86' lang='lat' dir='ltr'>est</span> <span class='ocrx_word' id='word_1_690' title='bbox 1844 583 2104 625; x_wconf 75' lang='lat' dir='ltr'>perfectissimus</span> <span class='ocrx_word' id='word_1_691' title='bbox 2117 590 2209 615; x_wconf 82' lang='lat' dir='ltr'>actus</span> <span class='ocrx_word' id='word_1_692' title='bbox 2224 586 2318 625; x_wconf 82' lang='lat' dir='ltr'>quasi</span> <span class='ocrx_word' id='word_1_693' title='bbox 2329 586 2459 626; x_wconf 81' lang='lat' dir='ltr'>signum</span> <span class='ocrx_word' id='word_1_694' title='bbox 2474 591 2543 619; x_wconf 73' lang='lat' dir='ltr'>etc„</span> 
     </span>
     <span class='ocr_line' id='line_1_83' title="bbox 1442 623 2543 669; baseline 0 -11"><span class='ocrx_word' id='word_1_695' title='bbox 1442 623 1444 629; x_wconf 75' lang='grc'>’</span> <span class='ocrx_word' id='word_1_696' title='bbox 1471 629 1681 669; x_wconf 86' lang='lat' dir='ltr'>respondetur</span> <span class='ocrx_word' id='word_1_697' title='bbox 1703 629 1793 669; x_wconf 91' lang='lat' dir='ltr'>quod</span> <span class='ocrx_word' id='word_1_698' title='bbox 1817 628 1945 668; x_wconf 84' lang='lat' dir='ltr'>signum</span> <span class='ocrx_word' id='word_1_699' title='bbox 1969 636 2015 659; x_wconf 88' lang='lat' dir='ltr'>est</span> <span class='ocrx_word' id='word_1_700' title='bbox 2039 629 2165 669; x_wconf 86' lang='lat' dir='ltr'>duplex.</span> <span class='ocrx_word' id='word_1_701' title='bbox 2191 629 2377 667; x_wconf 85' lang='lat' dir='ltr'>Quoddam,</span> <span class='ocrx_word' id='word_1_702' title='bbox 2402 638 2481 669; x_wconf 91' lang='lat' dir='ltr'>pure</span> <span class='ocrx_word' id='word_1_703' title='bbox 2504 628 2543 659; x_wconf 90' lang='lat' dir='ltr'>si-</span> 
     </span>
     <span class='ocr_line' id='line_1_84' title="bbox 1470 673 2544 714; baseline 0.001 -11"><span class='ocrx_word' id='word_1_704' title='bbox 1470 683 1581 713; x_wconf 89' lang='lat' dir='ltr'>gnum.</span> <span class='ocrx_word' id='word_1_705' title='bbox 1614 673 1655 704; x_wconf 91' lang='lat' dir='ltr'>Et</span> <span class='ocrx_word' id='word_1_706' title='bbox 1678 673 1717 704; x_wconf 93' lang='lat' dir='ltr'>de</span> <span class='ocrx_word' id='word_1_707' title='bbox 1741 673 1795 704; x_wconf 90' lang='lat' dir='ltr'>tali</span> <span class='ocrx_word' id='word_1_708' title='bbox 1819 673 1962 714; x_wconf 91' lang='lat' dir='ltr'>procedit</span> <span class='ocrx_word' id='word_1_709' title='bbox 1991 681 2232 713; x_wconf 87' lang='lat' dir='ltr'>argumentum:</span> <span class='ocrx_word' id='word_1_710' title='bbox 2267 674 2320 704; x_wconf 92' lang='lat' dir='ltr'>sed</span> <span class='ocrx_word' id='word_1_711' title='bbox 2345 683 2412 704; x_wconf 89' lang='lat' dir='ltr'>non</span> <span class='ocrx_word' id='word_1_712' title='bbox 2435 679 2482 704; x_wconf 86' lang='lat' dir='ltr'>est</span> <span class='ocrx_word' id='word_1_713' title='bbox 2505 673 2544 703; x_wconf 87' lang='lat' dir='ltr'>ad</span> 
     </span>
     <span class='ocr_line' id='line_1_85' title="bbox 1470 717 2543 758; baseline 0.001 -11"><span class='ocrx_word' id='word_1_714' title='bbox 1470 717 1686 758; x_wconf 88' lang='lat' dir='ltr'>propositum.</span> <span class='ocrx_word' id='word_1_715' title='bbox 1710 734 1731 740; x_wconf 93' lang='lat'><em>-</em></span> <span class='ocrx_word' id='word_1_716' title='bbox 1755 717 1928 755; x_wconf 88' lang='lat' dir='ltr'>Quoddam</span> <span class='ocrx_word' id='word_1_717' title='bbox 1953 727 2018 748; x_wconf 88' lang='lat' dir='ltr'>non</span> <span class='ocrx_word' id='word_1_718' title='bbox 2043 727 2122 758; x_wconf 93' lang='lat' dir='ltr'>pure</span> <span class='ocrx_word' id='word_1_719' title='bbox 2146 718 2289 757; x_wconf 89' lang='lat' dir='ltr'>signum,</span> <span class='ocrx_word' id='word_1_720' title='bbox 2314 718 2370 748; x_wconf 91' lang='lat' dir='ltr'>sed</span> <span class='ocrx_word' id='word_1_721' title='bbox 2388 727 2543 752; x_wconf 76' lang='lat' dir='ltr'>vetares,</span> 
     </span>
     <span class='ocr_line' id='line_1_86' title="bbox 1471 761 2545 803; baseline 0 -11"><span class='ocrx_word' id='word_1_722' title='bbox 1471 762 1532 793; x_wconf 92' lang='lat' dir='ltr'>hoc</span> <span class='ocrx_word' id='word_1_723' title='bbox 1557 769 1603 793; x_wconf 90' lang='lat' dir='ltr'>est</span> <span class='ocrx_word' id='word_1_724' title='bbox 1627 761 1770 803; x_wconf 88' lang='lat' dir='ltr'>operatio</span> <span class='ocrx_word' id='word_1_725' title='bbox 1795 761 1879 792; x_wconf 91' lang='lat' dir='ltr'>illius</span> <span class='ocrx_word' id='word_1_726' title='bbox 1899 761 1990 792; x_wconf 88' lang='lat' dir='ltr'>cuius</span> <span class='ocrx_word' id='word_1_727' title='bbox 2015 761 2129 793; x_wconf 92' lang='lat' dir='ltr'>dicitur</span> <span class='ocrx_word' id='word_1_728' title='bbox 2152 762 2290 802; x_wconf 87' lang='lat' dir='ltr'>signum.</span> <span class='ocrx_word' id='word_1_729' title='bbox 2315 762 2357 793; x_wconf 86' lang='lat' dir='ltr'>Et</span> <span class='ocrx_word' id='word_1_730' title='bbox 2372 762 2411 792; x_wconf 89' lang='lat' dir='ltr'>de</span> <span class='ocrx_word' id='word_1_731' title='bbox 2427 761 2482 793; x_wconf 88' lang='lat' dir='ltr'>tali</span> <span class='ocrx_word' id='word_1_732' title='bbox 2498 769 2545 792; x_wconf 89' lang='lat' dir='ltr'>est</span> 
     </span>
     <span class='ocr_line' id='line_1_87' title="bbox 1470 805 2544 846; baseline 0 -10"><span class='ocrx_word' id='word_1_733' title='bbox 1470 815 1586 836; x_wconf 90' lang='lat' dir='ltr'>sermo.</span> <span class='ocrx_word' id='word_1_734' title='bbox 1618 806 1697 837; x_wconf 90' lang='lat' dir='ltr'>Tale</span> <span class='ocrx_word' id='word_1_735' title='bbox 1728 805 1814 836; x_wconf 90' lang='lat' dir='ltr'>enim</span> <span class='ocrx_word' id='word_1_736' title='bbox 1847 806 1975 846; x_wconf 89' lang='lat' dir='ltr'>signum</span> <span class='ocrx_word' id='word_1_737' title='bbox 1998 806 2166 837; x_wconf 87' lang='lat' dir='ltr'>intrinsece</span> <span class='ocrx_word' id='word_1_738' title='bbox 2191 807 2308 838; x_wconf 87' lang='lat' dir='ltr'>claudit</span> <span class='ocrx_word' id='word_1_739' title='bbox 2338 807 2371 837; x_wconf 88' lang='lat' dir='ltr'>in</span> <span class='ocrx_word' id='word_1_740' title='bbox 2396 816 2428 837; x_wconf 92' lang='lat' dir='ltr'>se</span> <span class='ocrx_word' id='word_1_741' title='bbox 2452 815 2544 836; x_wconf 86' lang='lat' dir='ltr'>suam</span> 
     </span>
     <span class='ocr_line' id='line_1_88' title="bbox 1470 850 2544 892; baseline -0.001 -11"><span class='ocrx_word' id='word_1_742' title='bbox 1470 850 1699 891; x_wconf 87' lang='lat' dir='ltr'>perfectionem</span> <span class='ocrx_word' id='word_1_743' title='bbox 1722 850 1808 881; x_wconf 86' lang='lat' dir='ltr'>iuxta</span> <span class='ocrx_word' id='word_1_744' title='bbox 1833 850 1968 880; x_wconf 90' lang='lat' dir='ltr'>modum</span> <span class='ocrx_word' id='word_1_745' title='bbox 1994 850 2043 881; x_wconf 90' lang='lat' dir='ltr'>sui</span> <span class='ocrx_word' id='word_1_746' title='bbox 2066 851 2203 891; x_wconf 85' lang='lat' dir='ltr'>generis,</span> <span class='ocrx_word' id='word_1_747' title='bbox 2229 858 2260 882; x_wconf 90' lang='lat' dir='ltr'>et</span> <span class='ocrx_word' id='word_1_748' title='bbox 2283 851 2364 892; x_wconf 88' lang='lat' dir='ltr'>signi</span> <span class='ocrx_word' id='word_1_749' title='bbox 2387 850 2544 881; x_wconf 86' lang='lat' dir='ltr'>rationem</span> 
     </span>
     <span class='ocr_line' id='line_1_89' title="bbox 1470 894 2545 936; baseline -0.001 -11"><span class='ocrx_word' id='word_1_750' title='bbox 1470 895 1575 926; x_wconf 88' lang='lat' dir='ltr'>induit</span> <span class='ocrx_word' id='word_1_751' title='bbox 1598 905 1635 925; x_wconf 88' lang='lat' dir='ltr'>ea</span> <span class='ocrx_word' id='word_1_752' title='bbox 1658 894 1778 926; x_wconf 89' lang='lat' dir='ltr'>ratione</span> <span class='ocrx_word' id='word_1_753' title='bbox 1797 894 1874 935; x_wconf 89' lang='lat' dir='ltr'>quia</span> <span class='ocrx_word' id='word_1_754' title='bbox 1897 894 2092 926; x_wconf 90' lang='lat' dir='ltr'>demonstrat</span> <span class='ocrx_word' id='word_1_755' title='bbox 2115 905 2211 926; x_wconf 89' lang='lat' dir='ltr'>suurn</span> <span class='ocrx_word' id='word_1_756' title='bbox 2231 895 2433 936; x_wconf 73' lang='lat' dir='ltr'>principium.</span> <span class='ocrx_word' id='word_1_757' title='bbox 2460 895 2545 932; x_wconf 86' lang='lat' dir='ltr'>Quia</span> 
     </span>
     <span class='ocr_line' id='line_1_90' title="bbox 1471 939 2544 980; baseline -0.001 -10"><span class='ocrx_word' id='word_1_758' title='bbox 1471 949 1546 979; x_wconf 85' lang='lat' dir='ltr'>ergo</span> <span class='ocrx_word' id='word_1_759' title='bbox 1571 946 1694 970; x_wconf 89' lang='lat' dir='ltr'>constat</span> <span class='ocrx_word' id='word_1_760' title='bbox 1724 939 1814 979; x_wconf 90' lang='lat' dir='ltr'>quod</span> <span class='ocrx_word' id='word_1_761' title='bbox 1837 941 1960 969; x_wconf 88' lang='lat' dir='ltr'>Auctor</span> <span class='ocrx_word' id='word_1_762' title='bbox 1982 939 2127 980; x_wconf 91' lang='lat' dir='ltr'>loquitur</span> <span class='ocrx_word' id='word_1_763' title='bbox 2150 940 2188 970; x_wconf 91' lang='lat' dir='ltr'>de</span> <span class='ocrx_word' id='word_1_764' title='bbox 2212 947 2284 971; x_wconf 92' lang='lat' dir='ltr'>actu</span> <span class='ocrx_word' id='word_1_765' title='bbox 2313 939 2464 977; x_wconf 82' lang='lat' dir='ltr'>caritatis,</span> <span class='ocrx_word' id='word_1_766' title='bbox 2488 939 2544 980; x_wconf 87' lang='lat' dir='ltr'>qui</span> 
     </span>
     <span class='ocr_line' id='line_1_91' title="bbox 1471 982 2543 1025; baseline -0.001 -11"><span class='ocrx_word' id='word_1_767' title='bbox 1471 991 1517 1014; x_wconf 88' lang='lat' dir='ltr'>est</span> <span class='ocrx_word' id='word_1_768' title='bbox 1533 982 1618 1013; x_wconf 91' lang='lat' dir='ltr'>illius</span> <span class='ocrx_word' id='word_1_769' title='bbox 1635 983 1794 1022; x_wconf 89' lang='lat' dir='ltr'>operatio;</span> <span class='ocrx_word' id='word_1_770' title='bbox 1820 993 1856 1013; x_wconf 83' lang='lat' dir='ltr'>ac</span> <span class='ocrx_word' id='word_1_771' title='bbox 1872 992 1928 1022; x_wconf 90' lang='lat' dir='ltr'>per</span> <span class='ocrx_word' id='word_1_772' title='bbox 1946 982 2019 1019; x_wconf 88' lang='lat' dir='ltr'>hoc,</span> <span class='ocrx_word' id='word_1_773' title='bbox 2037 993 2103 1013; x_wconf 90' lang='lat' dir='ltr'>non</span> <span class='ocrx_word' id='word_1_774' title='bbox 2118 984 2263 1025; x_wconf 90' lang='lat' dir='ltr'>loquitur</span> <span class='ocrx_word' id='word_1_775' title='bbox 2279 985 2318 1015; x_wconf 89' lang='lat' dir='ltr'>de</span> <span class='ocrx_word' id='word_1_776' title='bbox 2334 994 2417 1025; x_wconf 90' lang='lat' dir='ltr'>puro</span> <span class='ocrx_word' id='word_1_777' title='bbox 2438 984 2543 1024; x_wconf 86' lang='lat' dir='ltr'>signo:</span> 
     </span>
     <span class='ocr_line' id='line_1_92' title="bbox 1471 1027 2544 1070; baseline 0.001 -12"><span class='ocrx_word' id='word_1_778' title='bbox 1471 1037 1671 1067; x_wconf 88' lang='lat' dir='ltr'>consequens</span> <span class='ocrx_word' id='word_1_779' title='bbox 1695 1034 1742 1057; x_wconf 91' lang='lat' dir='ltr'>est</span> <span class='ocrx_word' id='word_1_780' title='bbox 1765 1027 1854 1067; x_wconf 93' lang='lat' dir='ltr'>quod</span> <span class='ocrx_word' id='word_1_781' title='bbox 1878 1034 2102 1066; x_wconf 89' lang='lat' dir='ltr'>argumentum</span> <span class='ocrx_word' id='word_1_782' title='bbox 2128 1038 2194 1058; x_wconf 90' lang='lat' dir='ltr'>non</span> <span class='ocrx_word' id='word_1_783' title='bbox 2213 1028 2252 1059; x_wconf 91' lang='lat' dir='ltr'>sit</span> <span class='ocrx_word' id='word_1_784' title='bbox 2267 1029 2306 1059; x_wconf 86' lang='lat' dir='ltr'>ad</span> <span class='ocrx_word' id='word_1_785' title='bbox 2330 1029 2544 1070; x_wconf 82' lang='lat' dir='ltr'>propositum,</span> 
     </span>
     <span class='ocr_line' id='line_1_93' title="bbox 1471 1070 2270 1113; baseline 0.001 -11"><span class='ocrx_word' id='word_1_786' title='bbox 1471 1071 1546 1113; x_wconf 87' lang='lat' dir='ltr'>quia</span> <span class='ocrx_word' id='word_1_787' title='bbox 1571 1071 1609 1101; x_wconf 91' lang='lat' dir='ltr'>de</span> <span class='ocrx_word' id='word_1_788' title='bbox 1633 1080 1716 1111; x_wconf 90' lang='lat' dir='ltr'>puro</span> <span class='ocrx_word' id='word_1_789' title='bbox 1741 1070 1831 1109; x_wconf 88' lang='lat' dir='ltr'>signo</span> <span class='ocrx_word' id='word_1_790' title='bbox 1856 1070 2010 1111; x_wconf 88' lang='lat' dir='ltr'>procedit,</span> <span class='ocrx_word' id='word_1_791' title='bbox 2036 1079 2066 1102; x_wconf 91' lang='lat' dir='ltr'>et</span> <span class='ocrx_word' id='word_1_792' title='bbox 2090 1082 2155 1102; x_wconf 91' lang='lat' dir='ltr'>non</span> <span class='ocrx_word' id='word_1_793' title='bbox 2173 1072 2270 1104; x_wconf 90' lang='lat' dir='ltr'>aliter.</span> 
     </span>
    </p>

    <p class='ocr_par' dir='ltr' id='par_1_32' title="bbox 1444 1114 2548 1679">
     <span class='ocr_line' id='line_1_94' title="bbox 1528 1114 2545 1158; baseline 0.001 -12"><span class='ocrx_word' id='word_1_794' title='bbox 1528 1116 1578 1146; x_wconf 82' lang='lat' dir='ltr'>Ad</span> <span class='ocrx_word' id='word_1_795' title='bbox 1603 1114 1880 1145; x_wconf 83' lang='lat' dir='ltr'>confirmationem</span> <span class='ocrx_word' id='word_1_796' title='bbox 1905 1122 2011 1146; x_wconf 90' lang='lat' dir='ltr'>autem</span> <span class='ocrx_word' id='word_1_797' title='bbox 2037 1126 2073 1146; x_wconf 86' lang='lat' dir='ltr'>ex</span> <span class='ocrx_word' id='word_1_798' title='bbox 2097 1117 2244 1156; x_wconf 88' lang='lat' dir='ltr'>exemplo</span> <span class='ocrx_word' id='word_1_799' title='bbox 2276 1117 2314 1147; x_wconf 91' lang='lat' dir='ltr'>de</span> <span class='ocrx_word' id='word_1_800' title='bbox 2338 1117 2430 1156; x_wconf 85' lang='lat' dir='ltr'>signo</span> <span class='ocrx_word' id='word_1_801' title='bbox 2454 1118 2545 1158; x_wconf 90' lang='lat' dir='ltr'>quod</span> 
     </span>
     <span class='ocr_line' id='line_1_95' title="bbox 1472 1159 2546 1202; baseline 0.002 -12"><span class='ocrx_word' id='word_1_802' title='bbox 1472 1166 1519 1190; x_wconf 90' lang='lat' dir='ltr'>est</span> <span class='ocrx_word' id='word_1_803' title='bbox 1542 1159 1680 1195; x_wconf 83' lang='lat' dir='ltr'>effectus,</span> <span class='ocrx_word' id='word_1_804' title='bbox 1706 1159 1823 1190; x_wconf 85' lang='lat' dir='ltr'>scilicet</span> <span class='ocrx_word' id='word_1_805' title='bbox 1847 1169 1957 1190; x_wconf 88' lang='lat' dir='ltr'>musca</span> <span class='ocrx_word' id='word_1_806' title='bbox 1982 1167 2094 1196; x_wconf 90' lang='lat' dir='ltr'>creata,</span> <span class='ocrx_word' id='word_1_807' title='bbox 2120 1161 2234 1191; x_wconf 92' lang='lat' dir='ltr'>dicitur</span> <span class='ocrx_word' id='word_1_808' title='bbox 2257 1162 2346 1202; x_wconf 91' lang='lat' dir='ltr'>quod</span> <span class='ocrx_word' id='word_1_809' title='bbox 2374 1171 2439 1192; x_wconf 93' lang='lat' dir='ltr'>non</span> <span class='ocrx_word' id='word_1_810' title='bbox 2463 1168 2546 1192; x_wconf 91' lang='lat' dir='ltr'>recte</span> 
     </span>
     <span class='ocr_line' id='line_1_96' title="bbox 1472 1203 2544 1246; baseline 0.003 -13"><span class='ocrx_word' id='word_1_811' title='bbox 1472 1203 1648 1245; x_wconf 88' lang='lat' dir='ltr'>applicatur</span> <span class='ocrx_word' id='word_1_812' title='bbox 1671 1203 1865 1243; x_wconf 88' lang='lat' dir='ltr'>exemplum.</span> <span class='ocrx_word' id='word_1_813' title='bbox 1896 1204 2061 1241; x_wconf 88' lang='lat' dir='ltr'>Quoniam</span> <span class='ocrx_word' id='word_1_814' title='bbox 2085 1214 2190 1235; x_wconf 90' lang='lat' dir='ltr'>sermo</span> <span class='ocrx_word' id='word_1_815' title='bbox 2216 1212 2262 1236; x_wconf 91' lang='lat' dir='ltr'>est</span> <span class='ocrx_word' id='word_1_816' title='bbox 2286 1206 2324 1235; x_wconf 89' lang='lat' dir='ltr'>de</span> <span class='ocrx_word' id='word_1_817' title='bbox 2349 1205 2544 1246; x_wconf 91' lang='lat' dir='ltr'>operatione,</span> 
     </span>
     <span class='ocr_line' id='line_1_97' title="bbox 1472 1247 2546 1289; baseline 0.001 -10"><span class='ocrx_word' id='word_1_818' title='bbox 1472 1255 1503 1279; x_wconf 90' lang='lat' dir='ltr'>et</span> <span class='ocrx_word' id='word_1_819' title='bbox 1519 1258 1585 1278; x_wconf 91' lang='lat' dir='ltr'>non</span> <span class='ocrx_word' id='word_1_820' title='bbox 1603 1248 1641 1279; x_wconf 89' lang='lat' dir='ltr'>de</span> <span class='ocrx_word' id='word_1_821' title='bbox 1657 1247 1742 1278; x_wconf 88' lang='lat' dir='ltr'>illius</span> <span class='ocrx_word' id='word_1_822' title='bbox 1765 1248 1896 1278; x_wconf 79' lang='lat' dir='ltr'>effectu:</span> <span class='ocrx_word' id='word_1_823' title='bbox 1921 1258 2031 1279; x_wconf 88' lang='lat' dir='ltr'>musca</span> <span class='ocrx_word' id='word_1_824' title='bbox 2045 1256 2151 1279; x_wconf 89' lang='lat' dir='ltr'>autem</span> <span class='ocrx_word' id='word_1_825' title='bbox 2170 1259 2236 1279; x_wconf 91' lang='lat' dir='ltr'>non</span> <span class='ocrx_word' id='word_1_826' title='bbox 2257 1256 2304 1280; x_wconf 91' lang='lat' dir='ltr'>est</span> <span class='ocrx_word' id='word_1_827' title='bbox 2319 1250 2473 1289; x_wconf 88' lang='lat' dir='ltr'>operatio,</span> <span class='ocrx_word' id='word_1_828' title='bbox 2491 1251 2546 1280; x_wconf 92' lang='lat' dir='ltr'>sed</span> 
     </span>
     <span class='ocr_line' id='line_1_98' title="bbox 1473 1291 2546 1334; baseline 0.002 -12"><span class='ocrx_word' id='word_1_829' title='bbox 1473 1291 1611 1323; x_wconf 86' lang='lat' dir='ltr'>effectus.</span> <span class='ocrx_word' id='word_1_830' title='bbox 1637 1310 1655 1314; x_wconf 94' lang='lat'>-</span> <span class='ocrx_word' id='word_1_831' title='bbox 1681 1292 1721 1322; x_wconf 89' lang='lat' dir='ltr'>Et</span> <span class='ocrx_word' id='word_1_832' title='bbox 1745 1302 1869 1328; x_wconf 92' lang='lat' dir='ltr'>rursus,</span> <span class='ocrx_word' id='word_1_833' title='bbox 1895 1302 2004 1323; x_wconf 88' lang='lat' dir='ltr'>musca</span> <span class='ocrx_word' id='word_1_834' title='bbox 2029 1300 2130 1323; x_wconf 89' lang='lat' dir='ltr'>creata</span> <span class='ocrx_word' id='word_1_835' title='bbox 2166 1303 2230 1323; x_wconf 89' lang='lat' dir='ltr'>non</span> <span class='ocrx_word' id='word_1_836' title='bbox 2257 1300 2302 1324; x_wconf 86' lang='lat' dir='ltr'>est</span> <span class='ocrx_word' id='word_1_837' title='bbox 2326 1293 2453 1334; x_wconf 91' lang='lat' dir='ltr'>signum</span> <span class='ocrx_word' id='word_1_838' title='bbox 2477 1304 2546 1334; x_wconf 90' lang='lat' dir='ltr'>per-</span> 
     </span>
     <span class='ocr_line' id='line_1_99' title="bbox 1472 1336 2546 1378; baseline 0 -10"><span class='ocrx_word' id='word_1_839' title='bbox 1472 1336 1662 1368; x_wconf 88' lang='lat' dir='ltr'>fectissimae</span> <span class='ocrx_word' id='word_1_840' title='bbox 1685 1336 1845 1376; x_wconf 85' lang='lat' dir='ltr'>potentiae</span> <span class='ocrx_word' id='word_1_841' title='bbox 1870 1337 1991 1368; x_wconf 89' lang='lat' dir='ltr'>ratione</span> <span class='ocrx_word' id='word_1_842' title='bbox 2016 1336 2160 1373; x_wconf 88' lang='lat' dir='ltr'>effectus,</span> <span class='ocrx_word' id='word_1_843' title='bbox 2187 1337 2241 1378; x_wconf 90' lang='lat' dir='ltr'>qui</span> <span class='ocrx_word' id='word_1_844' title='bbox 2267 1345 2313 1368; x_wconf 91' lang='lat' dir='ltr'>est</span> <span class='ocrx_word' id='word_1_845' title='bbox 2336 1347 2465 1369; x_wconf 88' lang='lat' dir='ltr'>musca:</span> <span class='ocrx_word' id='word_1_846' title='bbox 2491 1339 2546 1368; x_wconf 88' lang='lat' dir='ltr'>sed</span> 
     </span>
     <span class='ocr_line' id='line_1_100' title="bbox 1444 1379 2548 1422; baseline 0.002 -11"><span class='ocrx_word' id='word_1_847' title='bbox 1444 1379 1445 1415; x_wconf 57' lang='grc' dir='ltr'>ζ</span> <span class='ocrx_word' id='word_1_848' title='bbox 1471 1381 1594 1412; x_wconf 90' lang='lat' dir='ltr'>ratione</span> <span class='ocrx_word' id='word_1_849' title='bbox 1611 1381 1816 1421; x_wconf 87' lang='lat' dir='ltr'>operationis,</span> <span class='ocrx_word' id='word_1_850' title='bbox 1833 1391 1915 1422; x_wconf 90' lang='lat' dir='ltr'>quae</span> <span class='ocrx_word' id='word_1_851' title='bbox 1933 1389 1979 1412; x_wconf 92' lang='lat' dir='ltr'>est</span> <span class='ocrx_word' id='word_1_852' title='bbox 1994 1381 2119 1412; x_wconf 82' lang='lat' dir='ltr'>creatio.</span> <span class='ocrx_word' id='word_1_853' title='bbox 2137 1382 2177 1412; x_wconf 89' lang='lat' dir='ltr'>Et</span> <span class='ocrx_word' id='word_1_854' title='bbox 2192 1389 2360 1422; x_wconf 89' lang='lat' dir='ltr'>propterea</span> <span class='ocrx_word' id='word_1_855' title='bbox 2375 1392 2440 1413; x_wconf 92' lang='lat' dir='ltr'>non</span> <span class='ocrx_word' id='word_1_856' title='bbox 2456 1383 2548 1413; x_wconf 89' lang='lat' dir='ltr'>debet</span> 
     </span>
     <span class='ocr_line' id='line_1_101' title="bbox 1472 1425 2546 1468; baseline 0.003 -13"><span class='ocrx_word' id='word_1_857' title='bbox 1472 1425 1590 1461; x_wconf 88' lang='lat' dir='ltr'>inferri,</span> <span class='ocrx_word' id='word_1_858' title='bbox 1613 1425 1706 1466; x_wconf 79' lang='lat' dir='ltr'>Ergo</span> <span class='ocrx_word' id='word_1_859' title='bbox 1731 1434 1841 1456; x_wconf 86' lang='lat' dir='ltr'>musca</span> <span class='ocrx_word' id='word_1_860' title='bbox 1857 1430 1904 1456; x_wconf 84' lang='lat' dir='ltr'>est</span> <span class='ocrx_word' id='word_1_861' title='bbox 1914 1425 2174 1466; x_wconf 83' lang='lat' dir='ltr'>perfectissimus</span> <span class='ocrx_word' id='word_1_862' title='bbox 2190 1426 2340 1467; x_wconf 85' lang='lat' dir='ltr'>effectus:</span> <span class='ocrx_word' id='word_1_863' title='bbox 2362 1427 2427 1463; x_wconf 90' lang='lat' dir='ltr'>sed,</span> <span class='ocrx_word' id='word_1_864' title='bbox 2452 1427 2546 1468; x_wconf 86' lang='lat' dir='ltr'>Ergo</span> 
     </span>
     <span class='ocr_line' id='line_1_102' title="bbox 1473 1469 2547 1512; baseline 0.002 -12"><span class='ocrx_word' id='word_1_865' title='bbox 1473 1471 1594 1501; x_wconf 85' lang='lat' dir='ltr'>creatio</span> <span class='ocrx_word' id='word_1_866' title='bbox 1617 1478 1748 1501; x_wconf 84' lang='lat' dir='ltr'>muscae</span> <span class='ocrx_word' id='word_1_867' title='bbox 1770 1474 1818 1500; x_wconf 85' lang='lat' dir='ltr'>est</span> <span class='ocrx_word' id='word_1_868' title='bbox 1835 1469 2075 1510; x_wconf 75' lang='lat' dir='ltr'>perfectissima</span> <span class='ocrx_word' id='word_1_869' title='bbox 2092 1470 2219 1511; x_wconf 84' lang='lat' dir='ltr'>factio,</span> <span class='ocrx_word' id='word_1_870' title='bbox 2245 1478 2358 1512; x_wconf 88' lang='lat' dir='ltr'>utpote</span> <span class='ocrx_word' id='word_1_871' title='bbox 2386 1471 2547 1511; x_wconf 89' lang='lat' dir='ltr'>perfectis-</span> 
     </span>
     <span class='ocr_line' id='line_1_103' title="bbox 1473 1514 2546 1555; baseline 0.002 -11"><span class='ocrx_word' id='word_1_872' title='bbox 1473 1514 1571 1545; x_wconf 88' lang='lat' dir='ltr'>simae</span> <span class='ocrx_word' id='word_1_873' title='bbox 1588 1514 1749 1554; x_wconf 89' lang='lat' dir='ltr'>potentiae</span> <span class='ocrx_word' id='word_1_874' title='bbox 1766 1514 1894 1554; x_wconf 86' lang='lat' dir='ltr'>signum</span> <span class='ocrx_word' id='word_1_875' title='bbox 1912 1521 1947 1545; x_wconf 90' lang='lat' dir='ltr'>ut</span> <span class='ocrx_word' id='word_1_876' title='bbox 1963 1515 2107 1555; x_wconf 85' lang='lat' dir='ltr'>operatio</span> <span class='ocrx_word' id='word_1_877' title='bbox 2125 1515 2202 1546; x_wconf 89' lang='lat' dir='ltr'>eius.</span> <span class='ocrx_word' id='word_1_878' title='bbox 2227 1516 2268 1546; x_wconf 91' lang='lat' dir='ltr'>Et</span> <span class='ocrx_word' id='word_1_879' title='bbox 2284 1515 2347 1546; x_wconf 89' lang='lat' dir='ltr'>hoc</span> <span class='ocrx_word' id='word_1_880' title='bbox 2363 1522 2410 1546; x_wconf 90' lang='lat' dir='ltr'>est</span> <span class='ocrx_word' id='word_1_881' title='bbox 2424 1526 2546 1547; x_wconf 89' lang='lat' dir='ltr'>verum.</span> 
     </span>
     <span class='ocr_line' id='line_1_104' title="bbox 1444 1558 2543 1602; baseline 0.001 -12"><span class='ocrx_word' id='word_1_882' title='bbox 1444 1566 1446 1579; x_wconf 64' lang='lat'>³</span> <span class='ocrx_word' id='word_1_883' title='bbox 1472 1559 1514 1590; x_wconf 85' lang='lat' dir='ltr'>Et</span> <span class='ocrx_word' id='word_1_884' title='bbox 1537 1558 1681 1590; x_wconf 89' lang='lat' dir='ltr'>similiter</span> <span class='ocrx_word' id='word_1_885' title='bbox 1710 1558 1843 1590; x_wconf 89' lang='lat' dir='ltr'>infertur</span> <span class='ocrx_word' id='word_1_886' title='bbox 1866 1558 1898 1588; x_wconf 92' lang='lat' dir='ltr'>in</span> <span class='ocrx_word' id='word_1_887' title='bbox 1922 1559 2039 1590; x_wconf 86' lang='lat' dir='ltr'>littera:</span> <span class='ocrx_word' id='word_1_888' title='bbox 2066 1560 2151 1600; x_wconf 88' lang='lat' dir='ltr'>Ergo</span> <span class='ocrx_word' id='word_1_889' title='bbox 2176 1560 2365 1602; x_wconf 87' lang='lat' dir='ltr'>martyrium</span> <span class='ocrx_word' id='word_1_890' title='bbox 2396 1567 2443 1591; x_wconf 88' lang='lat' dir='ltr'>est</span> <span class='ocrx_word' id='word_1_891' title='bbox 2466 1571 2543 1600; x_wconf 93' lang='lat' dir='ltr'>ope-</span> 
     </span>
     <span class='ocr_line' id='line_1_105' title="bbox 1473 1602 2547 1646; baseline 0.001 -12"><span class='ocrx_word' id='word_1_892' title='bbox 1473 1603 1553 1634; x_wconf 88' lang='lat' dir='ltr'>ratio</span> <span class='ocrx_word' id='word_1_893' title='bbox 1577 1602 1805 1644; x_wconf 82' lang='lat' dir='ltr'>perfectissima</span> <span class='ocrx_word' id='word_1_894' title='bbox 1821 1603 1911 1644; x_wconf 89' lang='lat' dir='ltr'>quasi</span> <span class='ocrx_word' id='word_1_895' title='bbox 1937 1604 2093 1634; x_wconf 85' lang='lat' dir='ltr'>maximae</span> <span class='ocrx_word' id='word_1_896' title='bbox 2109 1604 2243 1635; x_wconf 86' lang='lat' dir='ltr'>caritatis</span> <span class='ocrx_word' id='word_1_897' title='bbox 2267 1605 2406 1645; x_wconf 87' lang='lat' dir='ltr'>signum,</span> <span class='ocrx_word' id='word_1_898' title='bbox 2424 1610 2460 1636; x_wconf 88' lang='lat' dir='ltr'>ut</span> <span class='ocrx_word' id='word_1_899' title='bbox 2475 1615 2547 1646; x_wconf 86' lang='lat' dir='ltr'>ope-</span> 
     </span>
     <span class='ocr_line' id='line_1_106' title="bbox 1473 1648 1803 1679; baseline 0 -1"><span class='ocrx_word' id='word_1_900' title='bbox 1473 1648 1558 1679; x_wconf 86' lang='lat' dir='ltr'>ratio</span> <span class='ocrx_word' id='word_1_901' title='bbox 1581 1649 1652 1679; x_wconf 85' lang='lat' dir='ltr'>eius</span> <span class='ocrx_word' id='word_1_902' title='bbox 1675 1648 1803 1679; x_wconf 90' lang='lat' dir='ltr'>scilicet.</span> 
     </span>
    </p>

    <p class='ocr_par' dir='ltr' id='par_1_33' title="bbox 1441 1692 2550 3244">
     <span class='ocr_line' id='line_1_107' title="bbox 1531 1692 2549 1733; baseline 0.001 -11"><span class='ocrx_word' id='word_1_903' title='bbox 1531 1692 1585 1723; x_wconf 91' lang='lat' dir='ltr'>VI.</span> <span class='ocrx_word' id='word_1_904' title='bbox 1611 1692 1645 1722; x_wconf 85' lang='lat' dir='ltr'>ln</span> <span class='ocrx_word' id='word_1_905' title='bbox 1674 1693 1789 1723; x_wconf 89' lang='lat' dir='ltr'>eodem</span> <span class='ocrx_word' id='word_1_906' title='bbox 1820 1692 1913 1723; x_wconf 90' lang='lat' dir='ltr'>tertio</span> <span class='ocrx_word' id='word_1_907' title='bbox 1937 1692 2070 1724; x_wconf 86' lang='lat' dir='ltr'>articulo</span> <span class='ocrx_word' id='word_1_908' title='bbox 2101 1699 2178 1723; x_wconf 91' lang='lat' dir='ltr'>nota</span> <span class='ocrx_word' id='word_1_909' title='bbox 2207 1692 2428 1733; x_wconf 82' lang='lat' dir='ltr'>perspicaciter</span> <span class='ocrx_word' id='word_1_910' title='bbox 2454 1694 2549 1724; x_wconf 86' lang='lat' dir='ltr'>verba</span> 
     </span>
     <span class='ocr_line' id='line_1_108' title="bbox 1474 1736 2550 1778; baseline 0.001 -11"><span class='ocrx_word' id='word_1_911' title='bbox 1474 1736 1690 1768; x_wconf 87' lang='lat' dir='ltr'>conclusionis</span> <span class='ocrx_word' id='word_1_912' title='bbox 1707 1737 1888 1778; x_wconf 87' lang='lat' dir='ltr'>principalis</span> <span class='ocrx_word' id='word_1_913' title='bbox 1906 1737 1939 1767; x_wconf 89' lang='lat' dir='ltr'>in</span> <span class='ocrx_word' id='word_1_914' title='bbox 1953 1737 2066 1774; x_wconf 86' lang='lat' dir='ltr'>littera,</span> <span class='ocrx_word' id='word_1_915' title='bbox 2084 1737 2215 1768; x_wconf 89' lang='lat' dir='ltr'>scilicet:</span> <span class='ocrx_word' id='word_1_916' title='bbox 2240 1739 2444 1778; x_wconf 72' lang='lat' dir='ltr'>Martrrium</span> <span class='ocrx_word' id='word_1_917' title='bbox 2465 1739 2550 1768; x_wconf 87' lang='lat' dir='ltr'>inter</span> 
     </span>
     <span class='ocr_line' id='line_1_109' title="bbox 1474 1781 2547 1823; baseline 0.001 -11"><span class='ocrx_word' id='word_1_918' title='bbox 1474 1786 1596 1812; x_wconf 84' lang='lat' dir='ltr'>ceteros</span> <span class='ocrx_word' id='word_1_919' title='bbox 1618 1787 1711 1812; x_wconf 88' lang='lat' dir='ltr'>actus</span> <span class='ocrx_word' id='word_1_920' title='bbox 1735 1782 1894 1812; x_wconf 84' lang='lat' dir='ltr'>humanos</span> <span class='ocrx_word' id='word_1_921' title='bbox 1917 1787 1964 1812; x_wconf 83' lang='lat' dir='ltr'>est</span> <span class='ocrx_word' id='word_1_922' title='bbox 1983 1781 2164 1823; x_wconf 83' lang='lat' dir='ltr'>perfectior</span> <span class='ocrx_word' id='word_1_923' title='bbox 2177 1782 2354 1813; x_wconf 82' lang='lat' dir='ltr'>secundum</span> <span class='ocrx_word' id='word_1_924' title='bbox 2378 1791 2474 1813; x_wconf 79' lang='lat' dir='ltr'>suum</span> <span class='ocrx_word' id='word_1_925' title='bbox 2491 1792 2547 1823; x_wconf 85' lang='lat' dir='ltr'>ge-</span> 
     </span>
     <span class='ocr_line' id='line_1_110' title="bbox 1446 1823 2546 1876; baseline 0.001 -20"><span class='ocrx_word' id='word_1_926' title='bbox 1446 1823 1448 1876; x_wconf 34' lang='grc' dir='ltr'>ἰ</span> <span class='ocrx_word' id='word_1_927' title='bbox 1464 1835 1546 1856; x_wconf 74' lang='lat' dir='ltr'>nus.</span> <span class='ocrx_word' id='word_1_928' title='bbox 1567 1826 1650 1856; x_wconf 91' lang='lat' dir='ltr'>Nam</span> <span class='ocrx_word' id='word_1_929' title='bbox 1666 1826 1699 1867; x_wconf 94' lang='lat' dir='ltr'>ly</span> <span class='ocrx_word' id='word_1_930' title='bbox 1716 1827 1912 1866; x_wconf 66' lang='lat' dir='ltr'>martyrium</span> <span class='ocrx_word' id='word_1_931' title='bbox 1930 1826 2085 1867; x_wconf 88' lang='lat' dir='ltr'>supponit</span> <span class='ocrx_word' id='word_1_932' title='bbox 2100 1837 2159 1867; x_wconf 89' lang='lat' dir='ltr'>pro</span> <span class='ocrx_word' id='word_1_933' title='bbox 2177 1826 2329 1867; x_wconf 88' lang='lat' dir='ltr'>martyrio</span> <span class='ocrx_word' id='word_1_934' title='bbox 2346 1826 2546 1866; x_wconf 87' lang='lat' dir='ltr'>integraliter,</span> 
     </span>
     <span class='ocr_line' id='line_1_111' title="bbox 1474 1869 2546 1911; baseline 0.001 -11"><span class='ocrx_word' id='word_1_935' title='bbox 1474 1876 1511 1900; x_wconf 90' lang='lat' dir='ltr'>ut</span> <span class='ocrx_word' id='word_1_936' title='bbox 1533 1869 1651 1900; x_wconf 87' lang='lat' dir='ltr'>scilicet</span> <span class='ocrx_word' id='word_1_937' title='bbox 1674 1877 1721 1900; x_wconf 90' lang='lat' dir='ltr'>est</span> <span class='ocrx_word' id='word_1_938' title='bbox 1744 1870 1838 1900; x_wconf 90' lang='lat' dir='ltr'>etiam</span> <span class='ocrx_word' id='word_1_939' title='bbox 1863 1877 1951 1901; x_wconf 89' lang='lat' dir='ltr'>actus</span> <span class='ocrx_word' id='word_1_940' title='bbox 1975 1871 2120 1902; x_wconf 85' lang='lat' dir='ltr'>caritatis.</span> <span class='ocrx_word' id='word_1_941' title='bbox 2146 1871 2187 1901; x_wconf 91' lang='lat' dir='ltr'>Et</span> <span class='ocrx_word' id='word_1_942' title='bbox 2211 1878 2414 1911; x_wconf 86' lang='lat' dir='ltr'>comparatur</span> <span class='ocrx_word' id='word_1_943' title='bbox 2438 1871 2477 1901; x_wconf 85' lang='lat' dir='ltr'>ad</span> <span class='ocrx_word' id='word_1_944' title='bbox 2501 1881 2546 1901; x_wconf 90' lang='lat' dir='ltr'>re-</span> 
     </span>
     <span class='ocr_line' id='line_1_112' title="bbox 1473 1913 2546 1956; baseline 0.002 -12"><span class='ocrx_word' id='word_1_945' title='bbox 1473 1913 1580 1954; x_wconf 88' lang='lat' dir='ltr'>liquos</span> <span class='ocrx_word' id='word_1_946' title='bbox 1604 1924 1717 1945; x_wconf 90' lang='lat' dir='ltr'>omnes</span> <span class='ocrx_word' id='word_1_947' title='bbox 1741 1914 1901 1945; x_wconf 87' lang='lat' dir='ltr'>humanos</span> <span class='ocrx_word' id='word_1_948' title='bbox 1925 1922 2028 1951; x_wconf 89' lang='lat' dir='ltr'>actus,</span> <span class='ocrx_word' id='word_1_949' title='bbox 2054 1922 2119 1946; x_wconf 88' lang='lat' dir='ltr'>tam</span> <span class='ocrx_word' id='word_1_950' title='bbox 2144 1915 2308 1946; x_wconf 89' lang='lat' dir='ltr'>interiores</span> <span class='ocrx_word' id='word_1_951' title='bbox 2340 1925 2437 1956; x_wconf 88' lang='lat' dir='ltr'>quam</span> <span class='ocrx_word' id='word_1_952' title='bbox 2463 1922 2546 1946; x_wconf 87' lang='lat' dir='ltr'>exte-</span> 
     </span>
     <span class='ocr_line' id='line_1_113' title="bbox 1473 1957 2548 1996; baseline 0.003 -8"><span class='ocrx_word' id='word_1_953' title='bbox 1473 1957 1589 1989; x_wconf 85' lang='lat' dir='ltr'>riores:</span> <span class='ocrx_word' id='word_1_954' title='bbox 1615 1959 1740 1990; x_wconf 89' lang='lat' dir='ltr'>nullum</span> <span class='ocrx_word' id='word_1_955' title='bbox 1766 1959 1852 1990; x_wconf 89' lang='lat' dir='ltr'>enim</span> <span class='ocrx_word' id='word_1_956' title='bbox 1877 1959 2017 1995; x_wconf 87' lang='lat' dir='ltr'>exclusit,</span> <span class='ocrx_word' id='word_1_957' title='bbox 2035 1959 2184 1996; x_wconf 87' lang='lat' dir='ltr'>dicendo,</span> <span class='ocrx_word' id='word_1_958' title='bbox 2210 1961 2295 1990; x_wconf 86' lang='lat' dir='ltr'>inter</span> <span class='ocrx_word' id='word_1_959' title='bbox 2311 1965 2433 1991; x_wconf 84' lang='lat' dir='ltr'>ceteros</span> <span class='ocrx_word' id='word_1_960' title='bbox 2455 1965 2548 1991; x_wconf 85' lang='lat' dir='ltr'>actus</span> 
     </span>
     <span class='ocr_line' id='line_1_114' title="bbox 1473 2003 2549 2042; baseline 0.002 -9"><span class='ocrx_word' id='word_1_961' title='bbox 1473 2003 1649 2042; x_wconf 85' lang='lat' dir='ltr'>humanos,</span> <span class='ocrx_word' id='word_1_962' title='bbox 1674 2004 1736 2034; x_wconf 90' lang='lat' dir='ltr'>hoc</span> <span class='ocrx_word' id='word_1_963' title='bbox 1761 2010 1807 2034; x_wconf 88' lang='lat' dir='ltr'>est</span> <span class='ocrx_word' id='word_1_964' title='bbox 1829 2003 2038 2035; x_wconf 86' lang='lat' dir='ltr'>voluntarios.</span> <span class='ocrx_word' id='word_1_965' title='bbox 2072 2004 2132 2035; x_wconf 91' lang='lat' dir='ltr'>Sed</span> <span class='ocrx_word' id='word_1_966' title='bbox 2156 2005 2291 2035; x_wconf 86' lang='lat' dir='ltr'>limitata</span> <span class='ocrx_word' id='word_1_967' title='bbox 2322 2012 2368 2035; x_wconf 88' lang='lat' dir='ltr'>est</span> <span class='ocrx_word' id='word_1_968' title='bbox 2391 2004 2475 2035; x_wconf 88' lang='lat' dir='ltr'>illius</span> <span class='ocrx_word' id='word_1_969' title='bbox 2500 2015 2549 2035; x_wconf 86' lang='lat' dir='ltr'>ex-</span> 
     </span>
     <span class='ocr_line' id='line_1_115' title="bbox 1475 2047 2547 2090; baseline 0.002 -13"><span class='ocrx_word' id='word_1_970' title='bbox 1475 2047 1619 2078; x_wconf 89' lang='lat' dir='ltr'>cellentia</span> <span class='ocrx_word' id='word_1_971' title='bbox 1650 2058 1706 2088; x_wconf 90' lang='lat' dir='ltr'>per</span> <span class='ocrx_word' id='word_1_972' title='bbox 1727 2048 1760 2089; x_wconf 90' lang='lat' dir='ltr'>ly</span> <span class='ocrx_word' id='word_1_973' title='bbox 1790 2048 1966 2079; x_wconf 80' lang='lat' dir='ltr'>secundum</span> <span class='ocrx_word' id='word_1_974' title='bbox 1996 2058 2091 2079; x_wconf 85' lang='lat' dir='ltr'>suum</span> <span class='ocrx_word' id='word_1_975' title='bbox 2121 2059 2237 2090; x_wconf 83' lang='lat' dir='ltr'>genus.</span> <span class='ocrx_word' id='word_1_976' title='bbox 2270 2049 2378 2080; x_wconf 86' lang='lat' dir='ltr'>Potest</span> <span class='ocrx_word' id='word_1_977' title='bbox 2408 2059 2547 2089; x_wconf 84' lang='lat' dir='ltr'>namque</span> 
     </span>
     <span class='ocr_line' id='line_1_116' title="bbox 1474 2092 2546 2134; baseline 0.002 -12"><span class='ocrx_word' id='word_1_978' title='bbox 1474 2098 1562 2122; x_wconf 82' lang='lat' dir='ltr'>actus</span> <span class='ocrx_word' id='word_1_979' title='bbox 1585 2092 1700 2133; x_wconf 87' lang='lat' dir='ltr'>aliquis</span> <span class='ocrx_word' id='word_1_980' title='bbox 1724 2093 1885 2123; x_wconf 88' lang='lat' dir='ltr'>humanus</span> <span class='ocrx_word' id='word_1_981' title='bbox 1909 2102 1976 2123; x_wconf 89' lang='lat' dir='ltr'>esse</span> <span class='ocrx_word' id='word_1_982' title='bbox 2000 2092 2168 2132; x_wconf 88' lang='lat' dir='ltr'>perfectior</span> <span class='ocrx_word' id='word_1_983' title='bbox 2191 2093 2300 2134; x_wconf 90' lang='lat' dir='ltr'>aliquo</span> <span class='ocrx_word' id='word_1_984' title='bbox 2325 2093 2491 2134; x_wconf 85' lang='lat' dir='ltr'>martyrio:</span> <span class='ocrx_word' id='word_1_985' title='bbox 2517 2101 2546 2124; x_wconf 93' lang='lat' dir='ltr'>et</span> 
     </span>
     <span class='ocr_line' id='line_1_117' title="bbox 1475 2136 2547 2178; baseline 0.002 -12"><span class='ocrx_word' id='word_1_986' title='bbox 1475 2136 1570 2166; x_wconf 88' lang='lat' dir='ltr'>unius</span> <span class='ocrx_word' id='word_1_987' title='bbox 1601 2136 1789 2178; x_wconf 88' lang='lat' dir='ltr'>martyrium</span> <span class='ocrx_word' id='word_1_988' title='bbox 1818 2147 1885 2167; x_wconf 90' lang='lat' dir='ltr'>esse</span> <span class='ocrx_word' id='word_1_989' title='bbox 1915 2136 2082 2178; x_wconf 87' lang='lat' dir='ltr'>perfectior</span> <span class='ocrx_word' id='word_1_990' title='bbox 2111 2145 2198 2168; x_wconf 89' lang='lat' dir='ltr'>actus</span> <span class='ocrx_word' id='word_1_991' title='bbox 2231 2147 2329 2178; x_wconf 88' lang='lat' dir='ltr'>quarn</span> <span class='ocrx_word' id='word_1_992' title='bbox 2359 2138 2547 2178; x_wconf 85' lang='lat' dir='ltr'>martyrium</span> 
     </span>
     <span class='ocr_line' id='line_1_118' title="bbox 1474 2179 2548 2222; baseline 0.002 -12"><span class='ocrx_word' id='word_1_993' title='bbox 1474 2179 1613 2211; x_wconf 78' lang='lat' dir='ltr'>alterius.</span> <span class='ocrx_word' id='word_1_994' title='bbox 1644 2184 1743 2212; x_wconf 86' lang='lat' dir='ltr'>Actus</span> <span class='ocrx_word' id='word_1_995' title='bbox 1767 2190 1906 2222; x_wconf 89' lang='lat' dir='ltr'>namque</span> <span class='ocrx_word' id='word_1_996' title='bbox 1938 2181 2116 2212; x_wconf 87' lang='lat' dir='ltr'>dilectionis</span> <span class='ocrx_word' id='word_1_997' title='bbox 2140 2192 2206 2222; x_wconf 90' lang='lat' dir='ltr'>quo</span> <span class='ocrx_word' id='word_1_998' title='bbox 2237 2182 2333 2212; x_wconf 88' lang='lat' dir='ltr'>Beata</span> <span class='ocrx_word' id='word_1_999' title='bbox 2356 2181 2455 2222; x_wconf 85' lang='lat' dir='ltr'>Virgo</span> <span class='ocrx_word' id='word_1_1000' title='bbox 2480 2182 2548 2212; x_wconf 87' lang='lat' dir='ltr'>dili-</span> 
     </span>
     <span class='ocr_line' id='line_1_119' title="bbox 1473 2224 2547 2267; baseline 0.003 -13"><span class='ocrx_word' id='word_1_1001' title='bbox 1473 2224 1566 2264; x_wconf 87' lang='lat' dir='ltr'>gebat</span> <span class='ocrx_word' id='word_1_1002' title='bbox 1589 2225 1711 2260; x_wconf 85' lang='lat' dir='ltr'>Deum,</span> <span class='ocrx_word' id='word_1_1003' title='bbox 1736 2225 1904 2265; x_wconf 82' lang='lat' dir='ltr'>perfectior</span> <span class='ocrx_word' id='word_1_1004' title='bbox 1927 2225 1988 2256; x_wconf 88' lang='lat' dir='ltr'>fuit</span> <span class='ocrx_word' id='word_1_1005' title='bbox 2011 2233 2099 2256; x_wconf 88' lang='lat' dir='ltr'>actus</span> <span class='ocrx_word' id='word_1_1006' title='bbox 2123 2226 2284 2257; x_wconf 88' lang='lat' dir='ltr'>humanus</span> <span class='ocrx_word' id='word_1_1007' title='bbox 2308 2236 2406 2267; x_wconf 89' lang='lat' dir='ltr'>quam</span> <span class='ocrx_word' id='word_1_1008' title='bbox 2430 2234 2547 2267; x_wconf 86' lang='lat' dir='ltr'>marty-</span> 
     </span>
     <span class='ocr_line' id='line_1_120' title="bbox 1473 2268 2548 2310; baseline 0.003 -11"><span class='ocrx_word' id='word_1_1009' title='bbox 1473 2268 1559 2299; x_wconf 88' lang='lat' dir='ltr'>rium</span> <span class='ocrx_word' id='word_1_1010' title='bbox 1582 2269 1680 2300; x_wconf 89' lang='lat' dir='ltr'>sancti</span> <span class='ocrx_word' id='word_1_1011' title='bbox 1704 2269 1787 2300; x_wconf 90' lang='lat' dir='ltr'>Petri</span> <span class='ocrx_word' id='word_1_1012' title='bbox 1811 2277 1842 2300; x_wconf 94' lang='lat' dir='ltr'>et</span> <span class='ocrx_word' id='word_1_1013' title='bbox 1865 2269 2063 2310; x_wconf 89' lang='lat' dir='ltr'>reliquorum</span> <span class='ocrx_word' id='word_1_1014' title='bbox 2087 2278 2287 2302; x_wconf 85' lang='lat' dir='ltr'>sanctorum:</span> <span class='ocrx_word' id='word_1_1015' title='bbox 2320 2271 2375 2301; x_wconf 90' lang='lat' dir='ltr'>sed</span> <span class='ocrx_word' id='word_1_1016' title='bbox 2398 2281 2465 2301; x_wconf 90' lang='lat' dir='ltr'>non</span> <span class='ocrx_word' id='word_1_1017' title='bbox 2490 2271 2548 2302; x_wconf 90' lang='lat' dir='ltr'>fuit</span> 
     </span>
     <span class='ocr_line' id='line_1_121' title="bbox 1474 2312 2546 2355; baseline 0.002 -11"><span class='ocrx_word' id='word_1_1018' title='bbox 1474 2312 1642 2355; x_wconf 80' lang='lat' dir='ltr'>perfectior</span> <span class='ocrx_word' id='word_1_1019' title='bbox 1665 2314 1844 2345; x_wconf 90' lang='lat' dir='ltr'>secundum</span> <span class='ocrx_word' id='word_1_1020' title='bbox 1867 2325 1964 2345; x_wconf 88' lang='lat' dir='ltr'>suum</span> <span class='ocrx_word' id='word_1_1021' title='bbox 1987 2325 2104 2355; x_wconf 79' lang='lat' dir='ltr'>genuS,</span> <span class='ocrx_word' id='word_1_1022' title='bbox 2131 2316 2184 2346; x_wconf 91' lang='lat' dir='ltr'>sed</span> <span class='ocrx_word' id='word_1_1023' title='bbox 2209 2316 2387 2346; x_wconf 88' lang='lat' dir='ltr'>secundum</span> <span class='ocrx_word' id='word_1_1024' title='bbox 2412 2315 2546 2355; x_wconf 88' lang='lat' dir='ltr'>gradum</span> 
     </span>
     <span class='ocr_line' id='line_1_122' title="bbox 1445 2352 2547 2400; baseline 0.002 -12"><span class='ocrx_word' id='word_1_1025' title='bbox 1445 2352 1447 2381; x_wconf 57' lang='lat'>¹¹</span> <span class='ocrx_word' id='word_1_1026' title='bbox 1473 2358 1630 2388; x_wconf 89' lang='lat' dir='ltr'>maiorem</span> <span class='ocrx_word' id='word_1_1027' title='bbox 1654 2358 1800 2390; x_wconf 88' lang='lat' dir='ltr'>caritatis.</span> <span class='ocrx_word' id='word_1_1028' title='bbox 1825 2358 1857 2389; x_wconf 91' lang='lat' dir='ltr'>Si</span> <span class='ocrx_word' id='word_1_1029' title='bbox 1875 2369 2014 2400; x_wconf 90' lang='lat' dir='ltr'>namque</span> <span class='ocrx_word' id='word_1_1030' title='bbox 2031 2359 2070 2390; x_wconf 90' lang='lat' dir='ltr'>ad</span> <span class='ocrx_word' id='word_1_1031' title='bbox 2085 2369 2186 2400; x_wconf 87' lang='lat' dir='ltr'>genus</span> <span class='ocrx_word' id='word_1_1032' title='bbox 2211 2360 2315 2400; x_wconf 89' lang='lat' dir='ltr'>operis</span> <span class='ocrx_word' id='word_1_1033' title='bbox 2336 2360 2547 2395; x_wconf 87' lang='lat' dir='ltr'>attendamus,</span> 
     </span>
     <span class='ocr_line' id='line_1_123' title="bbox 1473 2403 2546 2444; baseline 0.002 -12"><span class='ocrx_word' id='word_1_1034' title='bbox 1473 2403 1661 2443; x_wconf 89' lang='lat' dir='ltr'>martyrium</span> <span class='ocrx_word' id='word_1_1035' title='bbox 1679 2403 1814 2434; x_wconf 87' lang='lat' dir='ltr'>caritatis</span> <span class='ocrx_word' id='word_1_1036' title='bbox 1831 2411 1920 2434; x_wconf 91' lang='lat' dir='ltr'>actus</span> <span class='ocrx_word' id='word_1_1037' title='bbox 1937 2411 1983 2435; x_wconf 89' lang='lat' dir='ltr'>est</span> <span class='ocrx_word' id='word_1_1038' title='bbox 2006 2413 2206 2444; x_wconf 87' lang='lat' dir='ltr'>praeponens</span> <span class='ocrx_word' id='word_1_1039' title='bbox 2223 2405 2329 2436; x_wconf 88' lang='lat' dir='ltr'>Deum</span> <span class='ocrx_word' id='word_1_1040' title='bbox 2349 2404 2393 2435; x_wconf 90' lang='lat' dir='ltr'>rei</span> <span class='ocrx_word' id='word_1_1041' title='bbox 2410 2405 2546 2435; x_wconf 88' lang='lat' dir='ltr'>maxime</span> 
     </span>
     <span class='ocr_line' id='line_1_124' title="bbox 1473 2447 2546 2486; baseline 0.003 -9"><span class='ocrx_word' id='word_1_1042' title='bbox 1473 2453 1606 2484; x_wconf 88' lang='lat' dir='ltr'>amatae,</span> <span class='ocrx_word' id='word_1_1043' title='bbox 1624 2447 1742 2478; x_wconf 89' lang='lat' dir='ltr'>scilicet</span> <span class='ocrx_word' id='word_1_1044' title='bbox 1754 2447 1850 2478; x_wconf 84' lang='lat' dir='ltr'>vitae:</span> <span class='ocrx_word' id='word_1_1045' title='bbox 1868 2455 1899 2478; x_wconf 90' lang='lat' dir='ltr'>et</span> <span class='ocrx_word' id='word_1_1046' title='bbox 1914 2448 1976 2479; x_wconf 93' lang='lat' dir='ltr'>hoc</span> <span class='ocrx_word' id='word_1_1047' title='bbox 1993 2458 2058 2479; x_wconf 90' lang='lat' dir='ltr'>non</span> <span class='ocrx_word' id='word_1_1048' title='bbox 2071 2449 2179 2480; x_wconf 89' lang='lat' dir='ltr'>solum</span> <span class='ocrx_word' id='word_1_1049' title='bbox 2191 2450 2356 2480; x_wconf 91' lang='lat' dir='ltr'>voluntate</span> <span class='ocrx_word' id='word_1_1050' title='bbox 2372 2456 2427 2480; x_wconf 91' lang='lat' dir='ltr'>aut</span> <span class='ocrx_word' id='word_1_1051' title='bbox 2438 2449 2546 2486; x_wconf 92' lang='lat' dir='ltr'>verbo,</span> 
     </span>
     <span class='ocr_line' id='line_1_125' title="bbox 1472 2492 2544 2534; baseline 0.003 -12"><span class='ocrx_word' id='word_1_1052' title='bbox 1472 2492 1527 2522; x_wconf 91' lang='lat' dir='ltr'>sed</span> <span class='ocrx_word' id='word_1_1053' title='bbox 1551 2502 1648 2532; x_wconf 93' lang='lat' dir='ltr'>opere</span> <span class='ocrx_word' id='word_1_1054' title='bbox 1671 2492 1866 2523; x_wconf 88' lang='lat' dir='ltr'>executionis</span> <span class='ocrx_word' id='word_1_1055' title='bbox 1890 2500 2127 2525; x_wconf 87' lang='lat' dir='ltr'>consummato.</span> <span class='ocrx_word' id='word_1_1056' title='bbox 2151 2494 2287 2525; x_wconf 91' lang='lat' dir='ltr'>Nullum</span> <span class='ocrx_word' id='word_1_1057' title='bbox 2311 2501 2420 2525; x_wconf 89' lang='lat' dir='ltr'>autem</span> <span class='ocrx_word' id='word_1_1058' title='bbox 2443 2504 2544 2534; x_wconf 87' lang='lat' dir='ltr'>genus</span> 
     </span>
     <span class='ocr_line' id='line_1_126' title="bbox 1472 2536 2547 2580; baseline 0.002 -13"><span class='ocrx_word' id='word_1_1059' title='bbox 1472 2543 1561 2567; x_wconf 88' lang='lat' dir='ltr'>actus</span> <span class='ocrx_word' id='word_1_1060' title='bbox 1577 2536 1706 2567; x_wconf 88' lang='lat' dir='ltr'>maioris</span> <span class='ocrx_word' id='word_1_1061' title='bbox 1726 2536 1929 2576; x_wconf 88' lang='lat' dir='ltr'>perfectionis</span> <span class='ocrx_word' id='word_1_1062' title='bbox 1953 2545 2007 2568; x_wconf 89' lang='lat' dir='ltr'>aut</span> <span class='ocrx_word' id='word_1_1063' title='bbox 2024 2538 2202 2570; x_wconf 89' lang='lat' dir='ltr'>dilectionis</span> <span class='ocrx_word' id='word_1_1064' title='bbox 2219 2546 2324 2580; x_wconf 92' lang='lat' dir='ltr'>potest</span> <span class='ocrx_word' id='word_1_1065' title='bbox 2342 2538 2491 2569; x_wconf 85' lang='lat' dir='ltr'>inveniri:</span> <span class='ocrx_word' id='word_1_1066' title='bbox 2517 2545 2547 2569; x_wconf 92' lang='lat' dir='ltr'>et</span> 
     </span>
     <span class='ocr_line' id='line_1_127' title="bbox 1472 2581 2545 2621; baseline 0.003 -10"><span class='ocrx_word' id='word_1_1067' title='bbox 1472 2587 1640 2621; x_wconf 88' lang='lat' dir='ltr'>propterea</span> <span class='ocrx_word' id='word_1_1068' title='bbox 1656 2581 1743 2612; x_wconf 88' lang='lat' dir='ltr'>Deus</span> <span class='ocrx_word' id='word_1_1069' title='bbox 1760 2581 1837 2612; x_wconf 83' lang='lat' dir='ltr'>dixit</span> <span class='ocrx_word' id='word_1_1070' title='bbox 1851 2581 1881 2611; x_wconf 75' lang='lat'>*1</span> <span class='ocrx_word' id='word_1_1071' title='bbox 1899 2582 2060 2613; x_wconf 83' lang='lat' dir='ltr'>Maiorem</span> <span class='ocrx_word' id='word_1_1072' title='bbox 2077 2584 2244 2614; x_wconf 85' lang='lat' dir='ltr'>caritatem</span> <span class='ocrx_word' id='word_1_1073' title='bbox 2262 2593 2355 2614; x_wconf 86' lang='lat' dir='ltr'>nemo</span> <span class='ocrx_word' id='word_1_1074' title='bbox 2367 2583 2471 2621; x_wconf 86' lang='lat' dir='ltr'>habet,</span> <span class='ocrx_word' id='word_1_1075' title='bbox 2487 2589 2545 2614; x_wconf 90' lang='lat' dir='ltr'>etc.</span> 
     </span>
     <span class='ocr_line' id='line_1_128' title="bbox 1472 2625 2545 2666; baseline 0.002 -10"><span class='ocrx_word' id='word_1_1076' title='bbox 1472 2625 1504 2656; x_wconf 93' lang='lat' dir='ltr'>Si</span> <span class='ocrx_word' id='word_1_1077' title='bbox 1528 2635 1604 2656; x_wconf 91' lang='lat' dir='ltr'>vero</span> <span class='ocrx_word' id='word_1_1078' title='bbox 1628 2626 1668 2656; x_wconf 89' lang='lat' dir='ltr'>ad</span> <span class='ocrx_word' id='word_1_1079' title='bbox 1691 2626 1826 2666; x_wconf 89' lang='lat' dir='ltr'>gradum</span> <span class='ocrx_word' id='word_1_1080' title='bbox 1855 2626 1991 2657; x_wconf 88' lang='lat' dir='ltr'>caritatis</span> <span class='ocrx_word' id='word_1_1081' title='bbox 2020 2626 2051 2656; x_wconf 92' lang='lat' dir='ltr'>in</span> <span class='ocrx_word' id='word_1_1082' title='bbox 2081 2627 2143 2658; x_wconf 91' lang='lat' dir='ltr'>hoc</span> <span class='ocrx_word' id='word_1_1083' title='bbox 2167 2627 2216 2658; x_wconf 90' lang='lat' dir='ltr'>vel</span> <span class='ocrx_word' id='word_1_1084' title='bbox 2240 2627 2295 2658; x_wconf 89' lang='lat' dir='ltr'>illo</span> <span class='ocrx_word' id='word_1_1085' title='bbox 2326 2627 2469 2658; x_wconf 89' lang='lat' dir='ltr'>subiecto</span> <span class='ocrx_word' id='word_1_1086' title='bbox 2500 2635 2545 2658; x_wconf 88' lang='lat' dir='ltr'>at-</span> 
     </span>
     <span class='ocr_line' id='line_1_129' title="bbox 1471 2670 2546 2713; baseline 0.002 -13"><span class='ocrx_word' id='word_1_1087' title='bbox 1471 2670 1659 2707; x_wconf 90' lang='lat' dir='ltr'>tendamus,</span> <span class='ocrx_word' id='word_1_1088' title='bbox 1684 2670 1728 2701; x_wconf 90' lang='lat' dir='ltr'>sic</span> <span class='ocrx_word' id='word_1_1089' title='bbox 1758 2670 1919 2701; x_wconf 89' lang='lat' dir='ltr'>invenitur</span> <span class='ocrx_word' id='word_1_1090' title='bbox 1945 2679 1975 2701; x_wconf 94' lang='lat' dir='ltr'>et</span> <span class='ocrx_word' id='word_1_1091' title='bbox 1999 2671 2088 2711; x_wconf 92' lang='lat' dir='ltr'>quod</span> <span class='ocrx_word' id='word_1_1092' title='bbox 2118 2671 2304 2713; x_wconf 89' lang='lat' dir='ltr'>martyrium</span> <span class='ocrx_word' id='word_1_1093' title='bbox 2334 2671 2443 2708; x_wconf 89' lang='lat' dir='ltr'>unius,</span> <span class='ocrx_word' id='word_1_1094' title='bbox 2468 2679 2546 2711; x_wconf 91' lang='lat' dir='ltr'>puta</span> 
     </span>
     <span class='ocr_line' id='line_1_130' title="bbox 1443 2714 2546 2756; baseline 0.002 -12"><span class='ocrx_word' id='word_1_1095' title='bbox 1443 2746 1445 2751; x_wconf 65' lang='grc'><strong>,</strong></span> <span class='ocrx_word' id='word_1_1096' title='bbox 1471 2715 1570 2746; x_wconf 84' lang='lat' dir='ltr'>sancti</span> <span class='ocrx_word' id='word_1_1097' title='bbox 1602 2714 1704 2751; x_wconf 88' lang='lat' dir='ltr'>Petri,</span> <span class='ocrx_word' id='word_1_1098' title='bbox 1729 2722 1775 2745; x_wconf 90' lang='lat' dir='ltr'>est</span> <span class='ocrx_word' id='word_1_1099' title='bbox 1802 2714 1972 2755; x_wconf 89' lang='lat' dir='ltr'>perfectius</span> <span class='ocrx_word' id='word_1_1100' title='bbox 1996 2716 2147 2756; x_wconf 86' lang='lat' dir='ltr'>martyrio</span> <span class='ocrx_word' id='word_1_1101' title='bbox 2172 2716 2314 2752; x_wconf 89' lang='lat' dir='ltr'>alterius,</span> <span class='ocrx_word' id='word_1_1102' title='bbox 2339 2723 2417 2756; x_wconf 90' lang='lat' dir='ltr'>puta</span> <span class='ocrx_word' id='word_1_1103' title='bbox 2447 2716 2546 2746; x_wconf 89' lang='lat' dir='ltr'>sancti</span> 
     </span>
     <span class='ocr_line' id='line_1_131' title="bbox 1471 2759 2545 2801; baseline 0.002 -12"><span class='ocrx_word' id='word_1_1104' title='bbox 1471 2759 1629 2796; x_wconf 89' lang='lat' dir='ltr'>Quintini,</span> <span class='ocrx_word' id='word_1_1105' title='bbox 1655 2766 1767 2800; x_wconf 91' lang='lat' dir='ltr'>utpote</span> <span class='ocrx_word' id='word_1_1106' title='bbox 1791 2769 1828 2790; x_wconf 85' lang='lat' dir='ltr'>ex</span> <span class='ocrx_word' id='word_1_1107' title='bbox 1851 2759 1965 2790; x_wconf 88' lang='lat' dir='ltr'>maiori</span> <span class='ocrx_word' id='word_1_1108' title='bbox 1989 2760 2114 2791; x_wconf 83' lang='lat' dir='ltr'>caritate</span> <span class='ocrx_word' id='word_1_1109' title='bbox 2139 2761 2328 2801; x_wconf 87' lang='lat' dir='ltr'>procedens:</span> <span class='ocrx_word' id='word_1_1110' title='bbox 2354 2768 2383 2791; x_wconf 89' lang='lat' dir='ltr'>et</span> <span class='ocrx_word' id='word_1_1111' title='bbox 2403 2761 2545 2791; x_wconf 87' lang='lat' dir='ltr'>similiter</span> 
     </span>
     <span class='ocr_line' id='line_1_132' title="bbox 1469 2803 2544 2845; baseline 0.001 -11"><span class='ocrx_word' id='word_1_1112' title='bbox 1469 2803 1584 2844; x_wconf 88' lang='lat' dir='ltr'>aliquis</span> <span class='ocrx_word' id='word_1_1113' title='bbox 1600 2811 1688 2834; x_wconf 90' lang='lat' dir='ltr'>actus</span> <span class='ocrx_word' id='word_1_1114' title='bbox 1703 2803 1834 2834; x_wconf 88' lang='lat' dir='ltr'>interior</span> <span class='ocrx_word' id='word_1_1115' title='bbox 1850 2804 1900 2834; x_wconf 89' lang='lat' dir='ltr'>vel</span> <span class='ocrx_word' id='word_1_1116' title='bbox 1916 2804 2060 2841; x_wconf 92' lang='lat' dir='ltr'>exterior,</span> <span class='ocrx_word' id='word_1_1117' title='bbox 2078 2811 2156 2845; x_wconf 91' lang='lat' dir='ltr'>puta</span> <span class='ocrx_word' id='word_1_1118' title='bbox 2172 2805 2300 2836; x_wconf 89' lang='lat' dir='ltr'>dilectio</span> <span class='ocrx_word' id='word_1_1119' title='bbox 2323 2805 2453 2836; x_wconf 88' lang='lat' dir='ltr'>interior</span> <span class='ocrx_word' id='word_1_1120' title='bbox 2468 2805 2544 2835; x_wconf 91' lang='lat' dir='ltr'>Bea-</span> 
     </span>
     <span class='ocr_line' id='line_1_133' title="bbox 1470 2848 2543 2890; baseline 0.002 -12"><span class='ocrx_word' id='word_1_1121' title='bbox 1470 2854 1520 2878; x_wconf 86' lang='lat' dir='ltr'>tae</span> <span class='ocrx_word' id='word_1_1122' title='bbox 1536 2848 1690 2889; x_wconf 88' lang='lat' dir='ltr'>Virginis;</span> <span class='ocrx_word' id='word_1_1123' title='bbox 1712 2855 1742 2879; x_wconf 92' lang='lat' dir='ltr'>et</span> <span class='ocrx_word' id='word_1_1124' title='bbox 1765 2848 1909 2879; x_wconf 90' lang='lat' dir='ltr'>similiter</span> <span class='ocrx_word' id='word_1_1125' title='bbox 1933 2849 2112 2889; x_wconf 85' lang='lat' dir='ltr'>explanatio</span> <span class='ocrx_word' id='word_1_1126' title='bbox 2130 2859 2194 2890; x_wconf 91' lang='lat' dir='ltr'>qua</span> <span class='ocrx_word' id='word_1_1127' title='bbox 2218 2849 2392 2890; x_wconf 91' lang='lat' dir='ltr'>discipulos</span> <span class='ocrx_word' id='word_1_1128' title='bbox 2412 2849 2543 2880; x_wconf 88' lang='lat' dir='ltr'>Domini</span> 
     </span>
     <span class='ocr_line' id='line_1_134' title="bbox 1469 2892 2543 2934; baseline 0.001 -11"><span class='ocrx_word' id='word_1_1129' title='bbox 1469 2902 1552 2934; x_wconf 90' lang='lat' dir='ltr'>quae</span> <span class='ocrx_word' id='word_1_1130' title='bbox 1569 2893 1608 2923; x_wconf 94' lang='lat' dir='ltr'>de</span> <span class='ocrx_word' id='word_1_1131' title='bbox 1623 2892 1696 2923; x_wconf 90' lang='lat' dir='ltr'>Filii</span> <span class='ocrx_word' id='word_1_1132' title='bbox 1712 2892 1964 2929; x_wconf 88' lang='lat' dir='ltr'>annuntiatione,</span> <span class='ocrx_word' id='word_1_1133' title='bbox 1982 2894 2202 2934; x_wconf 90' lang='lat' dir='ltr'>conceptione,</span> <span class='ocrx_word' id='word_1_1134' title='bbox 2217 2894 2388 2930; x_wconf 86' lang='lat' dir='ltr'>nativitate,</span> <span class='ocrx_word' id='word_1_1135' title='bbox 2400 2901 2469 2930; x_wconf 68' lang='lat' dir='ltr'>etc„</span> <span class='ocrx_word' id='word_1_1136' title='bbox 2486 2904 2543 2924; x_wconf 92' lang='lat' dir='ltr'>no-</span> 
     </span>
     <span class='ocr_line' id='line_1_135' title="bbox 1469 2936 2543 2978; baseline 0.001 -11"><span class='ocrx_word' id='word_1_1137' title='bbox 1469 2943 1565 2973; x_wconf 91' lang='lat' dir='ltr'>verat,</span> <span class='ocrx_word' id='word_1_1138' title='bbox 1583 2937 1708 2973; x_wconf 88' lang='lat' dir='ltr'>docuit;</span> <span class='ocrx_word' id='word_1_1139' title='bbox 1733 2936 1902 2977; x_wconf 88' lang='lat' dir='ltr'>perfectior</span> <span class='ocrx_word' id='word_1_1140' title='bbox 1925 2945 2023 2974; x_wconf 86' lang='lat' dir='ltr'>actus,</span> <span class='ocrx_word' id='word_1_1141' title='bbox 2041 2948 2078 2969; x_wconf 87' lang='lat' dir='ltr'>ex</span> <span class='ocrx_word' id='word_1_1142' title='bbox 2102 2945 2188 2978; x_wconf 87' lang='lat' dir='ltr'>parte</span> <span class='ocrx_word' id='word_1_1143' title='bbox 2212 2938 2341 2969; x_wconf 86' lang='lat' dir='ltr'>maioris</span> <span class='ocrx_word' id='word_1_1144' title='bbox 2359 2938 2494 2969; x_wconf 88' lang='lat' dir='ltr'>caritatis</span> <span class='ocrx_word' id='word_1_1145' title='bbox 2511 2938 2543 2968; x_wconf 90' lang='lat' dir='ltr'>in</span> 
     </span>
     <span class='ocr_line' id='line_1_136' title="bbox 1469 2981 2544 3024; baseline 0.002 -13"><span class='ocrx_word' id='word_1_1146' title='bbox 1469 2981 1538 3021; x_wconf 89' lang='lat' dir='ltr'>ipsa</span> <span class='ocrx_word' id='word_1_1147' title='bbox 1568 2981 1663 3012; x_wconf 89' lang='lat' dir='ltr'>Beata</span> <span class='ocrx_word' id='word_1_1148' title='bbox 1687 2981 1831 3021; x_wconf 88' lang='lat' dir='ltr'>Virgine,</span> <span class='ocrx_word' id='word_1_1149' title='bbox 1861 2981 1922 3012; x_wconf 91' lang='lat' dir='ltr'>fuit</span> <span class='ocrx_word' id='word_1_1150' title='bbox 1944 2993 2043 3023; x_wconf 90' lang='lat' dir='ltr'>quam</span> <span class='ocrx_word' id='word_1_1151' title='bbox 2073 2983 2261 3024; x_wconf 85' lang='lat' dir='ltr'>martyrium</span> <span class='ocrx_word' id='word_1_1152' title='bbox 2289 2983 2438 3024; x_wconf 86' lang='lat' dir='ltr'>aliquod,</span> <span class='ocrx_word' id='word_1_1153' title='bbox 2467 2990 2544 3022; x_wconf 88' lang='lat' dir='ltr'>puta</span> 
     </span>
     <span class='ocr_line' id='line_1_137' title="bbox 1470 3025 2543 3068; baseline 0 -12"><span class='ocrx_word' id='word_1_1154' title='bbox 1470 3025 1552 3056; x_wconf 86' lang='lat' dir='ltr'>beati</span> <span class='ocrx_word' id='word_1_1155' title='bbox 1575 3026 1669 3056; x_wconf 89' lang='lat' dir='ltr'>Petri.</span> <span class='ocrx_word' id='word_1_1156' title='bbox 1702 3027 1777 3056; x_wconf 91' lang='lat' dir='ltr'>Non</span> <span class='ocrx_word' id='word_1_1157' title='bbox 1800 3034 1906 3057; x_wconf 89' lang='lat' dir='ltr'>tamen</span> <span class='ocrx_word' id='word_1_1158' title='bbox 1931 3026 1992 3058; x_wconf 87' lang='lat' dir='ltr'>fuit</span> <span class='ocrx_word' id='word_1_1159' title='bbox 2015 3026 2184 3067; x_wconf 89' lang='lat' dir='ltr'>perfectior</span> <span class='ocrx_word' id='word_1_1160' title='bbox 2206 3035 2294 3058; x_wconf 85' lang='lat' dir='ltr'>actus</span> <span class='ocrx_word' id='word_1_1161' title='bbox 2318 3037 2417 3068; x_wconf 89' lang='lat' dir='ltr'>quam</span> <span class='ocrx_word' id='word_1_1162' title='bbox 2440 3027 2543 3067; x_wconf 93' lang='lat' dir='ltr'>quod-</span> 
     </span>
     <span class='ocr_line' id='line_1_138' title="bbox 1469 3070 2544 3112; baseline 0.001 -12"><span class='ocrx_word' id='word_1_1163' title='bbox 1469 3079 1609 3111; x_wconf 89' lang='lat' dir='ltr'>cumque</span> <span class='ocrx_word' id='word_1_1164' title='bbox 1634 3070 1839 3112; x_wconf 87' lang='lat' dir='ltr'>martyrium:</span> <span class='ocrx_word' id='word_1_1165' title='bbox 1867 3070 1943 3112; x_wconf 90' lang='lat' dir='ltr'>quia</span> <span class='ocrx_word' id='word_1_1166' title='bbox 1966 3072 2154 3112; x_wconf 88' lang='lat' dir='ltr'>martyrium</span> <span class='ocrx_word' id='word_1_1167' title='bbox 2180 3071 2315 3107; x_wconf 88' lang='lat' dir='ltr'>Christi,</span> <span class='ocrx_word' id='word_1_1168' title='bbox 2340 3071 2396 3112; x_wconf 91' lang='lat' dir='ltr'>qui</span> <span class='ocrx_word' id='word_1_1169' title='bbox 2420 3071 2463 3102; x_wconf 87' lang='lat' dir='ltr'>ad</span> <span class='ocrx_word' id='word_1_1170' title='bbox 2485 3071 2544 3102; x_wconf 86' lang='lat' dir='ltr'>hoc</span> 
     </span>
     <span class='ocr_line' id='line_1_139' title="bbox 1470 3115 2544 3156; baseline 0.001 -11"><span class='ocrx_word' id='word_1_1171' title='bbox 1470 3115 1556 3146; x_wconf 81' lang='lat' dir='ltr'>venit</span> <span class='ocrx_word' id='word_1_1172' title='bbox 1578 3115 1611 3145; x_wconf 87' lang='lat' dir='ltr'>in</span> <span class='ocrx_word' id='word_1_1173' title='bbox 1628 3115 1783 3146; x_wconf 86' lang='lat' dir='ltr'>mundum</span> <span class='ocrx_word' id='word_1_1174' title='bbox 1805 3121 1841 3146; x_wconf 86' lang='lat' dir='ltr'>ut</span> <span class='ocrx_word' id='word_1_1175' title='bbox 1864 3116 2078 3146; x_wconf 82' lang='lat' dir='ltr'>testimonium</span> <span class='ocrx_word' id='word_1_1176' title='bbox 2094 3116 2279 3156; x_wconf 84' lang='lat' dir='ltr'>perhiberet</span> <span class='ocrx_word' id='word_1_1177' title='bbox 2302 3117 2431 3147; x_wconf 77' lang='lat' dir='ltr'>veritati</span> <span class='ocrx_word' id='word_1_1178' title='bbox 2445 3115 2471 3152; x_wconf 91' lang='lat'>*‚</span> <span class='ocrx_word' id='word_1_1179' title='bbox 2497 3122 2544 3146; x_wconf 89' lang='lat' dir='ltr'>est</span> 
     </span>
     <span class='ocr_line' id='line_1_140' title="bbox 1441 3160 2541 3200; baseline 0.001 -11"><span class='ocrx_word' id='word_1_1180' title='bbox 1441 3178 1443 3194; x_wconf 87' lang='grc'>.</span> <span class='ocrx_word' id='word_1_1181' title='bbox 1469 3166 1558 3189; x_wconf 90' lang='lat' dir='ltr'>actus</span> <span class='ocrx_word' id='word_1_1182' title='bbox 1582 3166 1613 3190; x_wconf 89' lang='lat' dir='ltr'>et</span> <span class='ocrx_word' id='word_1_1183' title='bbox 1636 3160 1814 3190; x_wconf 91' lang='lat' dir='ltr'>secundum</span> <span class='ocrx_word' id='word_1_1184' title='bbox 1839 3170 1935 3190; x_wconf 92' lang='lat' dir='ltr'>suum</span> <span class='ocrx_word' id='word_1_1185' title='bbox 1959 3170 2076 3199; x_wconf 86' lang='lat' dir='ltr'>genus,</span> <span class='ocrx_word' id='word_1_1186' title='bbox 2103 3167 2134 3191; x_wconf 92' lang='lat' dir='ltr'>et</span> <span class='ocrx_word' id='word_1_1187' title='bbox 2156 3170 2192 3190; x_wconf 88' lang='lat' dir='ltr'>ex</span> <span class='ocrx_word' id='word_1_1188' title='bbox 2216 3167 2303 3200; x_wconf 88' lang='lat' dir='ltr'>parte</span> <span class='ocrx_word' id='word_1_1189' title='bbox 2326 3160 2442 3200; x_wconf 87' lang='lat' dir='ltr'>gradus</span> <span class='ocrx_word' id='word_1_1190' title='bbox 2466 3160 2541 3190; x_wconf 88' lang='lat' dir='ltr'>cari-</span> 
     </span>
     <span class='ocr_line' id='line_1_141' title="bbox 1469 3203 2542 3244; baseline 0.001 -11"><span class='ocrx_word' id='word_1_1191' title='bbox 1469 3203 1541 3234; x_wconf 91' lang='lat' dir='ltr'>tatis</span> <span class='ocrx_word' id='word_1_1192' title='bbox 1570 3203 1602 3233; x_wconf 87' lang='lat' dir='ltr'>in</span> <span class='ocrx_word' id='word_1_1193' title='bbox 1635 3204 1795 3240; x_wconf 89' lang='lat' dir='ltr'>subiecto,</span> <span class='ocrx_word' id='word_1_1194' title='bbox 1827 3204 2012 3244; x_wconf 91' lang='lat' dir='ltr'>simpliciter</span> <span class='ocrx_word' id='word_1_1195' title='bbox 2042 3204 2287 3244; x_wconf 88' lang='lat' dir='ltr'>perfectissimus</span> <span class='ocrx_word' id='word_1_1196' title='bbox 2318 3204 2399 3235; x_wconf 90' lang='lat' dir='ltr'>inter</span> <span class='ocrx_word' id='word_1_1197' title='bbox 2429 3214 2542 3234; x_wconf 89' lang='lat' dir='ltr'>omnes</span> 
     </span>
    </p>
   </div>
   <div class='ocr_carea' id='block_1_30' title="bbox 1467 3247 2541 3467">
    <p class='ocr_par' dir='ltr' id='par_1_34' title="bbox 1467 3247 2541 3467">
     <span class='ocr_line' id='line_1_142' title="bbox 1469 3247 2541 3285; baseline 0.002 -8"><span class='ocrx_word' id='word_1_1198' title='bbox 1469 3254 1557 3277; x_wconf 90' lang='lat' dir='ltr'>actus</span> <span class='ocrx_word' id='word_1_1199' title='bbox 1581 3247 1751 3278; x_wconf 90' lang='lat' dir='ltr'>humanos.</span> <span class='ocrx_word' id='word_1_1200' title='bbox 1776 3248 1817 3278; x_wconf 86' lang='lat' dir='ltr'>Et</span> <span class='ocrx_word' id='word_1_1201' title='bbox 1840 3248 1954 3279; x_wconf 88' lang='lat' dir='ltr'>merito</span> <span class='ocrx_word' id='word_1_1202' title='bbox 1980 3249 2024 3278; x_wconf 89' lang='lat' dir='ltr'>sic</span> <span class='ocrx_word' id='word_1_1203' title='bbox 2048 3259 2115 3279; x_wconf 86' lang='lat' dir='ltr'>esse</span> <span class='ocrx_word' id='word_1_1204' title='bbox 2140 3249 2258 3285; x_wconf 91' lang='lat' dir='ltr'>debuit,</span> <span class='ocrx_word' id='word_1_1205' title='bbox 2284 3249 2323 3279; x_wconf 90' lang='lat' dir='ltr'>ad</span> <span class='ocrx_word' id='word_1_1206' title='bbox 2348 3249 2409 3279; x_wconf 90' lang='lat' dir='ltr'>hoc</span> <span class='ocrx_word' id='word_1_1207' title='bbox 2429 3256 2464 3279; x_wconf 93' lang='lat' dir='ltr'>ut</span> <span class='ocrx_word' id='word_1_1208' title='bbox 2489 3259 2541 3279; x_wconf 89' lang='lat' dir='ltr'>su-</span> 
     </span>
     <span class='ocr_line' id='line_1_143' title="bbox 1468 3292 2539 3334; baseline 0.003 -13"><span class='ocrx_word' id='word_1_1209' title='bbox 1468 3301 1616 3331; x_wconf 88' lang='lat' dir='ltr'>premum</span> <span class='ocrx_word' id='word_1_1210' title='bbox 1641 3302 1742 3332; x_wconf 89' lang='lat' dir='ltr'>genus</span> <span class='ocrx_word' id='word_1_1211' title='bbox 1762 3299 1892 3323; x_wconf 90' lang='lat' dir='ltr'>actuum</span> <span class='ocrx_word' id='word_1_1212' title='bbox 1915 3292 2144 3329; x_wconf 88' lang='lat' dir='ltr'>humanorum,</span> <span class='ocrx_word' id='word_1_1213' title='bbox 2161 3294 2252 3334; x_wconf 92' lang='lat' dir='ltr'>quod</span> <span class='ocrx_word' id='word_1_1214' title='bbox 2271 3300 2318 3324; x_wconf 89' lang='lat' dir='ltr'>est</span> <span class='ocrx_word' id='word_1_1215' title='bbox 2341 3293 2539 3334; x_wconf 88' lang='lat' dir='ltr'>martyrium,</span> 
     </span>
     <span class='ocr_line' id='line_1_144' title="bbox 1468 3335 2541 3379; baseline 0.003 -13"><span class='ocrx_word' id='word_1_1216' title='bbox 1468 3335 1583 3366; x_wconf 85' lang='lat' dir='ltr'>habeat</span> <span class='ocrx_word' id='word_1_1217' title='bbox 1606 3336 1655 3367; x_wconf 90' lang='lat' dir='ltr'>sui</span> <span class='ocrx_word' id='word_1_1218' title='bbox 1680 3346 1878 3377; x_wconf 89' lang='lat' dir='ltr'>supremum,</span> <span class='ocrx_word' id='word_1_1219' title='bbox 1895 3336 1957 3367; x_wconf 92' lang='lat' dir='ltr'>hoc</span> <span class='ocrx_word' id='word_1_1220' title='bbox 1981 3343 2028 3367; x_wconf 90' lang='lat' dir='ltr'>est</span> <span class='ocrx_word' id='word_1_1221' title='bbox 2050 3337 2239 3378; x_wconf 87' lang='lat' dir='ltr'>martyrium</span> <span class='ocrx_word' id='word_1_1222' title='bbox 2255 3347 2442 3379; x_wconf 90' lang='lat' dir='ltr'>supremum</span> <span class='ocrx_word' id='word_1_1223' title='bbox 2466 3338 2541 3368; x_wconf 90' lang='lat' dir='ltr'>sim-</span> 
     </span>
     <span class='ocr_line' id='line_1_145' title="bbox 1468 3379 2541 3422; baseline 0.002 -12"><span class='ocrx_word' id='word_1_1224' title='bbox 1468 3379 1604 3420; x_wconf 89' lang='lat' dir='ltr'>pliciter,</span> <span class='ocrx_word' id='word_1_1225' title='bbox 1628 3380 1690 3411; x_wconf 92' lang='lat' dir='ltr'>hoc</span> <span class='ocrx_word' id='word_1_1226' title='bbox 1714 3387 1761 3411; x_wconf 90' lang='lat' dir='ltr'>est</span> <span class='ocrx_word' id='word_1_1227' title='bbox 1788 3391 1975 3421; x_wconf 89' lang='lat' dir='ltr'>supremum</span> <span class='ocrx_word' id='word_1_1228' title='bbox 2007 3381 2191 3422; x_wconf 89' lang='lat' dir='ltr'>simpliciter</span> <span class='ocrx_word' id='word_1_1229' title='bbox 2213 3382 2294 3413; x_wconf 91' lang='lat' dir='ltr'>inter</span> <span class='ocrx_word' id='word_1_1230' title='bbox 2317 3393 2430 3413; x_wconf 88' lang='lat' dir='ltr'>omnes</span> <span class='ocrx_word' id='word_1_1231' title='bbox 2454 3389 2541 3412; x_wconf 82' lang='lat' dir='ltr'>actus</span> 
     </span>
     <span class='ocr_line' id='line_1_146' title="bbox 1467 3424 2434 3467; baseline 0.003 -12"><span class='ocrx_word' id='word_1_1232' title='bbox 1467 3424 1638 3456; x_wconf 89' lang='lat' dir='ltr'>humanos.</span> <span class='ocrx_word' id='word_1_1233' title='bbox 1663 3425 1736 3456; x_wconf 87' lang='lat' dir='ltr'>Hoc</span> <span class='ocrx_word' id='word_1_1234' title='bbox 1759 3425 1847 3456; x_wconf 88' lang='lat' dir='ltr'>enim</span> <span class='ocrx_word' id='word_1_1235' title='bbox 1869 3426 1950 3456; x_wconf 93' lang='lat' dir='ltr'>ordo</span> <span class='ocrx_word' id='word_1_1236' title='bbox 1976 3425 2112 3457; x_wconf 88' lang='lat' dir='ltr'>universi</span> <span class='ocrx_word' id='word_1_1237' title='bbox 2136 3433 2279 3467; x_wconf 90' lang='lat' dir='ltr'>expetere</span> <span class='ocrx_word' id='word_1_1238' title='bbox 2301 3426 2434 3458; x_wconf 90' lang='lat' dir='ltr'>videtur.</span> 
     </span>
    </p>
   </div>
   <div class='ocr_carea' id='block_1_31' title="bbox 1440 2437 1447 3463">
    <p class='ocr_par' dir='ltr' id='par_1_35' title="bbox 1440 2437 1447 3463">
     <span class='ocr_line' id='line_1_147' title="bbox 1440 2437 1447 3463; baseline 0 0"><span class='ocrx_word' id='word_1_1239' title='bbox 1440 2437 1447 3463; x_wconf 95' lang='lat' dir='ltr'> </span> 
     </span>
    </p>
   </div>
   <div class='ocr_carea' id='block_1_32' title="bbox 2574 2591 2768 2649">
    <p class='ocr_par' dir='ltr' id='par_1_36' title="bbox 2574 2591 2768 2649">
     <span class='ocr_line' id='line_1_148' title="bbox 2574 2591 2768 2622; baseline 0.01 -9"><span class='ocrx_word' id='word_1_1240' title='bbox 2574 2592 2581 2599; x_wconf 87' lang='grc'>·</span> <span class='ocrx_word' id='word_1_1241' title='bbox 2599 2591 2662 2613; x_wconf 83' lang='lat' dir='ltr'>loan.</span> <span class='ocrx_word' id='word_1_1242' title='bbox 2682 2599 2734 2622; x_wconf 86' lang='lat' dir='ltr'>cap.</span> <span class='ocrx_word' id='word_1_1243' title='bbox 2749 2601 2768 2615; x_wconf 63' lang='lat' dir='ltr'>x*</span> 
     </span>
     <span class='ocr_line' id='line_1_149' title="bbox 2575 2625 2678 2649; baseline 0.029 -10"><span class='ocrx_word' id='word_1_1244' title='bbox 2575 2625 2632 2641; x_wconf 83' lang='lat' dir='ltr'>vers.</span> <span class='ocrx_word' id='word_1_1245' title='bbox 2649 2626 2678 2649; x_wconf 84' lang='lat'>¹3-</span> 
     </span>
    </p>
   </div>
   <div class='ocr_carea' id='block_1_33' title="bbox 2570 3120 2768 3175">
    <p class='ocr_par' dir='ltr' id='par_1_37' title="bbox 2570 3120 2768 3175">
     <span class='ocr_line' id='line_1_150' title="bbox 2570 3120 2768 3147; baseline 0.005 -6"><span class='ocrx_word' id='word_1_1246' title='bbox 2570 3120 2580 3129; x_wconf 77' lang='lat'>⁸</span> <span class='ocrx_word' id='word_1_1247' title='bbox 2589 3120 2708 3147; x_wconf 78' lang='lat' dir='ltr'>Ioan.cap.</span> <span class='ocrx_word' id='word_1_1248' title='bbox 2717 3127 2768 3142; x_wconf 58' lang='grc' dir='ltr'>ινιτ</span> 
     </span>
     <span class='ocr_line' id='line_1_151' title="bbox 2570 3152 2675 3175; baseline 0.019 -9"><span class='ocrx_word' id='word_1_1249' title='bbox 2570 3152 2629 3168; x_wconf 84' lang='lat' dir='ltr'>vers.</span> <span class='ocrx_word' id='word_1_1250' title='bbox 2639 3152 2675 3175; x_wconf 85' lang='lat'>37.</span> 
     </span>
    </p>
   </div>
  </div>
 </body>
</html>
