2768 4198
0 4133 7 4198 vsu—,-
0 3925 8 4123 er-aeffe-w--r
0 3850 6 3919 -·-—-„.-
0 3821 11 3836 ἵ
0 3692 9 3811 νην-ψη-υ-
0 3631 5 3683 w-‚v
0 3557 9 3616 -..ss

68 1150 80 1162 ⁸
104 1149 132 1172 ln
165 1148 281 1178 solutione

67 1179 156 1206 que-t.

69 1235 159 1261 ’(Εεκ.
183 1241 233 1264 etp.
255 1241 282 1262 n,

68 1268 128 1286 ven.
142 1269 179 1290 ²⁴-

71 1542 142 1566 ·An.
151 1548 174 1573 3,
181 1546 284 1565 meim-

74 1809 166 1851 ἰῇ,
182 1810 287 1833 emm.

75 1901 86 1912 ⁸
99 1898 171 1922 Nun.
185 1904 209 1926 v,
222 1903 253 1920 νι.

79 2166 90 2176 ⁸
101 2164 172 2187 Num.
188 2170 218 2186 iv.

88 2551 109 2567 -4
135 2555 169 2570 ,ιιι
187 2550 198 2568 ,ἵ
228 2555 238 2567 τ]

108 2576 159 2597 *11¹3
183 2580 202 2595 in
231 2582 241 2590 τ

86 2965 95 2976 ’
106 2965 115 2986 1
128 2964 162 2986 ad
170 2963 235 2990 Cor„
245 2968 296 2991 cap.

84 2995 247 3044 'laidet-1933.
257 3022 277 3038 a.

972 257 1241 305 QUAESTIO
1272 257 1410 304 CLIV,
1439 256 1738 294 ARTICULUS
1768 256 1821 292 IX

298 343 380 374 inter
402 349 546 383 parentes
569 340 743 381 proximos,
767 339 830 369 hoc
853 345 900 368 est
923 345 1045 378 patrem
1070 344 1100 368 et
1123 344 1257 367 matrem
1281 343 1311 367 et
1333 335 1369 366 fi-
1394 335 1397 371 ’ῑ

298 388 360 418 lios
383 397 439 418 seu
462 385 552 422 filias,
569 392 616 416 est
638 383 790 415 naturalis
806 383 978 413 reverentia
1000 392 1056 422 per
1079 392 1122 413 se.
1147 381 1187 412 Et
1203 387 1370 421 propterea
1396 398 1397 405 κ

299 432 376 462 istae
400 430 486 461 solae
510 438 664 470 personae
687 427 840 458 inhabiles
864 427 1040 457 redduntur
1063 427 1102 456 ad
1122 425 1308 465 coniugium
1333 435 1370 455 ex
1396 439 1398 470 y,

300 475 422 507 ratione
444 473 594 505 naturalis
617 471 819 503 reverentiae.
844 471 885 502 Et
908 471 983 512 quia
1002 470 1079 501 haec
1095 471 1163 501 sola
1182 470 1261 500 ratio
1285 470 1370 500 inve-

301 519 387 551 nitur
410 528 539 559 urgens‚
563 517 636 548 ideo
655 519 777 548 Auctor
805 515 927 556 optime
950 515 1006 545 has
1035 515 1118 546 solas
1146 524 1297 555 personas
1321 524 1371 544 ex-

303 606 543 643 consuetudine,
568 613 599 636 et
621 605 744 646 legibus
768 603 978 645 superadditis
1003 604 1116 634 divinis
1138 603 1189 634 vel
1212 602 1371 639 humanis,

303 652 490 693 regulandas
514 650 601 681 dixit.

359 696 412 727 ix.
437 695 530 727 Unde
545 701 611 725 tam
634 693 853 724 subtrahentes
872 702 1024 733 personas
1040 691 1073 722 in
1089 691 1186 722 veteri
1208 691 1276 732 lege
1300 700 1373 731 pro-

304 784 543 829 ascendentium
567 790 598 814 et
614 781 884 818 descendentium,
901 782 1061 812 humanae
1081 780 1318 821 dispensationi,
1335 780 1374 810 ab

304 828 453 860 Auctoris
469 827 615 858 doctriua
638 834 668 858 et
690 826 820 857 veritate
835 826 948 866 procul
971 832 1056 856 sunt.
1079 825 1129 855 Ab
1145 827 1284 855 Auctore
1305 823 1375 864 qui—

305 917 441 948 mediate
471 916 659 947 coniunctae
692 925 759 946 non
791 915 851 945 nisi
874 922 984 945 contra
1011 914 1187 944 naturalem
1220 913 1376 943 rationem

307 1060 437 1081 manum
461 1049 709 1089 coniunguntur.

365 1097 394 1125 A
417 1094 546 1125 veritate
569 1100 686 1129 autem,
704 1092 779 1133 quia
801 1090 989 1126 voluntarie,
1007 1097 1061 1120 aut
1084 1089 1309 1120 insufficienter
1330 1089 1378 1118 10-
1404 1078 1406 1116 ἶ

308 1145 462 1180 quuntur.
486 1135 674 1169 Voluntarie
689 1145 828 1176 namque
844 1135 969 1170 Scotus‚
986 1134 1019 1164 in
1033 1144 1071 1164 xi.
1091 1133 1162 1164 dist.
1179 1133 1197 1152 *
1220 1133 1263 1163 IV
1277 1133 1378 1170 Sem„

308 1183 459 1224 glossavit
482 1182 615 1212 verbum
638 1180 718 1211 illud
741 1180 846 1215 Adae,
874 1179 1043 1219 Relinquet
1073 1178 1166 1208 homo
1192 1182 1321 1217 patrem
1350 1182 1381 1207 et
1405 1194 1408 1222 ι

309 1226 488 1264 matrerm*
507 1226 596 1267 quod
619 1224 805 1264 intelligitur
828 1233 895 1254 non
917 1223 1024 1253 solum
1049 1222 1087 1252 de
1109 1228 1198 1262 patre
1221 1220 1379 1260 proximo,

310 1366 358 1391 est
380 1366 490 1390 contra
513 1357 669 1388 rationem
691 1357 834 1387 allatam:
860 1355 978 1386 scilicet
993 1354 1082 1395 quod
1106 1363 1197 1384 meus
1213 1363 1291 1383 avus
1315 1363 1382 1383 non

311 1446 466 1482 accidens,
490 1445 723 1487 relinquuntur.

369 1490 596 1522 insufficienter
625 1498 700 1519 vero
731 1489 841 1519 Petrus
874 1488 913 1518 de
942 1487 1080 1523 Palude,
1108 1486 1142 1516 in
1174 1496 1211 1516 xi.
1241 1485 1384 1516 similiter

312 1536 385 1567 dist.
399 1535 418 1555 ²⁸
440 1535 494 1566 IV.
510 1534 611 1572 Sem„
627 1533 751 1574 probat.
769 1532 884 1573 primo,
899 1532 989 1573 quod
1012 1531 1095 1561 linea
1118 1538 1203 1561 recta
1226 1530 1259 1560 in
1281 1529 1383 1560 infini-

313 1587 383 1612 tum
407 1579 446 1611 sit
470 1578 638 1620 prohibita,
662 1578 738 1618 quia
761 1577 862 1617 magis
885 1585 1066 1607 reveremur
1088 1585 1185 1605 avum
1208 1584 1307 1615 quam
1330 1584 1385 1615 pa-

314 1667 353 1700 a'd
376 1675 480 1710 patres
503 1677 560 1709 per
582 1677 625 1703 se,
650 1667 690 1697 ad
713 1676 810 1697 avum
832 1676 889 1707 per
918 1665 1064 1696 accidens
1087 1671 1134 1695 est
1157 1664 1307 1694 naturalis
1338 1673 1384 1694 re-

314 1767 410 1789 avum
433 1757 594 1787 viventem
617 1763 653 1786 ut
676 1754 818 1796 primum
849 1753 1019 1785 dominum
1043 1762 1165 1789 rerum,
1190 1759 1221 1783 et
1243 1752 1386 1793 primum

313 1802 348 1833 in
369 1801 578 1842 gubernando
602 1799 796 1840 principium
822 1808 1011 1830 reveremur.
1036 1815 1056 1821 —
1081 1796 1230 1828 Secundo
1245 1797 1271 1832 *,
1297 1797 1385 1836 quod

315 1941 418 1978 patet,
442 1933 662 1965 determinatio
686 1939 735 1963 tot
763 1941 972 1972 personarum
1001 1937 1121 1971 spectat
1149 1930 1188 1960 ad
1219 1929 1388 1966 iudicialia,

316 1982 382 2010 non
406 1977 446 2009 ad
469 1977 602 2008 moralia
618 1975 802 2018 simpliciter
824 1975 900 2006 iuris
924 1974 1034 2006 divini:
1061 1973 1216 2015 quoniam
1232 1973 1310 2004 ratio
1334 1984 1388 2004 na-

316 2022 426 2054 turalis
449 2031 516 2052 non
538 2019 718 2052 inhabilitat
739 2027 789 2051 tot
804 2029 955 2060 personas
978 2019 1018 2049 ad
1034 2018 1221 2058 coniugium
1245 2025 1326 2058 quot
1345 2017 1388 2048 ibi
1414 2017 1416 2020 ’

317 2066 512 2099 definiuntur
534 2065 700 2096 inhabiles.

318 2199 378 2231 fert
397 2198 673 2230 deordinationem
687 2208 744 2229 seu
761 2197 996 2228 deformitatem
1011 2195 1152 2236 aliquam
1167 2195 1201 2226 in
1217 2195 1389 2226 concubitu

319 2245 375 2275 seu
399 2242 550 2284 coniugio
580 2241 775 2284 reliquarum
798 2250 1008 2282 personarum
1032 2239 1277 2270 coniuncturum
1304 2239 1390 2270 inve·
1416 2257 1418 2273 ,r

319 2287 379 2320 niri
402 2298 459 2328 per
474 2294 524 2318 se:
542 2293 578 2318 ut
593 2293 679 2327 patet
701 2285 908 2316 discurrendo
931 2294 988 2325 per
1003 2283 1153 2324 singulas.
1177 2283 1284 2314 Prima
1299 2293 1390 2314 narn-
1416 2277 1418 2326 }
1444 2285 1569 2315 Incestu
1583 2283 1611 2320 *‚
1635 2294 1672 2314 ex
1695 2284 1763 2314 Eva
1786 2284 1870 2314 solas
1894 2284 2028 2315 feminas
2051 2294 2240 2325 generasset,
2263 2294 2294 2318 et
2316 2287 2518 2327 cognovisset

319 2342 392 2374 que,
408 2333 449 2363 de
464 2331 600 2362 naturali
615 2329 857 2362 honorificentia
873 2329 1130 2364 coniunctorum,
1144 2337 1209 2358 non
1226 2327 1390 2358 concludit
1416 2331 1418 2348 ³

320 2377 359 2411 de
382 2375 527 2418 personis
542 2375 672 2416 reliquis
695 2385 713 2405 a
735 2381 823 2415 patre
847 2380 878 2405 et
901 2380 1010 2410 matre,
1028 2372 1088 2403 nisi
1111 2382 1168 2413 per
1183 2372 1338 2408 accidens,
1355 2379 1391 2403 ut

318 2427 406 2462 patet
428 2430 466 2452 ex
488 2419 590 2451 dictis.
614 2437 634 2443 —
657 2419 814 2454 Secunda,
840 2419 878 2450 de
902 2417 1037 2449 mollitie
1061 2416 1170 2453 animi,
1193 2424 1225 2448 et
1247 2416 1392 2448 similiter
1417 2405 1419 2454 Ξ
1445 2418 1510 2448 suis
1534 2417 1678 2454 filiabus,
1702 2424 1738 2448 ut
1761 2418 1922 2448 masculus
1949 2418 2064 2459 aliquis
2088 2427 2268 2451 nasceretur
2290 2421 2329 2450 ad
2353 2431 2518 2451 conserva-

319 2471 440 2508 quarta‚
465 2465 504 2495 de
521 2464 622 2495 nimio
646 2464 767 2500 ardore,
792 2462 932 2504 pericula
955 2469 1080 2493 tantum
1104 2461 1180 2492 boni
1197 2461 1326 2492 moralis
1341 2471 1391 2492 ac·
1417 2459 1419 2463 ’

320 2516 420 2550 cepta,
442 2509 542 2549 magis
561 2518 660 2549 quam
675 2508 757 2544 data,
775 2514 806 2538 et
828 2507 978 2538 indirecte
994 2516 1050 2537 seu
1066 2505 1253 2536 secundario
1270 2506 1309 2536 ad
1325 2516 1392 2536 ma-

320 2553 509 2586 trimonium
524 2552 705 2593 spectantis,
718 2550 868 2582 inferunt.
884 2551 969 2582 Nam
981 2560 1048 2581 non
1060 2550 1200 2580 inferunt
1212 2550 1280 2590 ipsa
1297 2550 1390 2586 mala,

321 2598 376 2629 sed
404 2597 543 2638 pericula
573 2606 687 2627 eorum
709 2596 829 2632 adesse,
853 2605 891 2626 ex
913 2595 1014 2626 libero
1038 2594 1189 2634 coniugio
1212 2593 1293 2625 inter
1317 2604 1393 2625 con-

321 2643 444 2674 iunctas
467 2650 634 2682 personas:
659 2646 867 2681 sequerentur
890 2639 975 2671 enim
998 2639 1076 2670 haec
1091 2639 1175 2669 mala
1198 2639 1285 2679 apud
1308 2639 1393 2670 inor-

323 2686 449 2718 dinatos
468 2686 610 2722 animos,
633 2692 665 2716 et
687 2695 754 2715 non
778 2684 864 2725 apud
894 2684 1058 2715 ordinatos
1085 2682 1200 2714 mentis
1226 2683 1391 2720 homines;

323 2739 353 2763 et
376 2738 544 2773 propterea
566 2729 666 2769 magis
689 2735 817 2769 accepta
839 2738 938 2769 quam
961 2729 1033 2759 data
1057 2727 1189 2758 dixerim
1210 2727 1288 2758 haec
1312 2727 1393 2768 peri-
1419 2763 1421 2766 y

323 2775 404 2808 cula.
428 2775 470 2806 Et
492 2774 566 2805 licet
588 2773 660 2804 finis
682 2772 888 2804 secundarius
914 2772 1054 2812 coniugii
1077 2772 1118 2802 sit
1140 2772 1294 2812 repressio
1318 2782 1393 2802 con-

323 2819 545 2861 cupiscentiae,
566 2819 642 2859 quia
665 2825 712 2848 est
734 2827 800 2848 tion
834 2816 948 2847 solum'
964 2817 997 2846 in
1021 2815 1178 2852 officium,
1203 2816 1259 2846 sed
1289 2815 1322 2846 in
1345 2826 1394 2847 re-

322 2864 485 2900 medium:
519 2863 634 2894 directe
658 2869 765 2894 tamen
784 2861 971 2901 coniugium
995 2860 1092 2891 estin
1116 2860 1295 2891 remedium
1319 2870 1393 2891 con-

323 2908 535 2950 cupiscentiae
559 2918 614 2948 per
632 2907 718 2937 viam
734 2905 965 2942 satisfactionis,
989 2905 1076 2936 iuxta
1097 2905 1187 2941 illud,
1211 2905 1332 2936 Melius
1348 2910 1396 2936 est

325 2954 444 2987 nubere
457 2962 553 2994 quam
570 2953 624 2983 uri
637 2952 669 2988 *;
695 2959 734 2988 et,
756 2951 980 2991 Unusquisque
995 2959 1088 2980 suam
1108 2959 1242 2980 uxorem
1261 2949 1394 2988 habeat,

318 3003 455 3039 propter
471 2997 727 3038 fornicationem
743 2995 776 3032 *‚
801 2995 894 3031 dum,
919 2994 1066 3025 habendo
1091 2993 1276 3034 coniugem,
1301 2993 1395 3024 absti-

325 3049 417 3074 netur
439 3042 478 3072 ab
502 3040 580 3072 aliis.
604 3041 678 3071 Tali
700 3046 808 3071 autem
831 3039 931 3070 modo
956 3037 1146 3080 reprimendi
1171 3038 1396 3078 concupiscen-

325 3086 402 3117 tiam
427 3096 492 3116 non
515 3091 671 3126 repugnat
695 3084 881 3116 commixtio
906 3083 1149 3114 coniunctarum
1166 3091 1394 3122 personarum:
1420 3076 1423 3100 J
1448 3093 1505 3124 per
1527 3093 1560 3113 se
1583 3094 1688 3124 prava,
1713 3090 1798 3124 patet
1823 3093 1859 3113 ex
1878 3083 1939 3114 hoc
1963 3085 2053 3125 quod
2072 3092 2160 3115 actus
2175 3084 2256 3115 cadit
2270 3095 2365 3125 super
2381 3085 2519 3116 indebita

326 3131 428 3161 immo
452 3130 552 3170 magis
577 3129 708 3166 confert,
733 3139 770 3160 ex
793 3129 884 3159 dictis
916 3127 1153 3158 conditionibus
1177 3126 1397 3167 opportunita-

327 3174 367 3206 tis
399 3182 430 3206 et
458 3174 620 3206 incentivi.
653 3174 694 3204 Et
726 3180 894 3214 propterea
916 3171 1071 3213 repressio
1104 3171 1395 3212 concupiscentiae,

328 3228 427 3259 quam
457 3225 552 3259 auget
582 3218 708 3249 libertas
740 3217 880 3258 coniugii
912 3217 993 3247 inter
1013 3226 1176 3266 ‘personas
1211 3215 1396 3246 coniunctas

328 3273 366 3293 ex
388 3262 562 3299 domestica
577 3262 816 3294 conversatione
836 3269 866 3292 et
886 3261 1022 3292 naturah
1045 3270 1154 3291 amore
1177 3259 1396 3300 propinquita-
1422 3261 1423 3278 ³

328 3307 384 3342 tis,
409 3316 475 3338 non
499 3306 558 3336 nisi
586 3305 745 3343 indirecte,
770 3317 825 3337 seu
850 3304 1047 3341 secundario,
1076 3311 1195 3345 spectat
1217 3304 1256 3334 ad
1287 3303 1396 3334 coniu-

329 3351 434 3392 gium:
459 3350 538 3380 dum
569 3350 700 3386 scilicet,
724 3351 846 3392 expleta
869 3349 1140 3390 concupiscentia,
1165 3358 1230 3378 non
1261 3354 1327 3378 tam
1351 3347 1395 3378 fa·
1422 3343 1424 3364 ³

330 3396 388 3426 cile
411 3394 464 3425 alii
494 3393 601 3434 magni
626 3401 734 3425 motus
757 3395 896 3425 libidinis
925 3394 1103 3434 insurgunt.
1140 3393 1201 3423 Sed
1224 3392 1313 3433 quod
1337 3392 1397 3422 hu-
1422 3389 1424 3405 ³

329 3438 470 3471 iusmodi
493 3438 634 3479 pericula
655 3448 723 3469 non
740 3438 941 3470 inhabilitent
962 3448 1114 3478 personas
1136 3437 1176 3467 ad
1200 3437 1396 3477 coniugium,
1423 3442 1425 3480 ᾗ
1452 3436 1601 3467 dominus
1625 3437 1828 3475 naturalium,
1853 3447 1919 3467 non
1934 3444 2040 3478 potest
2062 3438 2145 3469 licite
2168 3438 2291 3479 privare
2308 3449 2340 3470 se
2357 3446 2412 3470 aut
2426 3439 2521 3469 aliam

331 3495 368 3515 ex
391 3494 430 3514 eo
454 3483 550 3514 etiam
574 3482 754 3513 coniectura
774 3489 820 3513 est
840 3483 929 3524 quod
951 3483 1100 3513 mulieres
1124 3481 1305 3512 naturaliter
1328 3481 1397 3522 pul-
1423 3482 1425 3513 Ξ

332 3529 423 3559 chrae
452 3527 544 3557 valde
573 3536 639 3556 non
668 3532 743 3556 sunt
770 3525 924 3558 inhabiles
955 3527 995 3558 ad
1023 3526 1228 3566 coniugium:
1260 3535 1398 3567 quarum

332 3618 493 3647 bonorum
524 3624 668 3650 morum,
693 3613 811 3644 scilicet
839 3613 1031 3645 fortitudinis
1062 3615 1159 3645 animi
1186 3621 1216 3645 et
1243 3614 1398 3645 moderati

476 3677 587 3702 Summas
600 3676 702 3700 Tuam..
722 3675 754 3700 D.
768 3674 883 3699 Tamtu
902 3674 934 3699 Τ.
946 3674 1001 3699 V11.

2418 267 2488 303 241

1423 336 1550 367 amoris.
1575 353 1596 359 —
1619 335 1727 366 Tertia
1757 341 1865 365 autem
1893 334 1991 370 ratio,
2017 334 2055 364 de
2079 334 2319 374 multiplicanda
2343 336 2494 372 amicitia,

1423 386 1510 420 patet
1533 380 1623 421 quod
1646 390 1713 410 non
1729 378 1823 410 infert
1845 378 2115 419 impedimentum
2139 379 2215 409 boni
2235 379 2332 410 debiti
2355 381 2495 420 quando,

1424 425 1496 461 ubi,
1514 431 1590 455 etc.:
1615 425 1670 454 sed
1695 423 1762 454 eius
1785 424 1875 464 quod
1899 431 1945 455 est
1969 423 2008 453 ad
2032 424 2112 454 bene
2137 433 2213 454 esse.
2238 442 2258 446 -
2281 424 2367 462 Quia
2390 433 2495 455 tamen

1396 506 1398 510 V
1425 469 1525 500 dictae
1549 469 1687 499 rationes
1710 474 1890 499 monstrant
1913 468 2027 499 decens
2051 475 2180 498 cautum
2206 468 2349 509 utileque
2372 479 2438 500 esse
2462 477 2497 500 ut

1396 516 1398 552 ζ
1425 523 1491 544 non
1522 513 1562 544 sit
1591 513 1728 544 liberum
1752 512 1940 552 coniugium
1970 522 2045 543 cum
2068 512 2179 543 multis
2202 513 2331 554 reliquis
2354 514 2497 553 personis

302 564 394 595 clusit
416 574 435 594 a
457 561 663 594 matrimonio
694 571 732 591 ex
758 559 893 590 naturali
923 560 1063 590 ratione:
1097 559 1233 600 reliquas
1263 565 1372 589 autem
1397 553 1399 574 ⁵

1425 557 1614 594 coniunctis,
1639 557 1713 587 ideo
1737 557 1911 588 ostendunt
1933 556 2135 588 rationabiles
2159 567 2226 588 esse
2251 559 2498 589 consuetudines

1398 632 1399 653 ᾖ
1426 612 1461 633 ac
1485 602 1569 642 leges
1592 602 1779 632 huiusmodi
1803 601 1979 632 libertatem
2003 601 2144 642 coniugii
2169 602 2353 633 adimentes

1482 647 1533 677 Ad
1548 646 1643 677 verba
1659 653 1767 676 autern
1790 645 1910 676 litterae
1934 646 2074 676 secundo
2090 646 2164 677 loco
2181 646 2303 677 obiecta
2319 646 2346 683 *‚
2371 647 2498 684 scilicet,

303 740 418 772 hibitas
452 749 552 780 quam
575 738 794 769 subtrahentes
817 747 969 778 personas
993 746 1106 767 omnes
1128 737 1161 766 in
1185 736 1268 766 linea
1291 742 1375 766 recta
1427 691 1521 721 Aliae
1551 700 1627 722 vero
1651 700 1814 730 personae
1843 699 1906 720 mm
1937 690 2053 721 habent
2081 691 2126 721 ita
2152 700 2194 721 ex
2216 692 2329 732 δείρῃ-8
2353 692 2499 722 indecen-

421 763 428 775 ‚

1428 736 1519 772 tiam,
1545 735 1658 765 dicitur
1681 735 1770 775 quod
1794 744 1849 775 per
1872 734 1949 765 haec
1964 735 2068 770 verba,
2087 744 2161 765 cum
2178 735 2280 766 solam
2296 736 2499 776 negationem

1428 779 1518 810 modi
1541 786 1572 810 et
1595 779 1725 810 rationis
1748 779 1944 809 indecentiae
1967 778 2157 818 significent,
2183 789 2249 810 non
2273 786 2378 820 potest
2402 781 2500 822 accipi

1400 831 1402 861 ξ
1429 824 1518 864 quod
1535 822 1691 854 affirment
1706 823 1847 864 aliquam
1862 823 2088 854 indecentiam:
2109 824 2164 854 sed
2183 823 2245 855 hoc
2261 825 2499 862 tantummodo,

304 874 388 909 dem,
413 872 489 913 quia
512 881 655 912 expresse
679 871 730 902 hic
753 870 868 902 dicitur
890 870 980 911 quod
1003 879 1158 910 personae
1181 878 1238 909 per
1260 879 1293 899 se
1316 868 1375 898 im·
1401 874 1403 890 ²

1430 867 1547 899 scilicet
1575 868 1665 908 quod
1692 877 1748 907 per
1771 868 1849 898 haec
1872 868 1967 897 verba
1995 878 2061 898 non
2085 868 2262 899 excluditur
2284 869 2390 900 omnis
2414 869 2500 901 inde-

1402 943 1404 960 ,γ
1430 912 1550 943 centiae
1566 912 1693 942 modus.
1718 912 1759 942 Et
1777 912 1956 951 respondeo
1976 912 2065 952 quod
2084 912 2180 952 gratis
2197 914 2394 944 conceditur:
2420 925 2500 956 quo-

306 961 506 993 commisceri
522 967 667 1001 possunt,
684 966 715 991 et
737 960 827 1000 quod
843 958 982 1000 reliquae
997 959 1141 989 decenter
1157 957 1208 988 vel
1231 957 1377 988 indecen-
1402 972 1405 997 ὁ

305 1013 352 1037 ter
375 1005 554 1036 secundum
577 1004 843 1035 consuetudinem
865 1003 915 1034 vel
943 1003 1047 1042 legem
1075 1002 1215 1032 divinam
1239 1001 1288 1031 vel
1319 1001 1377 1031 hu·

1431 956 1517 986 niam
1540 966 1597 996 per
1621 955 1788 986 subiuncta
1808 956 1903 986 verba
1926 956 2120 996 explanatur,
2145 957 2296 988 Variatur
2319 959 2352 989 in
2375 959 2425 989 his
2447 959 2500 989 de-

1431 1002 1536 1031 centia
1560 1000 1611 1030 vel
1633 1000 1813 1030 indecentia
1837 1005 1868 1030 et
1890 1001 2120 1031 consuetudine
2143 1006 2173 1031 et
2196 1002 2278 1042 lege.

1488 1045 1539 1074 Ad
1562 1043 1775 1074 obiectionem
1799 1044 1930 1073 demum
1954 1044 2046 1074 tertio
2062 1045 2134 1075 loco
2152 1045 2278 1076 allatam
2294 1046 2319 1082 *,
2345 1057 2380 1076 ex
2395 1047 2502 1086 prohi-

1432 1088 1556 1119 bitione
1579 1097 1789 1127 personarum
1813 1087 2030 1127 proximarum
2055 1099 2111 1128 per
2130 1097 2295 1130 praecepta
2319 1091 2442 1121 divinae
2461 1092 2503 1122 le-

1432 1132 1493 1172 gis,
1517 1131 1614 1162 iam*
1637 1131 1758 1162 dictum
1782 1138 1828 1161 est
1851 1133 1941 1172 quod
1966 1141 2130 1172 praecepta
2154 1133 2206 1163 illa
2229 1135 2336 1174 quoad
2360 1142 2409 1165 tot
2433 1146 2503 1175 per·

1433 1185 1586 1206 sonarum
1602 1175 1900 1211 inhabilitationem,
1916 1183 1990 1206 sunt
2005 1177 2163 1207 iudicialia
2176 1186 2182 1207 ;
2201 1188 2266 1208 non
2281 1179 2413 1210 moralia
2429 1180 2503 1210 sim-

1406 1240 1408 1271 *
1433 1220 1564 1261 pliciter,
1590 1219 1646 1250 sed
1665 1220 1842 1250 secundum
1865 1220 1953 1261 quid,
1970 1220 2088 1251 scilicet
2103 1229 2259 1261 quantum
2275 1223 2314 1253 ad
2331 1224 2505 1255 naturalem

310 1271 365 1302 sed
389 1271 427 1302 de
451 1277 539 1311 patre
561 1276 704 1300 remoto:
730 1268 773 1300 ita
795 1267 885 1308 quod
908 1267 1027 1302 Adam,
1051 1265 1077 1296 si
1100 1265 1227 1301 viveret,
1244 1274 1311 1294 non
1334 1264 1381 1294 in·
1406 1285 1408 1303 :

261 1337 266 1339 Δ
306 1321 432 1346 jventi-et
454 1323 596 1344 uxorem.
630 1314 703 1343 Hoc
726 1312 813 1343 enim
835 1312 955 1351 absque
986 1310 1050 1341 ulla
1077 1309 1200 1340 ratione
1223 1309 1308 1339 dicit.
1341 1309 1382 1339 Et
1407 1312 1408 1333 3

1434 1264 1642 1295 reverentiam
1666 1273 1721 1303 per
1743 1263 1902 1300 accidens,
1927 1274 2025 1305 quarn
2049 1266 2176 1306 Moyses
2201 1267 2299 1306 tangit
2322 1267 2354 1297 in
2378 1269 2506 1309 reliquis

1434 1308 1578 1349 personis
1602 1317 1668 1338 non
1692 1308 1886 1344 violandam,
1905 1318 1941 1338 ex
1961 1310 2095 1339 naturali
2116 1310 2218 1341 coitus
2235 1311 2441 1351 turpitudine.
2469 1313 2508 1343 Et

1408 1368 1409 1381 ι
1435 1353 1508 1383 ideo
1532 1352 1628 1382 hodie
1653 1361 1719 1382 non
1742 1352 1851 1391 figant,
1876 1352 1935 1382 nisi
1960 1360 2117 1393 quatenus
2141 1355 2179 1384 ab
2204 1355 2344 1386 Ecclesia
2368 1364 2443 1386 sunt
2461 1367 2507 1386 as-

311 1410 357 1434 est
380 1409 469 1443 pater
491 1411 583 1434 meus
601 1401 661 1432 nisi
678 1410 734 1440 per
756 1399 913 1440 accidens;
938 1409 975 1430 ea
998 1405 1106 1430 autem
1129 1407 1211 1439 quae
1234 1404 1309 1428 sunt
1327 1407 1383 1438 per
1408 1398 1410 1430 ἱ

1437 1403 1575 1436 sumpta.
1601 1396 1642 1427 Et
1663 1403 1829 1436 propterea
1850 1403 1955 1436 potest
1970 1397 2055 1437 Papa
2071 1398 2251 1438 dispensare
2268 1410 2340 1430 cum
2358 1401 2508 1431 omnibus

1408 1472 1410 1476 ,
1437 1440 1580 1482 personis
1605 1440 1793 1476 coniunctis,
1819 1440 1878 1471 nisi
1903 1451 1977 1471 cuin
2001 1449 2100 1473 matre
2116 1450 2146 1473 et
2163 1450 2259 1483 patre,
2286 1451 2321 1474 ut
2344 1445 2507 1475 matrimo-

1409 1509 1411 1528 3
1437 1485 1529 1516 nium
1553 1484 1749 1516 contrahant.
1775 1485 1815 1515 Et
1839 1485 1900 1516 hoc
1920 1488 2051 1522 Auctor,
2070 1497 2106 1517 ex
2123 1488 2309 1519 auctoritate
2326 1489 2508 1528 Augustini,

1409 1546 1411 1571 g
1437 1529 1578 1561 insinuat
1593 1529 1626 1559 in
1641 1529 1752 1565 littera,
1773 1529 1908 1560 dicendo
1925 1531 2012 1570 quod
2037 1533 2220 1562 commixtio
2235 1532 2385 1573 fratrum
2409 1539 2440 1564 et
2462 1543 2510 1564 so-

1410 1595 1412 1620 ³.
1439 1584 1563 1611 rorum,
1584 1583 1650 1604 non
1667 1581 1788 1610 natura,
1805 1574 1870 1609 sed,
1887 1575 2045 1616 religione
2062 1576 2261 1615 prohibente,
2276 1577 2376 1617 facta
2393 1583 2440 1608 est
2454 1578 2509 1611 da-

313 1632 405 1658 trem.
429 1624 502 1655 Hoc
518 1623 604 1654 enim
627 1632 694 1654 non
709 1628 758 1653 est
771 1631 884 1652 verum
900 1621 940 1651 de
956 1619 1128 1651 reverentia
1144 1619 1289 1655 naturali,
1309 1618 1385 1660 quia
1410 1625 1412 1649 ζ
1438 1619 1596 1650 mnabilis.
1619 1635 1638 1641 -
1662 1619 1736 1649 Hoc
1758 1618 1845 1648 idem
1868 1629 1981 1650 omnes
2005 1619 2100 1651 etiam
2124 1621 2179 1661 qui
2204 1629 2338 1661 negant,
2363 1622 2510 1658 fatentur,

1411 1673 1413 1703 ᾗ
1440 1663 1575 1694 dicendo
1605 1663 1695 1704 quod
1723 1663 1783 1693 soii
1811 1670 1899 1703 pater
1923 1670 1954 1694 et
1977 1671 2077 1695 mater
2100 1665 2139 1695 de
2162 1665 2230 1696 iure
2255 1673 2384 1697 naturae
2408 1667 2511 1697 exclu-

313 1712 467 1744 verentia:
497 1711 570 1743 dato
594 1711 683 1752 quod
708 1710 747 1741 sit
769 1720 881 1741 verum
905 1710 943 1740 de
967 1708 1139 1740 reverentia
1162 1708 1302 1749 politica,
1322 1718 1386 1749 qua
1412 1730 1413 1734 ,

1440 1709 1560 1738 duntur
1582 1717 1600 1737 a
1619 1707 1836 1738 matrimonio.
1862 1708 1980 1738 Omnia
1996 1709 2082 1739 enim
2106 1717 2271 1750 praecepta
2290 1711 2423 1741 moralia
2440 1719 2513 1742 sunt

1412 1772 1413 1783 η
1441 1753 1479 1783 de
1500 1752 1568 1782 iure
1587 1759 1727 1782 naturae.
1748 1769 1767 1775 -
1786 1752 1858 1782 Hoc
1875 1752 1961 1782 idem
1977 1760 2063 1793 gesta
2079 1754 2303 1785 Romanorum
2324 1755 2513 1795 pontificum

1412 1810 1414 1839 ζ
1440 1797 1622 1837 frequenter
1644 1803 1842 1826 attestantur.

315 1854 428 1881 omnes
450 1845 567 1886 gradus
591 1843 741 1885 prohibiti
764 1843 798 1874 in
821 1843 890 1883 lege
912 1842 1009 1873 veteri
1033 1841 1095 1872 sint
1125 1841 1386 1880 indispensabiles
1413 1851 1414 1883 f

315 1901 334 1924 a
348 1891 444 1931 Papa,
459 1889 535 1931 quia
550 1895 624 1920 sunt
640 1888 680 1919 de
694 1888 762 1919 iure
779 1887 897 1918 divino.
918 1886 1092 1924 Quoniam,
1108 1893 1144 1916 ut
1160 1885 1224 1916 iam
1237 1885 1254 1903 *
1273 1885 1387 1916 clarius
1413 1896 1414 1900 ¹

1496 1840 1550 1871 XI.
1568 1840 1602 1870 In
1620 1840 1734 1871 eodem
1751 1840 1895 1876 articulo,
1912 1851 1948 1871 ac
1964 1842 2075 1871 eadem
2096 1843 2303 1882 responsione
2319 1844 2357 1873 ad
2374 1844 2512 1880 tertium,

1441 1885 1577 1916 dubium
1600 1885 1746 1920 occurrit,
1772 1894 1810 1915 an
1835 1885 1867 1915 in
1892 1885 2000 1926 aliquo
2017 1896 2091 1916 casu
2111 1886 2214 1917 licitus
2231 1897 2298 1918 esse
2314 1888 2425 1928 possit,
2444 1889 2512 1919 abs-

1414 1941 1415 1960 ÷
1442 1939 1504 1970 que
1529 1929 1634 1959 divina
1659 1929 1904 1969 dispensatione,
1931 1930 2119 1961 concubitus
2143 1931 2240 1970 patris
2263 1942 2337 1962 cum
2361 1931 2435 1969 filia,
2459 1941 2514 1963 aut

1443 1973 1550 2005 matris
1575 1983 1649 2004 curn
1672 1972 1750 2004 filio.
1776 1974 1816 2004 Et
1832 1981 1878 2004 est
1892 1974 1973 2004 ratio
1990 1975 2077 2005 dubii
2101 1975 2175 2016 quia
2199 1977 2324 2007 bonum
2340 1987 2514 2008 commune

1443 2018 1632 2059 praefertur,
1658 2018 1835 2049 secundum
1865 2026 1983 2049 rectam
2013 2019 2187 2056 rationem,
2212 2021 2299 2051 bono
2324 2022 2513 2062 particulari.

1415 2091 1417 2102 5
1442 2065 1490 2093 Ac
1513 2072 1569 2103 per
1592 2063 1671 2099 hoc,
1695 2062 1728 2092 in
1752 2073 1827 2093 casu
1852 2073 1918 2103 quo
1943 2064 2030 2094 solus
2055 2071 2142 2103 pater
2165 2074 2240 2095 cum
2264 2064 2343 2102 filia,
2369 2074 2423 2097 aut
2448 2066 2515 2096 sola

373 2111 412 2142 X.
437 2111 488 2142 Ad
515 2109 710 2141 obiectionee
742 2118 818 2149 ergo
845 2109 879 2139 in
902 2107 1091 2148 oppositum
1114 2106 1219 2146 primo
1243 2106 1390 2146 proposi·
1415 2115 1417 2118 ’

318 2163 365 2187 tas
379 2155 406 2192 *,
430 2155 545 2186 dicitur
567 2154 658 2195 quod
681 2153 769 2184 nulla
787 2153 950 2184 rationum
971 2152 1005 2182 in
1028 2151 1130 2182 littera
1153 2151 1319 2182 allatarum
1342 2150 1390 2181 in-
1416 2166 1417 2180 ;

1443 2114 1544 2138 mater
1567 2117 1642 2137 cum
1664 2106 1732 2137 filio
1755 2114 1894 2143 restaret,
1919 2108 1958 2137 ad
1975 2108 2250 2139 conservationem
2268 2110 2383 2150 speciei
2407 2110 2515 2141 huma-

1444 2161 1519 2187 nae,
1545 2151 1698 2191 postponi
1728 2151 1856 2182 deberet
1885 2152 1990 2182 honor
2018 2153 2210 2192 personalis,
2236 2154 2292 2194 qui
2315 2154 2452 2185 violatur
2480 2165 2515 2185 ex

1443 2195 1639 2235 turpitudine
1664 2195 1783 2231 coitus,
1809 2196 1974 2226 communi
1998 2197 2086 2227 bono
2114 2198 2362 2229 conservationis
2389 2199 2516 2238 speciei.

1499 2241 1671 2276 Praeterea,
1696 2240 1722 2270 si
1745 2240 1864 2276 Adam,
1888 2240 1992 2281 inquit
2012 2241 2184 2277 Martinus,
2210 2242 2243 2272 in
2266 2242 2454 2283 quaestione
2478 2244 2517 2274 de

1444 2329 1534 2403 quod
1557 2327 1624 2358 Eva
1648 2337 1685 2358 ex
1708 2338 1765 2358 sua
1781 2329 2004 2370 complexione
2028 2337 2109 2361 esset
2132 2330 2279 2361 inhabilis
2303 2332 2342 2362 ad
2366 2342 2517 2371 generan-

1467 2383 1524 2404 um
1548 2372 1725 2403 masculos:
1751 2373 1911 2404 debuisset
1934 2383 2094 2405 assumere
2117 2375 2149 2404 in
2166 2385 2298 2406 uxorem
2322 2376 2463 2417 aliquam
2480 2387 2516 2407 ex

1444 2463 1567 2493 tionem
1591 2462 1716 2502 speciei.
1741 2462 1905 2503 Alioquin,
1931 2473 1989 2493 nec
2005 2464 2075 2494 Deo
2097 2464 2313 2505 praecipienti,
2333 2465 2474 2496 Crescite
2489 2471 2520 2496 et

1445 2507 1703 2547 multiplicamini
1722 2513 1780 2537 etc.
1793 2506 1826 2536 *t
1852 2517 1909 2538 nec
1933 2507 2047 2538 rationi
2071 2509 2205 2539 naturali
2222 2509 2284 2540 hoc
2303 2509 2518 2541 indubitanter
2547 2521 2556 2530 ⁶

1446 2551 1601 2588 suadenti,
1626 2550 1834 2583 satisfecisset.

1502 2596 1538 2626 In
1555 2595 1743 2636 oppositum
1759 2602 1868 2626 autem
1885 2603 1931 2627 est
1954 2596 2029 2637 quia
2045 2596 2077 2626 in
2094 2597 2268 2637 praeceptis
2285 2605 2414 2629 naturae
2431 2598 2518 2628 solus

1446 2647 1575 2671 naturae
1599 2643 1722 2670 Auctor
1746 2640 1926 2679 dispensare
1949 2647 2065 2681 potest.
2090 2641 2178 2671 Talis
2202 2648 2309 2672 autem
2330 2642 2517 2673 commixtio

1445 2685 1512 2716 iure
1536 2691 1667 2715 naturae
1691 2684 1850 2724 prohibita
1874 2691 1929 2715 est.
1954 2685 2049 2725 Ergo,
2066 2686 2124 2716 etc.

1502 2729 1571 2760 XII.
1595 2729 1646 2759 Ad
1670 2729 1752 2759 hanc
1772 2729 2005 2760 dubitationem
2030 2729 2143 2760 dicitur
2161 2730 2260 2770 quod,
2281 2740 2355 2761 cum
2374 2741 2438 2761 non
2454 2732 2518 2762 sint

1419 2773 1421 2789 ⁵
1439 2773 1597 2815 facienda
1622 2774 1709 2804 mala
1734 2778 1769 2803 ut
1793 2774 1941 2804 eveniant
1963 2774 2045 2804 bona
2061 2774 2094 2810 *3
2121 2784 2177 2804 nec
2201 2775 2337 2811 deberet,
2357 2785 2412 2805 nec
2436 2775 2517 2806 licite

1447 2825 1556 2858 posset
1583 2817 1683 2847 homo
1713 2817 1814 2847 dicere
1838 2827 1941 2848 unum
1965 2818 2168 2849 mendacium
2193 2826 2228 2849 ut
2251 2827 2449 2850 conservaret
2472 2826 2518 2850 to-

1447 2868 1518 2892 tum
1548 2862 1709 2892 mundum
1740 2871 1815 2891 curn
1845 2862 1910 2892 suis
1941 2863 2122 2903 speciebus,
2148 2863 2222 2903 quia
2247 2864 2446 2894 mendacium
2472 2869 2518 2894 est

1420 2917 1422 2942 ξ
1447 2906 1622 2937 secundum
1645 2915 1679 2936 se
1697 2916 1838 2946 pravum
1853 2906 1886 2942 *;
1911 2917 2109 2948 consequens
2125 2915 2171 2938 est
2191 2914 2235 2943 ut,
2257 2908 2369 2938 eadem
2386 2908 2516 2945 ratione,

1447 2951 1524 2991 quia
1547 2950 1665 2981 scilicet
1688 2950 1758 2981 talis
1783 2951 1969 2981 commixtio
1994 2959 2040 2982 est
2058 2952 2234 2982 secundum
2251 2962 2284 2982 se
2305 2962 2409 2992 prava,
2427 2953 2517 2982 nullo

1448 2994 1550 3035 possit
1571 2995 1660 3025 bono
1684 2993 1746 3024 fine
1770 2995 1919 3026 excusari.
1944 2996 1985 3026 Et
2007 3003 2138 3036 propter
2159 2996 2237 3032 hoc,
2261 2995 2342 3027 filiae
2367 2997 2429 3027 Lot
2452 3007 2517 3026 non

1449 3046 1637 3070 excusantur
1655 3039 1694 3069 ab
1714 3039 1834 3070 incestu
1849 3039 1875 3070 *.
1900 3057 1920 3062 -
1945 3040 2043 3078 Quod
2058 3047 2165 3071 autem
2189 3040 2258 3070 talis
2275 3041 2459 3071 commixtio
2479 3041 2518 3071 sit

1449 3128 1588 3158 materia.
1615 3128 1778 3165 Quoniam
1798 3137 1952 3167 personae
1967 3129 2044 3159 istae
2069 3135 2143 3159 sunt
2166 3129 2347 3159 naturaliter
2365 3129 2518 3160 inhabiles

1449 3173 1488 3202 ad
1512 3172 1634 3202 coitum
1658 3172 1836 3202 secundum
1859 3172 1994 3212 seipsas,
2019 3183 2085 3203 nori
2116 3173 2148 3203 in
2173 3173 2282 3203 ordine
2313 3174 2352 3203 ad
2376 3174 2517 3213 prolem:

1449 3216 1604 3256 quoniam
1627 3216 1708 3246 inter
1730 3216 1814 3256 ipsas
1838 3223 1885 3247 est
1907 3217 2058 3248 naturalis
2077 3218 2191 3258 pudor,
2209 3217 2264 3257 qui
2281 3224 2328 3248 est
2343 3218 2520 3249 contrarius

1450 3260 1565 3291 directe
1589 3260 1810 3290 commixtioni
1834 3270 1954 3291 earum.

1506 3305 1557 3335 Ad
1586 3304 1723 3344 primam
1754 3311 1860 3335 autem
1892 3305 2105 3336 obiectionem
2132 3305 2165 3336 in
2189 3306 2377 3346 oppositum
2407 3306 2520 3337 dicitur

1451 3348 1549 3389 quod,
1573 3348 1646 3379 licet
1669 3349 1792 3378 bonum
1816 3348 1974 3379 humanae
1991 3349 2105 3389 speciei
2129 3350 2168 3380 sit
2191 3350 2294 3380 maius
2318 3350 2406 3381 bono
2431 3358 2520 3382 natu-

1450 3392 1522 3422 ralis
1552 3392 1683 3422 honoris
1711 3393 1802 3423 istius
1830 3403 2001 3433 personae,
2026 3393 2126 3424 homo
2157 3401 2280 3431 tamen,
2305 3395 2361 3435 qui
2384 3405 2450 3425 non
2475 3403 2521 3426 est

1451 3491 1622 3521 personam
1644 3482 1731 3512 bono
1756 3481 1906 3512 naturalis
1929 3482 2060 3512 honoris
2084 3482 2142 3513 sibi
2166 3483 2273 3520 debiti,
2289 3490 2419 3524 propter
2442 3484 2519 3514 illud

1424 3557 1425 3564 ἵ
1452 3525 1555 3556 maius
1579 3526 1718 3556 bonum:
1743 3526 1818 3566 quia
1841 3526 1995 3566 privando
2019 3526 2190 3558 incurreret
2212 3528 2379 3568 proprium
2398 3528 2519 3558 malum

331 3580 437 3604 tamen
467 3570 607 3602 conditio
637 3570 737 3610 magis
764 3569 858 3600 habet
885 3580 1045 3601 annexum
1074 3570 1252 3611 periculum
1280 3570 1398 3600 horum
1424 3586 1426 3593 ν

1452 3569 1564 3605 moris.
1589 3570 1678 3611 quod
1702 3580 1767 3600 non
1792 3577 1838 3601 est
1862 3571 2094 3602 admittendum
2118 3582 2177 3612 pro
2201 3582 2409 3613 quocumque
2433 3582 2519 3601 com-

1424 3641 1427 3648 ,
1453 3614 1543 3645 muni
1567 3615 1666 3650 bono,
1687 3614 1751 3645 sive
1776 3615 1910 3646 naturali
1935 3615 1999 3645 sive
2023 3616 2146 3647 morali.
2172 3616 2259 3647 Sicut
2278 3616 2381 3646 maius
2396 3616 2519 3646 bonurn

2346 3676 2374 3700 31

2529 654 2536 661 ⁸
2555 652 2626 674 Num.
2650 658 2686 675 iv,
2710 651 2742 673 Et

2527 681 2638 706 augetur.

2531 1051 2539 1060 ·
2554 1049 2623 1077 ibid„
2636 1049 2744 1077 Augetur

2529 1082 2621 1098 rursus.

2532 1146 2542 1155 ⁸
2556 1145 2626 1166 Num.
2642 1151 2663 1171 v,
2678 1150 2709 1165 νι.

2547 2297 2556 2307 ⁸
2570 2296 2679 2319 Conclus.
2695 2303 2710 2318 i.

2582 2519 2638 2541 Gen.
2668 2525 2716 2547 cap⁴
2743 2526 2758 2544 i,

2547 2552 2604 2567 vers.
2620 2546 2655 2568 28.

2546 2784 2556 2794 ⁸
2569 2783 2607 2805 Ad
2624 2784 2687 2806 Rom.
2708 2790 2758 2812 cap.

2546 2816 2581 2837 iii,
2597 2816 2655 2832 vera.
2671 2811 2693 2833 8.

2546 2916 2559 2946 ἠ
2569 2916 2666 2938 Aristot.
2683 2915 2757 2937 Ethic.

2545 2942 2585 2963 lib.
2600 2942 2639 2969 IV,
2656 2948 2704 2970 cap.
2717 2949 2759 2970 vn,

2545 2975 2568 2989 n.
2593 2969 2614 2990 6.
2634 2979 2643 2983 -
2665 2969 2690 2991 S.
2713 2969 2757 2990 Th.

2546 2996 2596 3016 lect,
2612 3001 2650 3017 xv.

2547 3049 2556 3057 ⁶
2572 3046 2628 3069 Gen.
2647 3053 2696 3075 cap.
2712 3054 2758 3073 xix,

2546 3080 2759 3123 ἒῗεςῗτῖξΰίκὶ

2545 3126 2618 3154 Sent„
2625 3127 2677 3149 dist.
2683 3133 2759 3152 xxxin,

2547 3160 2626 3181 expos,
2645 3154 2687 3175 litt.
