2768 4198
39 1229 51 1241 ⁸
63 1229 131 1252 Vm.
145 1230 169 1257 ⁶,
182 1235 204 1258 7.

263 1200 321 1227 ,⁴

937 276 1205 322 QUAEsTio
1236 275 1427 323 CLxxv,
1457 276 1756 314 ARTICULUS
1784 276 1819 312 v

278 357 402 388 videtur
426 348 537 387 sonare
561 356 678 386 modus
702 354 856 396 loquendi
886 354 977 385 istius
1001 354 1139 391 litterae,
1164 355 1243 385 dum
1273 355 1347 386 dicit
1374 354 1375 378 3

279 402 367 442 quod
399 401 523 431 relictae
552 400 681 431 fuerunt
713 409 750 430 ex
781 399 843 429 hoc
870 399 942 438 ipso
969 399 1059 439 quod
1081 399 1207 430 videbat
1230 400 1346 430 Deum.

279 446 319 476 Et
343 445 386 475 sic
409 444 586 475 intellectus
609 443 699 474 Pauli
723 443 845 483 passive
862 453 894 473 se
913 443 1075 473 habuisset
1098 444 1138 473 ad
1160 443 1347 474 huiusmodi

278 489 554 531 participationem
578 488 766 527 specierum.

333 533 408 563 Alio
432 533 531 563 modo
555 539 661 572 potest
683 531 815 571 intelligi
839 531 928 572 quod
951 531 1128 562 intellectus
1148 532 1247 568 Pauli,
1269 532 1347 562 dum

278 578 397 608 videret
419 578 536 612 Deum,
561 575 709 607 formavit
734 575 793 606 sibi
817 576 1039 606 similitudines
1060 586 1174 606 eorum
1198 587 1279 617 quae
1303 576 1347 606 vi-

2390 286 2466 323 407

1403 356 1495 386 debat
1507 356 1539 385 in
1553 356 1622 386 Deo
1635 364 1641 386 ;
1663 362 1692 386 et
1705 355 1766 386 hoc
1779 365 1816 385 ex
1828 355 1961 386 naturali
1974 354 2151 385 intellectus
2164 354 2290 390 virtute,
2301 364 2365 394 qua
2377 362 2469 384 natus

1403 407 1448 430 est
1471 409 1508 430 ex
1531 400 1724 440 quibusdam
1747 399 1820 430 visis
1841 399 1978 430 formare
2002 398 2243 429 similitudinem
2265 398 2401 428 alterius.

1458 444 1498 474 Et
1528 444 1613 474 hunc
1644 444 1776 485 quidem
1807 444 1984 475 secundum
2015 453 2146 474 sensum
2174 453 2229 473 seu
2255 443 2391 472 modum
2420 452 2470 472 ex-

1402 489 1513 527 pressit
1533 491 1655 519 Auctor
1670 488 1702 519 in
1719 488 1826 518 Primo
1844 489 1952 524 Libro,
1969 498 2024 528 qu.
2037 498 2089 524 xn,
2105 494 2162 518 art.
2177 498 2206 527 9,
2224 487 2263 517 ad
2281 496 2310 517 2.
2326 486 2470 517 Primum

1401 540 1509 562 autem
1528 533 1664 563 modum
1687 533 1737 563 hic
1754 536 1878 563 tantum
1894 532 2075 563 insinuavit.
2101 532 2241 572 Uterque
2266 538 2372 561 tamen
2397 542 2469 570 pos—

1401 576 1500 606 sibilis
1524 577 1658 607 videtur.

1062 747 1389 794 ⁴ARTICULUS
1420 747 1677 797 QUINTUS

464 851 621 882 UTRUM
644 850 783 881 ANIMA
806 850 934 881 PAULI
959 851 1002 881 IN
1027 849 1171 882 STATU
1196 849 1296 881 ILLO
1321 850 1478 880 FUERlT
1502 850 1757 882 TOTALITER
1780 854 1808 881 A
1833 851 2036 882 CORPORE
2061 851 2286 882 SEPARATA

344 940 418 970 Infra,
437 947 480 972 qu.
499 947 588 969 CLxxx,
607 945 652 965 art.
674 938 702 969 5;
722 939 789 964 Part.
808 939 825 970 1,
846 946 889 972 qu.
908 946 952 968 ιιι,
971 944 1017 963 art.
1041 945 1084 969 113
1106 938 1147 963 De
1163 938 1324 998 1II“er2t.,Cqu.
1342 946 1366 968 x,
1386 943 1432 963 art.
1455 946 1500 998 111;
1520 947 1564 971 qu.
1582 946 1635 969 1111,
1649 944 1696 964 art.
1715 947 1733 971 4
1740 946 1747 969 ;
1768 939 1865 969 Quodl.
1885 939 1902 968 1,
1922 947 1965 972 qu.
1983 947 1993 963 1
2000 947 2007 970 ;
2028 940 2058 964 In
2079 939 2161 968 Ioan.,
2176 947 2231 971 cap.
2249 947 2267 970 1,
2286 939 2344 964 lect.
2362 946 2402 969 ¹13

1202 981 1219 998 a
1281 981 1331 1005 or„
1351 981 1404 1006 cap.
1424 981 1467 1003 xu,
1496 979 1544 999 ect.
1563 982 1580 999 1.

312 1076 373 1118 >aff
399 1084 468 1125 dg<
492 1077 515 1102 D
535 1076 697 1107 QUINTUM
721 1076 775 1102 s1c
799 1076 1039 1102 Paocssmruk.
1065 1063 1224 1101 Videtur
1242 1064 1348 1113 quod

304 1105 468 1176 &553⁴
493 1117 622 1155 anima
649 1118 758 1154 Pauli
785 1118 823 1154 in
843 1125 940 1154 statu
959 1117 1020 1154 illo
1051 1117 1160 1154 fuerit
1187 1118 1349 1154 totaliter

297 1168 419 1250 ’Ψζέᾳ
440 1174 462 1210 (ι
492 1183 515 1208 3
534 1183 695 1220 corpore
725 1178 910 1219 separata.
940 1170 1041 1207 Dicit
1060 1170 1162 1207 enim
1182 1172 1347 1218 Aposto-

339 1239 350 1249 ⁸
371 1218 436 1255 Ἤ)
451 1214 482 1257 *s
492 1225 561 1272 lus,
591 1225 623 1260 ΙΙ
652 1224 706 1261 ad
727 1225 814 1261 Cor.
834 1236 860 1260 v
877 1223 915 1260 *ε
950 1223 1125 1265 Quandiu
1153 1235 1284 1260 sumus
1310 1224 1347 1260 in

278 1290 451 1328 corpore,
465 1277 764 1328 peregrinamur
782 1289 806 1314 a
825 1277 1011 1314 Domino:
1025 1288 1098 1325 per
1105 1276 1228 1324 fidem
1248 1277 1348 1313 enim

251 1328 531 1378 “ambulamus,
560 1336 597 1368 et
623 1342 698 1367 non
720 1342 795 1379 per
819 1331 992 1379 speciem.
1033 1330 1109 1367 Sed
1140 1330 1280 1366 Paulus
1310 1330 1347 1365 in

41 2468 52 2478 ⁸
96 2466 102 2472 '
138 2465 252 2494 mvn,

40 2493 71 2516 nl.
139 2498 252 2522 ‚cepam

40 2828 116 2852 *Am
135 2834 152 2856 t,
170 2834 252 2857 arga.

47 3542 58 3552 ⁸
69 3541 121 3563 Art.
134 3547 157 3568 4.

279 1393 377 1422 statu
396 1385 459 1422 illo
488 1397 567 1422 non
590 1385 902 1433 peregrinabatur
921 1396 943 1421 a
962 1383 1154 1420 Domino:
1186 1382 1273 1431 quia
1292 1382 1348 1420 vi·
1373 1383 1376 1423 ζ

279 1438 393 1476 debat
420 1438 550 1475 Deum
578 1449 647 1487 per
666 1437 847 1486 speciem,
878 1445 918 1473 ut
946 1437 1089 1475 dictum
1109 1444 1164 1473 est
1183 1435 1213 1472 ³¹⁸.
1244 1436 1347 1484 Ergo

277 1504 355 1529 non
385 1499 466 1528 erat
492 1491 531 1528 in
560 1503 734 1540 corpore.

332 1557 367 1582 2.
389 1545 623 1591 PRAETEREA,
653 1543 824 1592 potentia
844 1543 993 1580 animae
1022 1555 1101 1579 non
1129 1549 1255 1592 potest
1276 1542 1348 1578 ele-

276 1599 357 1636 vari
378 1610 493 1647 supra
514 1598 595 1634 eius
615 1597 830 1644 essentiam,
851 1596 889 1633 in
910 1608 986 1645 qua
1006 1596 1195 1633 radicatur
1211 1600 1239 1632 α.
1271 1596 1347 1632 Sed

277 1651 499 1699 intellectus,
530 1650 594 1700 qui
624 1658 679 1687 est
706 1650 877 1699 potentia
898 1649 1062 1696 animae,
1083 1649 1122 1686 in
1142 1657 1253 1698 raptu
1281 1649 1349 1686 fuit

277 1717 300 1742 a
329 1704 590 1755 corporalibus
619 1704 830 1741 abstractus
857 1715 926 1753 per
946 1703 1199 1740 elevationem
1221 1703 1269 1739 ad
1296 1702 1349 1739 di-

275 1757 417 1809 vinam·
438 1757 816 1807 contemplationem.
856 1757 957 1804 Ergo
992 1757 1113 1793 multo
1142 1756 1262 1804 magis
1293 1768 1348 1792 es-

276 1812 394 1850 sentia
423 1811 574 1849 animae
602 1811 671 1848 fuit
699 1818 875 1860 separata
904 1822 926 1846 a
955 1822 1127 1858 corpore.

332 1866 367 1903 3.
397 1866 641 1912 PRAETEREA,
675 1863 778 1901 vires
816 1863 966 1900 animae
1001 1861 1224 1910 vegetabilis
1261 1870 1349 1899 sunt

277 1918 398 1967 magis
427 1918 640 1955 materiales
676 1929 794 1965 quam
821 1917 923 1954 vires
953 1916 1103 1953 animae
1133 1916 1347 1952 sensitivae.

279 1972 356 2009 Sed
386 1972 588 2021 oportebat
615 1971 844 2008 intellectum
875 1969 1042 2007 abstrahi
1066 1982 1087 2006 a
1105 1969 1250 2006 viribus
1270 1969 1348 2006 ani-

278 2037 366 2063 mae
404 2024 629 2071 sensitivae,
664 2032 703 2060 ut
742 2023 884 2061 dictum
919 2022 1031 2070 est*,
1063 2022 1110 2060 ad
1140 2023 1214 2059 hoc
1243 2022 1349 2071 quod

278 2079 446 2128 rapiatur
474 2079 521 2115 ad
550 2078 763 2115 videndum
793 2077 964 2115 divinam
994 2075 1210 2113 essentiam.
1246 2077 1348 2124 Ergo

277 2133 398 2169 multo
428 2131 549 2180 magis
579 2131 782 2180 oportebat
809 2130 914 2180 quod
943 2130 1224 2167 abstraheretur
1252 2142 1274 2166 a
1293 2130 1350 2167 vi-

278 2186 382 2223 ribus
402 2185 554 2222 animae
573 2184 807 2232 vegetabilis.
830 2184 1005 2231 Quarum
1027 2183 1249 2232 operatione
1271 2195 1349 2220 ces-

279 2247 406 2285 sante,
436 2238 513 2275 iam
542 2239 646 2275 nullo
676 2237 796 2275 modo
835 2237 963 2274 anima
992 2244 1162 2273 remanet
1199 2235 1349 2285 corpori

279 2292 493 2329 coniuncta.
532 2292 635 2340 Ergo
663 2291 814 2328 videtur
842 2290 947 2339 quod
977 2289 1145 2340 oportuit
1172 2289 1211 2326 in
1240 2297 1350 2338 raptu

278 2346 386 2383 Pauli
415 2343 586 2382 animam
609 2344 772 2382 totaliter
790 2357 812 2381 a
833 2355 994 2392 corpore
1015 2355 1098 2380 esse
1119 2351 1347 2392 separatam.

333 2399 407 2436 SED
437 2410 584 2435 CONTRA
603 2409 670 2435 Esr
699 2397 804 2447 quod
823 2397 1058 2446 Augustinus
1078 2396 1178 2443 dicit,
1201 2396 1239 2433 in
1259 2396 1349 2445 Epi-

279 2452 375 2489 stola
402 2452 454 2489 ad
470 2451 671 2489 Paulinam
700 2452 746 2488 de
770 2451 935 2487 Videndo
960 2451 1085 2487 Deum
1108 2451 1147 2486 *z
1177 2450 1268 2487 Non
1298 2456 1354 2487 est

279 2506 512 2551 incredibile,
545 2505 599 2542 sic
622 2503 637 2534 β
675 2504 898 2553 quibusdam
930 2504 1067 2541 sanctis
1102 2503 1269 2540 nondum
1299 2504 1349 2540 ita

279 2559 462 2607 defunctis
490 2563 532 2594 ut
555 2558 765 2606 sepelienda
794 2569 926 2594 eorum
955 2557 1144 2594 cadavera
1178 2569 1348 2594 remane-

279 2618 373 2658 rent,
393 2613 502 2648 istam
522 2611 782 2648 excellentiam
802 2610 1039 2648 revelationis
1053 2611 1182 2659 fuisse
1201 2622 1349 2647 conces-

278 2677 382 2710 sam,
411 2672 453 2702 ut
487 2665 628 2701 scilicet
660 2665 835 2701 viderent
869 2665 998 2701 Deum
1030 2675 1100 2712 per
1133 2663 1348 2702 essentiam.

279 2719 371 2756 Non
408 2718 518 2767 igitur
554 2717 622 2754 fuit
656 2717 913 2754 necessarium
946 2724 988 2753 ut
1020 2717 1058 2753 in
1094 2724 1204 2765 raptu
1242 2717 1350 2754 Pauli

279 2771 408 2809 anima
437 2771 517 2808 eius
545 2770 708 2808 totaliter
736 2777 977 2819 separaretur
1006 2782 1027 2806 a
1057 2781 1229 2818 corpore.

333 2827 562 2863 RESPONDEo
595 2836 781 2862 mCENDuM
819 2823 947 2872 quod,
977 2823 1072 2860 sicut
1107 2835 1222 2871 supra
1241 2822 1261 2844 *
1297 2822 1350 2860 di-
1377 2848 1379 2864 2

281 2885 383 2916 ctum
414 2886 469 2916 est
487 2883 515 2926 Υ,
545 2878 583 2915 in
613 2885 723 2926 raptu
753 2877 799 2914 de
821 2889 898 2926 quo
919 2889 1021 2913 nunc
1040 2877 1247 2926 loquimur,
1275 2875 1351 2913 vir-

280 2939 358 2969 tute
388 2931 517 2969 divina
546 2932 716 2968 elevatur
743 2932 863 2967 homo
884 2931 932 2966 ab
952 2942 995 2966 eo
1015 2929 1117 2978 quod
1142 2935 1198 2966 est
1221 2940 1351 2966 secun-

333 3065 361 3097 α)
380 3065 529 3090 radicatur.
542 3078 560 3083 -
578 3064 741 3089 radicantur
759 3063 876 3096 BEFpA.

334 3098 360 3132 β)
379 3100 425 3126 sic.
438 3114 456 3119 —
475 3103 505 3125 ut
523 3100 703 3129 ABDEFIKL,
722 3099 794 3132 quod
813 3099 841 3129 C,
861 3106 915 3124 om.
934 3098 972 3129 H;
992 3105 1040 3131 pro
1060 3098 1107 3127 ita,
1128 3098 1184 3122 vita
1201 3098 1231 3123 P.

1402 1064 1492 1100 dum
1521 1069 1698 1100 naturam
1728 1064 1764 1100 in
1789 1064 1826 1100 id
1854 1065 1954 1112 quod
1981 1069 2036 1100 est
2056 1075 2171 1112 supra
2202 1070 2390 1101 naturam.
2421 1065 2471 1101 Et

1402 1116 1490 1154 ideo
1526 1116 1604 1154 duo
1643 1117 1882 1153 considerare
1920 1125 2088 1165 oportet:
2125 1117 2252 1166 primo
2289 1117 2467 1165 quidem,

1403 1170 1494 1218 quid
1524 1170 1569 1206 sit
1597 1169 1744 1206 homini
1764 1167 1777 1190 δ
1807 1170 2020 1206 secundum
2049 1177 2246 1216 naturam;
2276 1171 2467 1218 seeundo,

1403 1223 1494 1271 quid
1524 1222 1654 1260 divina
1672 1222 1810 1259 virtute
1840 1223 1884 1259 sit
1911 1223 1948 1259 in
1976 1222 2134 1259 homine
2162 1223 2336 1261 fiendum
2356 1237 2470 1272 supra

1403 1283 1589 1312 naturam.
1621 1277 1679 1312 Ex
1699 1277 1774 1312 hoc
1794 1283 1921 1312 autem
1943 1276 2049 1324 quod
2069 1276 2197 1313 anima
2218 1277 2368 1326 corpori
2387 1277 2470 1314 uni-

1402 1337 1462 1365 tur
1490 1337 1674 1376 tanquam
1697 1329 1878 1365 naturalis
1898 1329 2022 1366 forma
2042 1329 2171 1377 ipsius,
2194 1330 2373 1367 convenit
2392 1330 2470 1367 ani-

1403 1394 1488 1418 mae
1510 1382 1688 1418 naturalis
1707 1381 1891 1418 habitudo
1922 1382 1970 1419 ad
1998 1383 2073 1418 hoc
2094 1383 2199 1430 quod
2224 1396 2292 1431 per
2313 1396 2471 1420 conver-

1403 1435 1552 1472 sionem
1588 1436 1633 1472 ad
1669 1435 1935 1483 phantasmata
1969 1435 2157 1482 intelligat.
2193 1436 2310 1482 Quod
2343 1437 2391 1474 ab
2426 1449 2471 1473 ea

1403 1501 1482 1526 non
1510 1488 1678 1525 aufertur
1716 1487 1844 1525 divina
1871 1487 2008 1524 virtute
2038 1488 2074 1524 in
2106 1496 2236 1536 raptu:
2276 1489 2364 1537 quia
2393 1503 2471 1527 non

1403 1548 1571 1579 mutatur
1608 1548 1724 1578 status
1762 1541 1862 1587 eius,
1892 1548 1934 1577 ut
1969 1540 2110 1578 dictum
2147 1549 2202 1578 est
2220 1541 2251 1578 ²²⁶.
2291 1543 2471 1580 Manente

1403 1602 1532 1632 autem
1560 1596 1636 1632 hoc
1664 1601 1773 1641 statu,
1796 1595 1962 1631 aufertur
1989 1594 2038 1631 ab
2059 1594 2187 1631 anima
2207 1595 2361 1632 actualis
2383 1608 2472 1633 con-

1401 1649 1528 1686 versio
1558 1649 1606 1685 ad
1634 1648 1901 1697 phantasmata
1931 1655 1967 1684 et
1994 1647 2194 1695 sensibilia,
2216 1660 2263 1684 ne
2289 1648 2472 1697 impedia-

1402 1710 1462 1739 tur
1491 1703 1572 1738 eius
1594 1701 1755 1738 elevatio
1785 1701 1823 1738 in
1844 1701 1880 1738 id
1901 1701 2007 1750 quod
2032 1701 2178 1739 excedit
2198 1701 2328 1738 omnia
2351 1703 2473 1751 phan—

1402 1763 1575 1802 tasmata,
1605 1762 1646 1791 ut
1675 1754 1818 1791 dictum
1848 1761 1904 1790 est
1921 1753 1952 1791 *.
1992 1755 2041 1790 Et
2068 1754 2155 1791 ideo
2184 1754 2222 1791 in
2251 1762 2359 1803 raptu
2393 1768 2472 1793 non

1402 1809 1472 1846 fuit
1500 1807 1758 1845 necessarium
1796 1807 1901 1856 quod
1931 1807 2059 1844 anima
2094 1808 2146 1844 sic
2183 1816 2422 1856 separaretur
2450 1822 2472 1846 a

1403 1874 1564 1911 corpore
1603 1869 1644 1898 ut
1681 1861 1714 1898 ei
1753 1873 1832 1898 non
1868 1861 2038 1898 uniretur
2074 1861 2183 1909 quasi
2220 1862 2365 1898 forma:
2404 1862 2472 1899 fuit

1403 1923 1532 1953 autem
1567 1914 1825 1951 necessarium
1863 1914 2094 1951 intellectum
2134 1914 2214 1951 eius
2249 1915 2415 1952 abstrahi
2450 1928 2471 1952 a

1403 1968 1731 2018 phantasmatibus
1762 1975 1798 2004 et
1826 1967 2060 2004 sensibilium
2090 1967 2335 2016 perceptione
2353 1968 2384 2005 ²¹².

1456 2024 1515 2059 AD
1536 2033 1674 2059 PRIMUM
1694 2033 1793 2058 ERGO
1813 2033 1999 2058 DICENDUM
2020 2020 2126 2068 quod
2145 2022 2287 2058 Paulus
2307 2021 2344 2058 in
2361 2029 2470 2071 raptu

1404 2076 1467 2112 illo
1503 2075 1815 2124 peregrinabatur
1851 2087 1872 2111 a
1900 2074 2071 2111 Domino
2106 2082 2290 2122 quantum
2320 2075 2368 2111 ad
2397 2083 2469 2112 sta-

1404 2138 1498 2175 tum,
1530 2128 1619 2176 quia
1649 2129 1774 2165 adhuc
1805 2135 1883 2164 erat
1911 2127 1949 2164 in
1975 2135 2071 2164 statu
2090 2128 2266 2164 viatoris:
2297 2140 2375 2164 non
2405 2141 2469 2165 au-

1405 2190 1482 2220 tem
1513 2182 1640 2231 quoad
1671 2189 1812 2228 actum,
1842 2194 1919 2230 quo
1949 2181 2105 2218 videbat
2133 2182 2260 2217 Deum
2290 2194 2358 2229 per
2387 2194 2470 2230 spe-

1406 2236 1516 2282 ciem,
1546 2243 1587 2271 ut
1617 2247 1661 2271 ex
1691 2247 1805 2283 supra
1823 2233 1843 2255 ³¹⁶
1872 2234 1980 2271 dictis
2009 2242 2122 2282 patet.

1459 2291 1517 2325 AD
1552 2299 1744 2325 SECUNDUM
1772 2299 1958 2324 DICENDUM
1988 2287 2092 2335 quod
2121 2287 2290 2335 potentia
2319 2287 2470 2325 animae

1403 2343 1542 2380 virtute
1559 2341 1719 2378 naturali
1735 2353 1811 2378 non
1830 2342 1999 2378 elevatur
2015 2353 2129 2389 supra
2149 2341 2310 2377 modum
2333 2353 2473 2377 conve-

1404 2396 1573 2433 nientem
1596 2394 1779 2431 essentiae
1801 2394 1892 2431 eius.
1913 2394 2058 2430 Virtute
2083 2401 2212 2430 tamen
2242 2393 2371 2431 divina
2391 2402 2473 2442 pot-

1404 2457 1460 2486 est
1478 2449 1516 2485 in
1538 2448 1680 2497 aliquid
1705 2447 1812 2484 altius
1833 2447 1994 2485 elevari:
2026 2447 2120 2484 sicut
2139 2459 2277 2496 corpus
2304 2459 2374 2496 per
2391 2447 2473 2483 vio-

1403 2502 1557 2540 lentiam
1573 2501 1736 2538 fortioris
1750 2501 1898 2538 virtutis
1918 2502 2088 2537 elevatur
2107 2513 2220 2549 supra
2235 2501 2363 2537 locum
2385 2513 2474 2537 con-

1402 2555 1622 2594 venientem
1653 2555 1723 2591 sibi
1752 2555 1964 2591 secundum
1989 2554 2156 2602 speciem
2182 2566 2273 2590 suae
2302 2561 2471 2590 naturae.

1458 2611 1516 2646 AD
1536 2620 1697 2646 TERTmM
1727 2619 1912 2645 mCENDUM
1941 2607 2045 2656 quod
2069 2607 2168 2643 vires
2189 2607 2339 2643 animae
2358 2619 2471 2654 vege-

1404 2662 1527 2700 tabilis
1555 2674 1634 2699 non
1663 2668 1870 2710 operantur
1890 2673 1935 2697 ex
1954 2660 2162 2697 intentione
2183 2660 2345 2706 animae,
2376 2660 2471 2696 sicut

1404 2716 1507 2753 vires
1527 2715 1740 2762 sensitivae,
1763 2714 1828 2751 sed
1849 2726 1918 2763 per
1937 2714 2099 2750 modum
2120 2721 2288 2750 naturae.
2315 2714 2364 2749 Et
2382 2713 2469 2750 ideo

1407 2781 1485 2807 non
1515 2768 1717 2818 requiritur
1745 2768 1793 2805 ad
1818 2775 1969 2816 raptum
1999 2766 2200 2803 abstractio
2222 2767 2270 2803 ab
2292 2766 2354 2813 eis,
2376 2766 2472 2803 sicut

1406 2835 1428 2859 a
1449 2822 1626 2872 potentiis
1646 2821 1844 2867 sensitivis,
1870 2833 1939 2870 per
1959 2833 2121 2869 quarum
2143 2819 2382 2868 operationes
2403 2819 2470 2856 mi-

1406 2883 1587 2913 nueretur
1614 2875 1768 2911 intentio
1799 2874 1949 2911 animae
1986 2874 2083 2910 circa
2111 2873 2378 2910 intellectivam
2408 2886 2470 2909 co-

1406 2929 1627 2977 gnltionem.

1457 3061 1485 3095 γ)
1505 3062 1575 3088 sicut
1592 3069 1676 3094 supra
1695 3061 1795 3086 dictum
1816 3064 1863 3086 est.
1875 3075 1895 3079 -
1914 3061 1975 3086 Om.
1994 3060 2112 3085 PAHLa.

1459 3097 1484 3130 ὃ)
1504 3098 1614 3123 homini.
1626 3111 1645 3116 —
1663 3097 1842 3122 necessarium
1862 3097 1960 3121 addunt
1978 3095 2056 3120 BDK.

960 3185 1294 3218 Commenta-ria
1317 3184 1569 3217 Cardinalis
1592 3183 1793 3216 Caietam

287 3285 334 3347 IN
358 3274 491 3306 articulo
515 3275 628 3315 quinto
653 3275 797 3306 eiusdem
812 3274 1019 3316 quaestionis,
1036 3274 1067 3304 in
1085 3273 1294 3313 responsione
1310 3274 1350 3304 ad
1377 3272 1379 3298 Ι
1405 3273 1517 3309 uvam,
1543 3279 1574 3303 et
1597 3283 1614 3303 e
1637 3279 1755 3303 contra.
1787 3271 1976 3312 Experimur
2004 3271 2089 3301 enim
2117 3277 2205 3301 actus
2228 3269 2419 3310 vegetativae
2444 3277 2474 3300 et

315 3318 453 3355 tertium,
479 3318 558 3349 circa
581 3319 787 3350 differentiam
811 3319 892 3350 inter
914 3318 995 3349 vires
1019 3317 1181 3348 sensitivas
1205 3324 1235 3348 et
1258 3327 1350 3357 vege-

284 3363 412 3399 tativas,
437 3363 526 3403 quod
549 3363 714 3394 sensitivae
737 3374 774 3394 ex
796 3364 971 3394 intentione
996 3363 1135 3399 animae,
1159 3362 1350 3402 vegetativae

285 3415 391 3438 autem
416 3416 473 3447 per
488 3407 624 3437 modum
640 3414 768 3438 naturae
785 3415 966 3448 operantur,
988 3415 1018 3439 et
1042 3414 1209 3447 propterea
1225 3413 1352 3446 oportet

284 3452 495 3482 intentionem
518 3451 737 3482 vehementem
761 3452 885 3483 animae
908 3452 1084 3483 abstrahere
1109 3462 1126 3481 a
1150 3450 1304 3481 sensitivis
1321 3457 1352 3480 et
1376 3453 1378 3474 l

285 3506 350 3526 non
375 3506 392 3526 a
415 3495 614 3535 vegetativis:
639 3496 763 3526 adverte
786 3497 886 3536 quod,
911 3503 947 3528 ut
969 3498 1091 3527 Auctor
1106 3496 1139 3526 in
1155 3496 1218 3536 Qq.
1234 3495 1274 3526 de
1295 3495 1351 3525 Ve-
1377 3475 1378 3520 l

1406 3317 1588 3357 digerendo,
1614 3323 1644 3346 et
1672 3315 1894 3353 calefaciendo,
1919 3322 1949 3346 et
1978 3315 2146 3351 fumando,
2172 3321 2240 3350 etc„
2265 3314 2415 3354 prodesse
2445 3321 2474 3344 et

1406 3362 1517 3391 obesse
1546 3361 1715 3391 virtutibus
1746 3359 1995 3390 ministrantibus
2025 3358 2214 3389 intellectui:
2241 3359 2320 3389 adeo
2343 3364 2380 3389 ut
2402 3358 2473 3399 qui-

1406 3406 1481 3447 dam
1513 3405 1639 3445 penitus
1670 3405 1833 3444 priventur
1863 3403 2034 3439 intellectu,
2048 3409 2084 3433 ut
2114 3402 2193 3433 fatui
2221 3410 2252 3433 et
2279 3402 2367 3440 ebrii,
2397 3409 2472 3438 etc.;

1406 3449 1537 3490 quidam
1569 3450 1689 3479 clarum
1711 3448 1878 3478 videantur
1908 3447 2008 3478 sortiti
2040 3447 2236 3478 intellectum
2269 3457 2305 3477 ex
2336 3447 2473 3477 claritate

1406 3494 1576 3534 spirituum
1600 3503 1637 3523 ex
1658 3492 1823 3532 vegetabili
1847 3499 2080 3532 generatorum.
2112 3492 2139 3522 E
2164 3498 2273 3522 contra
2296 3491 2474 3531 experimur

286 3541 358 3577 rit„
384 3550 439 3580 qu.
468 3550 522 3570 xm
536 3539 563 3576 *,
578 3535 700 3569 'diffuse
731 3539 883 3576 declarat,
914 3541 976 3571 hoc
1005 3540 1190 3581 intelligitur
1220 3549 1275 3580 per
1306 3549 1349 3570 se.
1377 3553 1378 3576 l
1407 3539 1501 3569 etiam
1529 3538 1618 3578 quod
1646 3537 1824 3568 exercitatio
1853 3536 2030 3567 intellectus
2061 3542 2156 3566 nocet
2179 3536 2258 3576 parti
2282 3535 2472 3575 vegetativae

287 3584 450 3622 Quoniam
480 3593 537 3624 per
566 3583 709 3614 accidens
739 3593 810 3623 pars
841 3583 1030 3615 intellectiva
1061 3585 1196 3625 impedit
1225 3590 1349 3624 vegeta·
1376 3577 1378 3620 l
1407 3583 1612 3624 quandoque,
1638 3589 1674 3612 ut
1696 3581 1878 3612 immediate
1902 3587 1976 3621 post
2000 3580 2124 3612 cibum:
2150 3580 2225 3621 quia
2249 3580 2334 3610 calor
2358 3586 2387 3609 et
2411 3578 2472 3618 spi-

2501 1549 2510 1557 *
2524 1548 2576 1570 Art.
2588 1554 2609 1576 3,
2619 1548 2647 1569 ad
2662 1554 2682 1575 2,
2699 1554 2710 1573 3

2500 1767 2510 1776 ⁸
2524 1766 2575 1788 Art.
2588 1773 2611 1793 4.

2500 1971 2509 1979 “
2524 1969 2552 1991 D.
2568 1975 2599 1991 10.

2500 2232 2509 2240 ⁸
2523 2232 2573 2252 Art.
2586 2237 2607 2259 3,
2618 2230 2646 2252 ad
2660 2237 2680 2255 2,
2691 2237 2711 2259 3.
