2768 4198
50 1974 61 1985 ⁸
73 1973 132 2001 cup.
146 1979 210 1996 xxvi.

52 2729 60 2736 ·
76 2726 143 2748 Vers-
158 2732 191 2748 ιο.

971 258 1241 305 QUAESTIO
1272 258 1448 305 CXXIV,
1478 256 1778 294 ARTICULUS
1809 257 1821 292 1

2445 264 2493 300 27

559 493 974 571 QUAESTIO
1014 490 2234 569 CENTESIMAVIGESIMAQUARTA

1101 615 1142 654 D
1163 614 1201 654 E
1259 614 1306 654 Μ
1325 614 1366 654 Α
1383 613 1423 653 R
1438 613 1478 653 T
1494 613 1535 653 Y
1550 613 1590 653 R
1606 613 1623 653 1
1642 613 1682 653 o

1093 730 1127 755 IN
1158 729 1319 761 QUINQUE
1347 729 1552 755 ARTICULOS
1581 728 1699 754 DWISA

55 832 266 881 ing-‚dquwunu
296 834 487 918 DEJNDE
516 824 840 862 considerandum
872 832 927 862 est
956 825 1003 862 de
1033 824 1216 873 martyrio
1235 824 1266 861 *.

378 879 428 915 Et
455 878 554 915 circa
581 879 656 915 hoc
685 886 921 926 quaeruntur
949 877 1132 926 quinque.

347 931 498 968 Primo:
534 939 661 968 utrum
692 931 916 980 martyrium
946 931 993 968 sit
1019 939 1125 968 actus
1153 930 1310 967 virtutis.

348 985 546 1022 Secundo:
577 986 686 1022 cuius
713 985 860 1022 virtutis
890 985 936 1022 sit
965 992 1081 1021 actus.

1476 823 1624 860 Tertio:
1655 823 1702 861 de
1731 823 1964 872 perfectione
1993 822 2105 860 huius
2134 830 2251 860 actus.

1477 904 1643 950 Quarto:
1674 903 1721 940 de
1750 916 1877 952 poena
1905 903 2086 952 martyrii.

1476 983 1621 1029 Quinto
1633 995 1642 1019 :
1673 983 1720 1019 de
1751 994 1876 1019 causa.

1115 1093 1437 1135 ARTICULUS
1468 1091 1676 1134 PRIMUS

928 1187 1084 1219 UTRUM
1108 1185 1375 1218 MARTYR1UM
1399 1185 1466 1216 S1T
1491 1185 1635 1217 Aeros
1660 1185 1864 1217 VIRTUTIS

415 1319 418 1323 ,
467 1303 490 1342 1
508 1289 542 1315 ι)
560 1289 699 1315 PRIMUM
721 1288 776 1314 sic
803 1287 1046 1313 PROCEDlTUR.
1075 1273 1235 1312 Videtur
1261 1274 1367 1322 quod

285 1345 295 1347 ’
327 1308 411 1377 §ihs
426 1311 481 1378 ῗῦίι
507 1330 732 1379 martyrium
752 1341 831 1367 non
851 1328 897 1365 sit
915 1335 1022 1365 actus
1040 1327 1201 1365 virtutis.
1229 1326 1368 1364 Omnis

314 1417 321 1427 A
330 1364 474 1431 rja
445 1371 609 1425 'fenim
640 1390 746 1420 actus
764 1382 912 1419 virtutis
934 1389 991 1418 est
1007 1380 1258 1418 voluntarius.
1290 1379 1368 1417 Sed

301 1391 393 1474 ᾸΨ
352 1430 449 1479 ΨἙὶῨ)
466 1431 732 1485 martyrium
770 1435 1006 1485 quandoque
1034 1447 1113 1472 non
1143 1442 1199 1472 est
1230 1434 1368 1471 volun-

291 1489 450 1528 tarium:
480 1498 523 1528 ut
549 1498 662 1539 patet
671 1489 720 1527 de
741 1488 1014 1526 Innocentibus
1037 1500 1109 1538 pro
1130 1487 1282 1526 Christo
1303 1499 1367 1524 oc-

291 1542 398 1590 cisis,
429 1541 476 1580 de
506 1543 646 1592 quibus
679 1542 770 1580 dicit
807 1541 992 1589 Hilarius,
1021 1553 1136 1591 super
1165 1541 1304 1579 Matth.
1325 1539 1366 1588 *,

291 1595 399 1645 quod
426 1595 464 1634 in
492 1596 722 1634 aeternitatis
745 1596 960 1645 profectum
983 1607 1057 1644 per
1084 1595 1266 1644 martyrii
1283 1593 1368 1644 glo-

290 1650 390 1687 riam
427 1649 684 1700 efferebantur
711 1654 741 1686 ⁶.
781 1649 884 1698 Ergo
922 1648 1149 1698 martyrium
1190 1660 1269 1686 non
1312 1655 1395 1684 est=

290 1710 396 1741 actus
424 1703 586 1741 virtutis.

345 1768 382 1795 2.
410 1757 654 1804 Pmrsam,
684 1757 835 1794 nullum
871 1755 1044 1793 illicitum
1070 1762 1126 1792 est
1154 1763 1261 1792 actus
1289 1755 1365 1792 vir-

288 1809 390 1848 tutis.
425 1810 503 1849 Sed
532 1810 710 1848 occidere
739 1809 908 1859 seipsum
939 1817 995 1846 est
1022 1808 1207 1855 illicitum,
1237 1816 1279 1846 ut
1306 1821 1369 1845 su-

291 1925 601 1955 consummatur:
623 1916 713 1954 dicit
733 1916 838 1953 enim
857 1915 1106 1964 Augustinus,
1127 1915 1165 1952 in
1187 1916 1200 1952 I
1221 1916 1267 1952 de
1285 1915 1366 1952 Civ.

283 2024 569 2074 persecutionis,
599 2029 640 2060 ut
666 2023 907 2060 insectatores
927 2034 1020 2060 suae
1032 2022 1239 2072 pudicitiae
1266 2023 1367 2060 devi-

289 2083 423 2124 tarent,
445 2090 486 2116 se
514 2078 551 2115 in
570 2077 739 2126 fluvium
767 2076 992 2122 deiecerunt,
1020 2087 1139 2124 eoque
1166 2076 1278 2113 modo
1306 2077 1368 2113 de·-
1393 2100 1395 2113 ,

278 2133 444 2181 functae
477 2137 587 2174 sunt;
619 2142 828 2179 earumque
864 2129 1056 2178 martyria
1093 2129 1131 2165 in
1173 2129 1367 2166 Catholica

289 2185 460 2223 Ecclesia
498 2184 742 2222 veneratione
778 2183 1024 2220 celeberrima
1053 2183 1364 2230 frequentantur.

290 2238 383 2276 Non
413 2250 503 2287 ergo
532 2236 758 2286 martyrium
788 2244 846 2273 est
873 2243 979 2273 actus
1007 2234 1168 2272 virtutis.

345 2292 379 2330 3.
396 2291 632 2339 Pmrmznm,
649 2289 842 2327 laudabile
863 2297 919 2327 est
937 2289 1046 2338 quod
1070 2287 1205 2338 aliquis
1228 2297 1367 2337 sponte

289 2357 331 2382 se
363 2343 501 2382 offerat
537 2344 587 2382 ad
623 2343 894 2392 exequendum
929 2350 1059 2380 actum
1087 2341 1248 2380 virtutis.
1289 2342 1366 2380 Sed

288 2410 369 2436 non
397 2405 453 2435 est
481 2397 671 2435 laudabile
709 2397 816 2446 quod
843 2396 980 2446 aliquis
1017 2395 1202 2444 martyrio
1236 2408 1276 2433 se
1311 2395 1367 2433 in-

289 2458 412 2501 gerat,
443 2451 512 2489 sed
540 2451 662 2499 magis
697 2450 851 2487 videtur
879 2461 963 2487 esse
998 2456 1367 2499 praesumptuosum

290 2513 328 2542 et
355 2504 629 2554 periculosum.
665 2504 758 2540 Non
787 2515 878 2552 ergo
913 2503 1139 2552 martyrium
1176 2511 1232 2540 est
1261 2510 1367 2540 actus

290 2555 452 2596 virtutis.

346 2613 421 2649 SED
449 2622 598 2649 CONTRA
625 2621 693 2647 EST
725 2610 831 2659 quod
867 2609 1086 2659 praemium
1123 2609 1369 2647 beatitudinis

291 2677 370 2702 non
404 2665 565 2702 debetur
599 2663 670 2700 nisi
700 2663 800 2700 actui
826 2663 988 2701 virtutis.
1025 2663 1200 2700 Debetur
1237 2671 1368 2701 autem
1394 2686 1396 2694 ›

290 2718 492 2767 martyrio:
522 2717 736 2755 secundum
765 2716 857 2754 illud
886 2717 1021 2754 Matth.
1050 2729 1075 2754 v
1094 2717 1134 2753 *z
1166 2718 1278 2754 Beati
1304 2718 1370 2766 qui

284 2771 585 2821 persecutionem
614 2771 814 2819 patiuntur
843 2776 1003 2819 propter
1038 2770 1239 2808 iustitiam:
1277 2782 1368 2819 quo-

291 2826 395 2862 niam
425 2825 594 2874 ipsorum
621 2829 677 2861 est
702 2835 865 2874 regnum
894 2823 1100 2861 caelorum.
1136 2825 1238 2872 Ergo
1267 2836 1368 2861 mar-

291 2877 433 2928 tyrium
463 2886 519 2915 est
547 2885 654 2915 actus
681 2877 841 2914 virtutis.

1475 1275 1535 1310 AD
1556 1285 1694 1310 Palmum
1714 1285 1814 1310 ERGO
1844 1285 2030 1311 DlCENDUM
2054 1274 2162 1322 quod
2181 1274 2338 1323 quidam
2354 1275 2374 1297 '¹‘
2393 1276 2496 1313 dixe-

1423 1334 1510 1363 runt
1538 1327 1644 1375 quod
1673 1324 1746 1363 inss
1775 1327 2047 1364 Innocentibus
2076 1328 2308 1365 acceleratus
2347 1337 2402 1365 est
2428 1329 2497 1366 mi-

1423 1380 1596 1417 raculose
1625 1392 1716 1417 usus
1744 1379 1851 1417 liberi
1880 1380 2043 1427 arbitrii,
2073 1381 2123 1418 ita
2152 1383 2256 1430 quod
2287 1381 2401 1419 etiarn
2429 1395 2498 1419 vo-

1422 1433 1581 1471 luntarie
1612 1433 1836 1482 martyrium
1870 1433 1973 1482 passi
2009 1441 2107 1471 sunt.
2138 1455 2161 1462 -
2191 1435 2267 1472 Sed
2304 1435 2395 1484 quia
2423 1436 2498 1473 hoc

1421 1499 1491 1536 per
1527 1487 1789 1524 auctoritatem
1830 1487 2048 1536 Scripturae
2084 1500 2164 1524 non
2202 1489 2497 1538 comprobatur,

1394 1570 1396 1578 ,
1423 1540 1511 1578 ideo
1541 1540 1678 1578 melius
1698 1540 1904 1578 dicendum
1927 1548 1982 1578 est
2001 1541 2107 1590 quod
2132 1542 2303 1590 martyrii
2322 1543 2496 1591 gloriam,

1423 1606 1542 1643 quam
1571 1594 1609 1631 in
1637 1594 1717 1631 aliis
1746 1594 1902 1643 propria
1929 1595 2108 1631 voluntas
2136 1603 2315 1643 meretur,
2336 1596 2384 1633 illi
2411 1608 2498 1645 par-

1421 1648 1501 1685 vuli
1531 1647 1647 1684 occisi
1674 1659 1744 1697 per
1771 1647 1844 1684 Dei
1872 1647 2031 1696 gratiam
2067 1655 2155 1685 sunt
2182 1649 2356 1687 assecuti.
2393 1650 2496 1687 Nam

1423 1700 1559 1739 effusio
1593 1700 1787 1750 sanguinis
1823 1709 1981 1750 propter
2014 1701 2207 1739 Christum
2241 1703 2369 1740 vicem
2404 1703 2499 1752 gerit

1422 1754 1614 1804 baptismi.
1650 1755 1763 1792 Unde
1799 1754 1894 1791 sicut
1928 1754 2058 1804 pueris
2091 1755 2290 1804 baptizatis
2318 1769 2388 1805 per
2415 1769 2497 1805 gra-

1393 1830 1395 1851 2
1421 1809 1513 1846 tiam
1541 1807 1810 1858 baptismalem
1843 1808 2023 1845 meritum
2061 1809 2200 1846 Christi
2234 1818 2416 1858 operatur
2449 1811 2496 1848 ad

50 1871 263 1900 ‘Qu-muns·
288 1876 359 1913 pra
376 1863 397 1886 *
424 1864 599 1902 habitum
629 1871 696 1900 est.
736 1864 811 1900 Per
839 1862 945 1912 quod
972 1870 1103 1899 tamen
1141 1861 1366 1911 martyrium
1393 1882 1395 1916 ς

1393 1948 1395 1959 ᾖ
1422 1922 1521 1952 stum
1551 1915 1732 1952 meritum
1753 1914 1922 1963 martyrii
1941 1919 1957 1942 Υ
1987 1914 2125 1952 Christi
2150 1923 2331 1965 operatur
2350 1916 2398 1954 ad
2418 1917 2496 1966 pal-

291 1970 367 2008 Dei
381 1969 418 2019 *,
448 1971 556 2021 quod
589 1970 777 2019 quaedam
805 1974 960 2006 sanctae
974 1969 1170 2018 feminae,
1200 1974 1368 2019 tempore
1393 1962 1395 1998 ἕ

1421 1861 1582 1910 gloriam
1612 1861 1876 1909 obtinendam,
1904 1861 1955 1898 ita
1982 1861 2020 1898 in
2049 1861 2184 1899 occisis
2211 1870 2370 1912 propter
2389 1863 2497 1900 Chri-

1422 1980 1528 2006 mam
1558 1968 1727 2017 martyrii
1756 1967 2084 2016 consequendam.
2119 1969 2231 2006 Unde
2260 1970 2496 2018 Augustinus

1423 2021 1523 2069 dicit,
1553 2021 1591 2059 in
1620 2023 1792 2071 quodam
1821 2033 2001 2058 sermone
2029 2022 2075 2059 de
2092 2022 2308 2071 Epiphania
2326 2022 2358 2069 *,
2388 2023 2498 2072 quasi

1423 2088 1490 2113 eos
1518 2076 1734 2125 alloquens:
1764 2074 1834 2111 Ille
1861 2075 1907 2112 de
1934 2081 2058 2112 vestra
2087 2087 2230 2113 corona
2258 2076 2472 2114 dubitabit
2459 2090 2495 2114 m

1418 2129 1594 2178 passione
1626 2140 1700 2177 pro
1735 2128 1902 2174 Christo,
1932 2128 1998 2176 qui
2029 2129 2141 2165 etiam
2168 2129 2344 2177 parvulis
2381 2131 2497 2179 bapti-

1420 2193 1545 2219 smum
1568 2182 1749 2230 prodesse
1777 2193 1852 2218 non
1882 2181 2055 2218 aestimat
2086 2182 2234 2220 Christi.
2263 2182 2355 2220 Non
2384 2184 2496 2220 habe-

1394 2259 1395 2265 κ
1423 2236 1517 2273 batis
1554 2240 1714 2272 aetatem
1747 2245 1822 2283 qua
1852 2235 1888 2271 in
1912 2246 2119 2283 passurum
2153 2235 2342 2272 Christum
2371 2237 2496 2274 crede-

1423 2289 1527 2326 retis:
1560 2289 1627 2325 sed
1652 2288 1845 2325 habebatis
1881 2299 2036 2325 carnem
2071 2289 2108 2325 in
2137 2300 2213 2337 qua
2235 2301 2311 2337 pro
2351 2290 2497 2327 Christo

1416 2354 1581 2391 passuro
1604 2342 1822 2390 passionem
1849 2341 2088 2379 sustineretis.

1476 2397 1536 2433 An
1557 2407 1747 2433 SECUNDUM
1767 2406 1952 2432 DICENDUM
1973 2395 2091 2443 quod,
2113 2395 2208 2432 sicut
2227 2393 2240 2417 ὅ
2264 2396 2497 2444 Augustinus

1422 2449 1565 2487 ibidem
1585 2448 1605 2471 '¹‘
1634 2449 1733 2497 dicit,
1765 2455 1863 2485 esset
1885 2448 2066 2497 possibile
2086 2450 2190 2498 quod
2210 2448 2398 2498 aliquibus
2413 2450 2499 2498 fide
2526 2456 2534 2466 ·

1422 2503 1547 2554 dignis
1576 2502 1892 2550 testificationibus
1920 2502 2049 2539 divina
2077 2502 2267 2552 persuasit
2292 2503 2497 2540 auctoritas

1394 2598 1395 2604 ἵ
1422 2556 1616 2594 Ecclesiae
1644 2562 1683 2593 ut
1710 2556 1896 2593 dictarum
1926 2556 2153 2592 Sanctarum
2182 2557 2407 2593 memoriam
2433 2558 2498 2593 ho-

1423 2615 1589 2648 noraret.

1476 2666 1536 2700 An
1555 2674 1716 2700 ’reanum
1737 2674 1922 2699 met-:unum
1942 2662 2049 2710 quod
2068 2668 2273 2711 praecepta
2293 2661 2384 2710 legis
2405 2662 2496 2699 dan-

1422 2724 1484 2754 tur
1513 2717 1560 2754 de
1589 2716 1736 2753 actibus
1770 2715 1919 2753 virtutis
1938 2720 1962 2752 ⁸.
2003 2716 2159 2752 Dictum
2189 2722 2315 2751 autem
2351 2722 2407 2752 est
2435 2728 2496 2752 su-

345 2933 574 2969 REsponm-:o
603 2942 791 2968 monimum
815 2930 933 2979 quod,
961 2930 1057 2968 sicut
1086 2930 1230 2967 dictum
1262 2938 1316 2967 est
1335 2930 1356 2952 '¹‘
1358 2937 1420 2979 ,l
1423 2930 1533 2968 fuerit
1561 2937 1835 2979 opportunum.
1867 2930 1920 2966 Ita
1950 2929 2065 2966 etiam
2087 2937 2123 2966 et
2151 2928 2277 2977 aliqua
2305 2928 2497 2977 pertinent

291 2985 341 3023 ad
368 2985 550 3022 virtutem
579 2984 743 3033 pertinet
771 2984 878 3032 quod
898 2983 1033 3031 aliquis
1062 2983 1098 3020 in
1121 2983 1226 3020 bono
1257 2983 1369 3032 ratio-

291 3039 350 3076 nis
379 3046 641 3076 conservetur.
672 3037 855 3074 Consistit
883 3045 1013 3073 autern
1043 3037 1191 3074 bonum
1214 3037 1369 3074 rationis

290 3092 329 3130 in
356 3092 527 3132 veritate
553 3091 649 3128 sicut
676 3091 714 3128 in
744 3090 902 3140 proprio
931 3090 1104 3135 obiecto;
1135 3098 1172 3127 et
1199 3090 1238 3127 in
1266 3090 1369 3128 iusti·
1395 3019 1397 3136 i

211 3153 266 3195 253³·
291 3145 354 3192 tia,
385 3145 480 3182 sicut
505 3145 543 3182 in
573 3144 731 3194 proprio
753 3144 903 3191 effectu,
933 3144 1032 3180 sicut
1060 3155 1104 3180 ex
1130 3155 1245 3192 supra
1264 3143 1285 3165 ‘¹‘
1313 3143 1368 3181 di-

1395 2987 1397 3018 ἰ
1423 2984 1472 3021 ad
1501 2991 1629 3020 actum
1658 2982 1804 3020 virtutis
1837 2983 2050 3020 secundum
2088 2982 2204 3020 animi
2242 2982 2497 3031 praeparatio-

1423 3049 1530 3084 nem,
1560 3043 1602 3073 ut
1634 3036 1789 3083 scilicet,
1819 3036 2112 3085 superveniente
2141 3035 2204 3072 tali
2243 3047 2345 3082 casu,
2374 3036 2495 3072 homo

1423 3090 1637 3128 secundum
1667 3089 1855 3126 rationem
1887 3097 1984 3138 agat.
2025 3090 2073 3126 Et
2101 3090 2176 3126 hoc
2208 3088 2413 3137 praecipue
2441 3089 2496 3126 vi-

1395 3144 1533 3180 detur
1571 3142 1856 3180 observandum
1887 3143 1924 3179 in
1954 3142 2156 3202 martyrio,
2186 3141 2291 3190 quod
2329 3141 2498 3178 consistit

293 3198 360 3236 ctis
386 3206 503 3248 patet.
537 3198 707 3235 Pertinet
735 3205 865 3234 autem
895 3199 941 3235 ad
973 3197 1162 3235 rationem
1197 3197 1367 3245 martyrii
1395 3205 1397 3224 >
1423 3197 1462 3234 in
1491 3196 1618 3234 debita
1647 3196 1869 3233 sustinentia
1906 3195 2130 3245 passionum
2167 3194 2304 3231 iniuste
2339 3194 2497 3232 inflicta-

292 3259 334 3289 ut
361 3251 494 3300 aliquis
521 3251 683 3289 firmiter
707 3259 779 3288 stet
804 3250 843 3288 in
860 3250 1021 3290 veritate
1050 3258 1086 3288 et
1112 3249 1250 3287 iustitia
1278 3263 1368 3287 con—

1424 3262 1532 3287 rum:
1562 3262 1642 3286 non
1671 3257 1799 3286 autem
1830 3249 1966 3286 debet·
1976 3249 2096 3286 homo
2131 3247 2374 3285 occasionem
2405 3248 2496 3286 dare

293 3312 350 3342 tra
368 3305 679 3354 persequentium
704 3305 883 3354 impetus.
912 3305 1024 3342 Unde
1045 3303 1292 3341 manifestum
1313 3311 1396 3340 est
1423 3303 1527 3340 alteri
1555 3302 1689 3339 iniuste
1721 3302 1873 3350 agendi,
1909 3302 1977 3339 sed
2006 3301 2037 3338 si
2065 3301 2158 3338 alius
2193 3301 2328 3338 iniuste
2367 3302 2494 3350 egerit,

293 3357 400 3407 quod
427 3358 652 3406 martyrium
682 3366 739 3395 est
767 3365 874 3394 actus
902 3357 1064 3394 virtutis.

347 3491 375 3520 a)
394 3487 612 3521 ficabuntur.-
629 3495 646 3514 ο
764 3492 811 3514 tur
828 3489 895 3515 ACI.

347 3522 372 3557 β)
394 3524 420 3548 in
441 3523 667 3549 Innocentium-
686 3524 872 3550 Innocentibus
891 3525 1008 3554 PADLa,
1027 3532 1082 3550 om.
1101 3525 1134 3549 H.

347 3559 374 3592 γ)
394 3559 532 3591 martyrii.
544 3573 563 3578 -
581 3559 645 3584 Om.
663 3559 721 3590 CG;
744 3560 844 3585 Otr-isti
861 3567 915 3585 orn.
935 3561 966 3586 P.

346 3593 371 3626 ὃ)
391 3595 468 3620 sicut.
479 3608 499 3615 —
517 3595 579 3619 Om.
599 3594 632 3625 P;
651 3602 700 3627 pro
717 3597 787 3620 esset
800 3595 933 3627 possibile,
947 3603 1004 3621 esse
1023 3595 1184 3628 impossibile
1199 3595 1365 3628 ADEFILpB

1394 3357 1396 3401 ξ
1422 3356 1503 3405 ipse
1534 3356 1648 3393 debet
1677 3355 1875 3393 moderate
1903 3355 2078 3406 tolerare.

1392 3505 1393 3517 ¹
1421 3487 1476 3518 CK,
1495 3495 1546 3512 non
1567 3494 1623 3512 esse
1642 3486 1803 3519 impossibile
1820 3487 1853 3517 Η,
1866 3493 1923 3512 esse
1937 3486 2064 3518 possibile
2084 3486 2163 3511 PsBK
2184 3491 2209 3511 et
2223 3493 2248 3515 a,
2269 3493 2321 3510 non
2340 3489 2380 3510 est
2399 3485 2495 3518 impos-

1392 3524 1393 3538 *
1421 3523 1496 3548 sibile
1509 3523 1541 3554 G,
1560 3526 1600 3548 est
1615 3523 1742 3555 possibile
1760 3522 1805 3548 sC.

1476 3559 1499 3591 ε)
1520 3559 1668 3584 virtutis.-
1687 3558 1818 3583 virtutum
1838 3558 1895 3583 PH.

1476 3594 1502 3627 ζ)
1514 3594 1648 3628 faciendi.
1661 3609 1679 3613 —
1692 3594 1788 3628 facere
1809 3593 1842 3619 D.

2526 1284 2536 1294 ⁸
2558 1283 2588 1305 Vi
2591 1283 2618 1305 de
2650 1284 2689 1305 Ho
2691 1290 2721 1305 mr
2720 1284 2739 1305 Ἰ.

2526 1309 2647 1332 XXVIIin
2668 1310 2738 1331 varia

2525 1337 2738 1363 locMatth0l10m.

2526 1363 2589 1384 111.-
2598 1365 2624 1385 ln
2626 1367 2660 1385 ter
2660 1354 2739 1391 Opp.

2526 1390 2619 1417 Chryso
2604 1394 2649 1411 os.t

2626 1418 2641 1451 ρ

2623 1926 2640 1952 Υ

2524 2027 2738 2079 ngagcgffxxnffl,

2524 2080 2738 2102 aLdeDt'vm

2524 2108 2542 2129 l
2545 2107 2607 2129 xvl.

1394 2790 1396 2820 q
1423 2783 1492 2819 pra
1515 2770 1536 2792 '¹‘
1574 2769 1767 2819 quaedam
1805 2776 2009 2818 praecepta
2047 2769 2137 2817 legis
2176 2768 2329 2806 divinae
2362 2769 2497 2806 tradita
2524 2776 2565 2823 Γ
2589 2775 2613 2787 “
2643 2781 2686 2796 ¹¹0
2712 2781 2718 2796 ¹

1394 2841 1396 2869 f
1424 2836 1506 2861 esse
1536 2823 1749 2860 secundum
1777 2822 2111 2872 praeparationem
2141 2821 2270 2869 animi,
2292 2829 2333 2858 ut
2358 2821 2498 2859 scilicet

1395 2885 1396 2894 ³
1422 2877 1543 2914 horno
1583 2877 1629 2913 sit
1660 2883 1815 2925 paratus
1847 2876 1923 2913 hoc
1961 2877 2023 2913 vel
2051 2875 2142 2913 illud
2179 2875 2341 2912 faciendi
2366 2874 2379 2898 ζ
2408 2888 2496 2913 cum
