2768 4198
69 541 80 552 ⁸
94 540 163 562 Num.
179 545 203 566 u,
218 545 252 560 tn.

70 625 80 634 ⁸
93 623 128 645 Cf.
145 629 208 645 num.
223 629 254 645 vi.

947 276 1222 323 ,QUAESTIO
1253 275 1466 323 CXLVIII,
1495 276 1793 314 ARTICULUS
1824 276 1854 312 11

307 359 351 389 ita
366 363 447 388 esset
469 355 598 388 affectus
613 356 732 386 horum
755 355 849 385 alicui
874 361 910 385 ut
932 361 1014 385 esset
1036 361 1164 395 paratus
1186 354 1286 384 facere
1304 363 1377 384 con·
1404 372 1405 396 g

308 409 355 433 tra
383 407 550 442 praecepta
572 400 650 436 Dei,
680 405 812 440 propter
839 399 916 429 haec
944 406 1047 429 essent
1070 405 1197 439 peccata
1220 397 1376 428 mortalia.
1404 412 1406 439 i
1431 399 1618 439 prohibetur
1641 400 1732 439 gula:
1756 399 1918 430 Attendite
1941 408 1982 429 ne
1995 404 2180 440 graventur
2195 399 2293 429 corda
2310 405 2415 430 vestra
2431 410 2502 430 cra-

1404 459 1406 495 3
1426 444 1520 483 pula,
1545 444 1624 474 Luc.
1640 454 1691 474 xx1
1705 443 1740 479 *;
1766 451 1796 474 et
1812 444 1851 474 ab
1870 443 2047 484 Apostolo:
2070 443 2144 473 Non
2162 444 2194 473 in
2208 440 2502 481 comessationibus,

352 445 424 476 Alia
447 451 555 475 autem
578 450 764 483 argumenta
786 443 919 473 omitto:
943 443 1018 483 quia
1041 443 1127 473 iuxta
1151 443 1237 473 hunc
1265 451 1378 472 secun-

309 490 388 520 dum
404 498 534 520 sensum
557 488 695 528 praecise
709 487 899 528 procedunt,
915 487 971 527 qui
990 486 1110 517 alienus
1130 494 1176 518 est
1191 497 1209 516 a
1225 493 1332 517 mente
1349 492 1379 516 et
1405 497 1406 500 ¹

308 533 411 564 verbis
434 532 601 569 Doctoris,
625 539 661 563 ut
684 531 804 572 patebit
815 532 843 562 *.

361 578 438 609 Duo
461 584 568 608 tamen
592 586 658 606 non
673 582 748 606 sunt
770 575 1056 616 praetermittenda,
1073 585 1155 616 quae
1175 575 1311 605 militant
1327 575 1379 604 ad-

309 717 380 741 tum
402 710 496 750 gulae
512 709 656 740 mortale.
681 709 722 739 Et
745 716 852 740 tamen
868 719 934 739 non
957 715 1067 739 contra
1082 715 1287 749 praeceptum
1310 707 1379 743 Dei,

309 754 365 785 sed
380 754 550 785 Ecclesiae.
572 754 648 784 Non
665 763 740 793 ergo
764 753 838 794 gula
862 763 899 784 ex
922 754 983 784 hoc
1000 752 1178 783 definienda
1200 759 1248 783 est
1270 762 1379 792 pecca-

309 805 380 830 tum
395 798 540 834 mortale,
564 798 640 839 quia
655 798 772 829 scilicet
795 805 842 829 est
865 805 974 828 contra
997 804 1163 838 praecepta
1186 797 1255 827 D'ei.

365 842 550 874 Secundum
574 849 628 873 est.
654 842 737 874 Gula
752 852 817 883 qua
837 842 908 883 quis
927 842 1064 872 vescitur
1078 842 1120 873 ob
1137 841 1381 872 delectationem
1407 853 1408 856 ¹

309 887 455 918 carnibus
479 887 639 923 humanis,
662 893 709 917 est
731 894 899 927 peccatum
922 886 1075 917 mortale:
1100 885 1176 927 quia
1199 892 1246 916 est
1268 884 1382 915 bestia—

308 931 380 962 litas
402 937 434 962 et
456 931 531 972 gula
554 938 663 962 contra
687 939 843 967 naturam,
861 931 943 962 sicut
966 930 1112 961 sodomia
1134 929 1258 960 luxuria
1273 935 1382 959 contra

309 982 466 1006 naturam.
491 976 532 1006 Et
555 982 663 1006 tamen
687 986 754 1006 non
779 982 825 1006 est
855 982 964 1006 contra
987 980 1193 1015 praeceptum
1217 973 1379 1003 divinum:

310 1020 385 1061 quia
408 1020 536 1051 nullum
559 1020 704 1051 divinum
727 1027 934 1060 praeceptum
957 1019 996 1049 de
1018 1019 1082 1049 hoc
1104 1017 1149 1048 fit.
1174 1018 1269 1056 Ergo.

366 1064 403 1095 11.
427 1065 479 1095 Ad
493 1064 611 1095 horum
628 1064 830 1100 evidentiam,
848 1063 927 1094 scito
950 1063 1040 1103 quod
1055 1062 1150 1092 verba
1165 1061 1285 1091 litterae
1308 1069 1382 1100 pos-

310 1115 385 1139 sunt
408 1109 576 1150 dupliciter
599 1109 710 1149 accipi.
734 1108 860 1143 Primo,
885 1106 1034 1138 confuse:
1066 1105 1157 1146 quasi
1181 1106 1304 1134 Auctor
1326 1113 1382 1133 vo-

310 1153 404 1184 luerit
427 1163 464 1184 ex
486 1153 596 1184 multis
620 1151 879 1183 circumlocutive
903 1150 1060 1180 declarare
1083 1149 1214 1189 quando
1238 1147 1314 1187 gula
1337 1152 1383 1176 est

310 1204 478 1238 peccatum
501 1196 645 1232 mortale,
670 1205 707 1226 ex
730 1195 894 1226 aversione
917 1204 935 1224 a
954 1193 1027 1230 fine,
1048 1202 1086 1223 ex
1100 1195 1288 1231 contemptu
1304 1190 1381 1226 Dei,

310 1248 342 1273 et
363 1241 603 1282 praeparatione
633 1240 673 1270 ad
703 1239 886 1270 faciendum
916 1244 1026 1268 contra
1049 1243 1217 1277 praecepta
1239 1234 1309 1266 Dei.
1341 1234 1383 1264 Et

310 1285 362 1316 hic
385 1284 598 1322 sensusrsatia
617 1283 704 1314 rudis
728 1290 784 1320 est,
810 1289 841 1314 et
862 1282 985 1313 alienus
1009 1281 1047 1312 ab
1063 1280 1213 1312 Auctoris
1232 1278 1383 1310 excellen-

256 1350 263 1352 -
301 1329 408 1361 rtiaffe‘t
414 1325 584 1360 ‘docti-ina.

75 2172 285 2202 *aamppnp

74 2206 110 2229 ui,
123 2205 183 2223 vero.
199 2205 232 2228 ¹9·

366 1372 526 1410 Secundo,
550 1372 696 1404 distincte
714 1377 746 1402 et
760 1370 950 1402 formaliter:
974 1370 1017 1401 ita
1040 1370 1140 1410 quod,
1164 1369 1251 1399 iuxta
1275 1367 1383 1399 distin—

310 1417 451 1449 ctionem
473 1427 556 1459 quae
579 1416 615 1448 fit
632 1416 666 1447 in
683 1415 850 1447 communi
873 1415 913 1446 de
929 1414 1089 1446 ablatione
1105 1413 1225 1444 ordinis
1241 1412 1383 1448 rationis,

311 1461 428 1494 scilicet
457 1461 601 1493 tollendo
629 1460 728 1492 finem
755 1460 806 1491 vel
829 1470 866 1490 ea
895 1469 978 1501 quae
1005 1465 1081 1490 sunt
1103 1459 1143 1489 ad
1165 1457 1282 1494 finem,
1307 1457 1383 1487 sub-

311 1513 479 1548 sumptam
508 1512 555 1537 est
583 1505 616 1536 in
646 1505 826 1546 particulari
854 1504 894 1535 de
916 1504 992 1544 gula
1020 1503 1111 1544 quod
1138 1502 1268 1544 quando
1299 1501 1384 1532 tollit

309 1549 410 1582 finem
432 1550 602 1585 ultimum,
626 1556 703 1581 tunc
726 1556 773 1581 est
795 1548 959 1585 mortale;·
975 1555 1006 1579 et
1028 1548 1117 1589 quod
1141 1554 1218 1578 tunc
1241 1546 1324 1577 tollit
1346 1545 1382 1575 fi-

310 1604 387 1626 nem
409 1595 561 1626 ultimum
590 1594 722 1635 quando
745 1593 818 1635 quis
841 1592 1044 1624 delectationi
1066 1592 1160 1633 gulae
1182 1591 1324 1621 inhaeret
1347 1597 1383 1621 ut

310 1639 368 1671 fini
396 1639 529 1675 ultimo;
561 1639 644 1670 sicut
673 1638 768 1669 en‘am
795 1638 899 1669 inanis
928 1637 1029 1677 gloria
1056 1643 1133 1668 tunc
1161 1642 1209 1666 est
1239 1635 1382 1666 mortalis

310 1684 442 1726 quando
466 1683 540 1725 quis
562 1683 722 1714 humanae
743 1683 863 1724 gloriae
886 1682 1027 1713 inhaeret
1050 1688 1086 1712 ut
1108 1680 1224 1712 ultimo
1248 1679 1315 1710 fini.
1342 1679 1383 1710 Et

310 1728 394 1760 hanc
413 1727 548 1759 eandem
571 1728 680 1769 quoad
693 1727 808 1758 vitium
831 1727 1020 1758 sententiam
1038 1726 1135 1757 habes
1151 1735 1188 1756 ex
1202 1724 1382 1760 Aristotele,

310 1773 345 1804 in
369 1772 410 1804 111
441 1772 545 1804 Ethic.
561 1772 588 1809 ¹⁸⁸,
613 1772 737 1803 dicente
760 1772 799 1802 de
822 1771 1034 1813 intemperato
1057 1770 1147 1812 quod
1169 1779 1190 1800 a
1209 1769 1383 1810 cupiditate

310 1817 393 1849 adeo
414 1817 546 1848 ducitur
569 1822 604 1848 ut
627 1817 716 1848 illam
740 1818 855 1848 ceteris
877 1816 1023 1847 omnibus
1050 1819 1234 1856 anteponat.
1266 1814 1308 1844 Et
1331 1813 1382 1843 hic

312 1871 424 1893 sensus
456 1868 504 1893 est
534 1871 628 1892 verns
658 1861 842 1898 manifeste;
867 1867 898 1892 et
927 1869 1102 1901 expressus,
1131 1869 1197 1890 non
1228 1857 1382 1898 implicite

312 1905 452 1948 positus,
476 1906 509 1936 in
531 1905 651 1942 littera,
675 1915 749 1936 cum
774 1905 904 1936 dicitur:
941 1904 1036 1942 Quod
1057 1904 1185 1946 quidem
1210 1908 1287 1933 tunc
1309 1911 1381 1933 con-

313 1951 410 1993 tingit
439 1950 569 1992 quando
592 1950 797 1982 delectationi
817 1951 919 1992 gulae
941 1949 1087 1981 inhaeret
1109 1949 1203 1979 homo
1227 1953 1380 1988 tanquam

309 1995 371 2035 fini
387 2001 525 2036 propter
547 2005 638 2036 quem
662 1995 768 2026 Deum
786 1995 968 2032 contemnit,
994 1993 1056 2024 hoc
1072 2000 1128 2029 est,
1152 2000 1307 2033 tanquam
1325 1991 1381 2026 fini

315 2039 440 2071 ultimo.
469 2040 510 2070 Et
533 2039 619 2070 idem
642 2039 810 2080 replicatur
832 2039 865 2070 in
889 2038 1098 2079 responsione
1122 2038 1162 2068 ad
1186 2037 1381 2068 secundum:

314 2084 358 2115 sic
381 2083 468 2115 enim
491 2083 706 2115 contemnitur
729 2084 836 2120 Deus,
860 2083 916 2124 qui
945 2091 991 2115 est
1022 2093 1059 2114 ex
1086 2092 1143 2113 sua
1167 2088 1279 2112 natura
1293 2079 1383 2111 ‘finis

314 2128 465 2165 ultimus;
489 2128 645 2169 quoniam
668 2128 803 2169 dignitas
827 2127 932 2159 ultimi
954 2127 1026 2158 finis
1050 2126 1230 2158 attribuitur
1252 2125 1306 2157 tali
1331 2126 1384 2156 de-

313 2172 485 2209 lectationi,
509 2180 540 2204 et
562 2172 598 2204 fit
620 2173 725 2214 gulosi
748 2173 846 2210 Deus,
870 2172 957 2204 iuxta
975 2172 1055 2203 illud
1070 2172 1101 2202 *:
1130 2171 1277 2208 Quorum
1292 2171 1384 2201 Deus

315 2223 426 2250 venter
448 2222 504 2248 est.

371 2261 424 2293 111.
440 2261 614 2292 Subiuncta
629 2268 738 2293 autem
752 2262 848 2292 verba
863 2261 897 2292 in
912 2261 1015 2292 littera
1030 2261 1069 2291 de
1086 2259 1326 2301 praeparatione
1343 2259 1384 2289 ad

314 2306 475 2347 agendum
498 2312 607 2337 contra
630 2313 797 2347 praecepta
811 2305 871 2338 Dei
893 2313 1024 2346 propter
1046 2304 1234 2336 huiusmodi
1250 2303 1384 2334 delecta·-

314 2350 427 2387 tiones,
452 2350 492 2380 ad
515 2351 582 2381 duo
606 2351 752 2391 apposita
775 2357 859 2382 sunt.
884 2350 1003 2387 Prim0‚
1029 2350 1069 2380 ad
1092 2348 1316 2390 explicandum
1340 2347 1384 2378 ef-

300 2394 435 2426 fectum
458 2393 604 2426 definitae
627 2395 730 2436 gulae.
755 2395 894 2426 Effectus
917 2394 1075 2436 siquidem
1099 2394 1199 2425 dictae
1221 2393 1315 2433 gulae
1339 2399 1386 2423 est

313 2439 404 2481 quod
433 2438 535 2470 homo
559 2446 605 2470 est
628 2446 756 2480 paratus
779 2439 952 2480 transgredi
975 2445 1142 2480 praecepta
1165 2437 1224 2468 Dei
1255 2444 1386 2478 propter

313 2483 422 2514 illam:
453 2483 608 2524 quoniam
639 2484 805 2515 delectatio
835 2484 889 2515 illa
917 2490 1042 2514 amatur
1071 2490 1107 2514 ut
1137 2482 1271 2513 ultimus
1294 2481 1384 2518 finis,

314 2537 351 2559 ac
374 2538 430 2568 per
453 2528 516 2558 hoc
538 2529 714 2569 praeceptis
736 2529 796 2560 Dei
819 2528 1038 2569 anteponitur,
1063 2534 1094 2558 et
1116 2527 1161 2558 sic
1184 2527 1258 2557 facit
1278 2526 1386 2557 homi-

315 2582 390 2603 nem
420 2579 683 2612 transgressorem
713 2573 851 2604 aliorum
878 2579 1122 2613 praeceptorum
1145 2578 1276 2612 propter
1297 2571 1385 2602 illam

316 2616 558 2657 assequendam.
590 2635 609 2639 -
639 2617 807 2654 Secundo,
839 2617 880 2648 ad
909 2617 1135 2648 declarandum
1169 2626 1187 2646 a
1216 2615 1385 2656 posteriori

316 2661 447 2702 quando
472 2660 636 2692 delectatio
660 2661 753 2701 gulae
783 2661 945 2693 affectatur
974 2669 1010 2692 ut
1033 2661 1166 2692 ultimus
1183 2659 1270 2694 finis.
1301 2660 1386 2698 Quia

316 2705 403 2736 enim
426 2705 488 2735 hoc
511 2715 605 2745 saepe
627 2705 723 2736 latere
745 2705 888 2741 videtur,
914 2705 996 2736 sicut
1026 2706 1065 2736 de
1088 2704 1231 2746 appetitu
1254 2704 1384 2744 gloriae,

316 2748 470 2790 pecuniae
498 2756 529 2780 et
559 2749 732 2786 similium;
766 2750 839 2781 ideo
870 2749 1039 2791 expediens
1068 2749 1128 2780 fuit
1158 2749 1271 2780 docere
1300 2749 1386 2780 unde

316 2804 485 2835 possemus
509 2803 700 2834 cognoscere
723 2795 855 2835 quando
878 2794 979 2825 homo
1002 2793 1095 2835 ponit
1117 2794 1150 2824 in
1175 2793 1385 2825 delectatione

315 2839 410 2879 gulae
433 2845 464 2869 et
486 2838 641 2869 similium
664 2838 762 2870 finem
778 2839 947 2870 ultimum:
971 2839 1101 2880 quando
1117 2838 1234 2870 scilicet
1256 2845 1387 2878 propter
1413 2848 1415 2852 ’

314 2883 405 2915 illam
427 2882 665 2923 adipiscendam
694 2891 822 2924 paratus
845 2890 891 2914 est
918 2883 1091 2923 transgredi
1119 2890 1286 2924 praecepta
1309 2883 1385 2919 Dei,

315 2934 395 2968 puta
417 2926 493 2968 quia
511 2934 558 2958 est
577 2934 704 2968 paratus
723 2927 875 2959 luxuriari
894 2934 949 2959 aut
967 2927 1074 2964 furari,
1091 2934 1146 2959 aut
1165 2927 1287 2968 aliquid
1306 2927 1388 2958 eius-

317 2971 407 3002 modi
430 2978 619 3012 perpetrare.

372 3015 421 3046 Ex
443 3016 561 3057 quibus
584 3022 671 3057 patet
686 3017 776 3057 quod
791 3023 977 3057 argumenta
993 3015 1130 3053 Martini,
1147 3026 1230 3057 quae
1255 3015 1386 3046 subiun-

318 3066 367 3091 cta
379 3060 476 3091 verba
490 3060 610 3092 litterae
625 3061 664 3091 de
684 3060 925 3101 praeparatione
941 3061 980 3091 ad
995 3060 1157 3101 agendum
1173 3067 1283 3091 contra
1298 3070 1387 3100 prae-

318 3110 409 3145 cepta
430 3104 501 3142 Dei,
519 3112 708 3147 supponunt
730 3105 836 3145 posita
850 3115 917 3136 esse
933 3106 972 3136 ad
989 3104 1206 3136 definiendum
1220 3111 1387 3144 peccatum

317 3148 452 3180 mortale
473 3149 506 3180 in
525 3149 609 3190 gula,
626 3149 660 3180 in
675 3159 796 3180 vanum
810 3150 965 3187 laborant,
990 3149 1066 3191 quia
1085 3149 1201 3180 falsum
1216 3149 1386 3189 supponit:

318 3192 474 3233 quoniam
496 3201 663 3234 peccatum
686 3194 820 3225 mortale
842 3194 876 3225 in
899 3194 975 3235 gula
998 3193 1201 3225 constituitur
1225 3193 1323 3233 prius,
1350 3203 1386 3223 ex

319 3237 382 3267 hoe
410 3238 498 3278 quod
526 3238 692 3270 delectatio
719 3238 812 3279 gulae
842 3239 1002 3280 appetitur
1025 3245 1061 3269 ut
1082 3237 1154 3268 finis
1179 3237 1332 3274 ultimus,
1357 3243 1388 3267 et

319 3288 356 3311 ex
378 3279 605 3355 hocbappetitu
621 3281 755 3314 efficimr
769 3282 850 3314 alius
866 3282 1026 3324 appetitus
1041 3281 1154 3322 agendi
1171 3287 1280 3311 contra
1299 3291 1387 3321 prae-

319 3330 418 3365 cepta·
463 3325 503 3356 ei.

374 3369 417 3399 Et
439 3378 514 3400 cum
528 3370 683 3402 Martinus
706 3371 782 3402 dicit
804 3371 904 3412 quod,
922 3370 1100 3401 secundum
1115 3372 1300 3405 Auctorem,
1317 3369 1388 3399 nul—

319 3413 389 3444 lum
411 3419 458 3443 est
481 3413 626 3444 divinum
647 3413 853 3457 praeceptum
869 3415 908 3446 de
924 3414 1106 3445 inordinato
1123 3413 1267 3454 appetitu
1283 3413 1386 3453 gulae,

320 3457 437 3488 falsum
451 3456 535 3488 dicit.
558 3458 626 3488 Nec
641 3460 763 3490 Auctor
779 3459 841 3490 hoc
857 3459 946 3490 dicit:
972 3459 1027 3490 sed
1051 3458 1125 3490 dicit
1148 3458 1238 3499 quod
1261 3456 1388 3488 nullum'

320 3507 526 3541 praeceptum
557 3501 699 3542 decalogi
726 3509 772 3533 est
802 3503 916 3534 directe
948 3503 986 3533 de
1013 3502 1085 3534 hoc.
1121 3502 1257 3534 Constat
1279 3508 1387 3533 autem

321 3546 409 3586 quod
429 3545 515 3576 aliud
531 3552 577 3576 est
595 3545 686 3586 loqui
700 3546 739 3576 de
758 3547 931 3587 praeceptis
947 3547 1072 3583 divinis,
1089 3554 1120 3577 et
1135 3547 1222 3577 aliud
1242 3546 1280 3576 de
1299 3556 1388 3586 prae-

321 3590 419 3630 ceptis
443 3589 601 3629 decalogi:
633 3590 715 3620 sicut
742 3589 827 3620 aliud
854 3597 901 3621 est
922 3591 1013 3632 loqui
1037 3591 1076 3622 de
1099 3591 1223 3627 colore,
1247 3597 1279 3621 et
1301 3591 1388 3621 aliud

323 3634 362 3664 de
385 3634 542 3664 albedine.
566 3634 641 3664 Non
658 3634 743 3664 enim
763 3634 871 3664 omnia
894 3642 1060 3675 praecepta
1080 3635 1186 3665 divina
1207 3641 1282 3665 sunt
1305 3645 1394 3674 prae-

465 3697 575 3721 Smmaa
594 3696 695 3720 Timor..
716 3696 748 3720 D.
766 3696 882 3721 Tamum
901 3696 933 3720 T.
952 3696 1007 3720 VII.

2432 279 2501 325 169

1432 362 1522 395 cepta
1546 355 1706 395 decalogi,
1732 355 1786 385 sed
1816 364 1832 385 e
1856 361 1977 385 contra.
2012 354 2047 384 In
2079 354 2185 384 divina
2213 361 2320 385 autem
2345 355 2504 395 Scriptura

1432 487 1476 518 ad
1489 488 1581 519 Rom.
1595 499 1649 518 xm
1664 487 1700 524 *;
1717 495 1748 518 et
1763 488 1807 518 ad
1824 487 1930 518 Galat.
1947 497 1967 517 v
1978 486 2014 506 ²⁸¹*
2037 497 2181 528 expresse
2197 487 2311 518 dicitur
2327 489 2366 518 de
2383 498 2503 519 comes-

1405 546 1406 551 *
1433 532 1608 563 sationibus
1632 532 1721 573 quod
1744 533 1800 573 qui
1822 532 1902 563 talia
1925 537 2041 573 agunt,
2059 541 2197 573 regnum
2221 532 2285 562 Dei
2308 542 2371 563 non
2396 543 2504 564 conse-

1405 594 1407 606 .
1432 582 1581 617 quentur.

309 632 418 653 versus
429 621 509 652 illud
532 621 677 659 verbum,
698 625 811 651 contra
829 625 1005 661 praecepta
1027 620 1091 650 Dei
1103 619 1130 650 *.
1154 620 1299 650 Primum
1322 626 1378 649 est.

309 666 394 697 Gula
415 675 480 706 qua
503 665 576 706 quis
598 664 714 705 frangit
736 665 893 695 ieiunium
916 664 1184 706 quadragesimae,
1202 670 1248 694 est
1271 673 1380 704 pecca·
1406 668 1407 688 1

1489 621 1542 651 IV.
1563 621 1604 651 Et
1619 621 1698 651 bene
1715 627 1790 651 nota
1806 621 1895 661 quod
1912 630 1978 652 non
2003 620 2139 651 dicimus
2162 621 2435 652 vehementiorem
2450 632 2504 662 ap-

1433 665 1570 704 petitum
1589 665 1806 695 delectationis
1822 675 1889 696 esse
1906 671 2072 706 peccatum
2091 666 2236 702 mortale,
2252 666 2343 706 quasi
2360 676 2504 696 excessus

1433 709 1593 749 gradualis
1613 709 1887 749 concupiscentiae
1911 709 2003 740 faciat
2026 716 2192 749 peccatum
2208 710 2358 741 mortale:
2383 711 2438 741 sed
2457 711 2504 740 di-

1406 763 1408 801 '3
1435 753 1536 784 cimus
1559 754 1649 794 quod
1672 753 1831 794 appetitus
1851 753 2069 785 delectationis
2092 754 2162 784 talis
2179 761 2214 784 ut
2234 754 2338 785 ultimi
2361 754 2434 785 finis
2457 762 2504 786 est

1434 804 1601 838 peccatum
1624 798 1768 829 mortale.
1793 799 1933 829 Multum
1951 798 2037 829 enim
2059 797 2136 829 haec
2160 798 2323 830 differunt:
2348 799 2504 840 quoniam

1435 842 1536 882 magis
1550 843 1601 872 vel
1624 842 1731 872 minus
1752 849 1899 882 appetere
1923 853 1956 873 se
1979 849 2088 874 tenent
2111 853 2148 873 ex
2166 850 2254 883 parte
2270 843 2457 884 appetentis,
2474 851 2505 875 et

1408 915 1409 918 ,
1435 893 1509 916 sunt
1538 886 1653 925 gradus
1683 886 1906 926 appetitionis;
1938 887 1993 917 sed
2021 887 2127 927 appeti
2158 894 2194 918 ut
2222 886 2320 918 finem
2351 888 2503 919 ultimum

1434 937 1520 961 tenet
1536 940 1568 960 se
1583 940 1620 960 ex
1636 937 1724 970 parte
1740 931 1927 970 appetibilis,
1942 938 1973 962 et
1985 937 2032 961 est
2043 931 2122 961 ratio
2139 932 2182 962 rei
2199 932 2366 972 appetitae,
2380 940 2505 963 amatur

1435 974 1522 1004 enim
1545 975 1604 1004 sub
1627 974 1748 1004 ratione
1776 973 1848 1004 finis
1877 975 1990 1005 ultimi.
2021 975 2063 1005 Et
2089 975 2180 1012 ideo,
2205 983 2503 1018 quantumcumque

1435 1018 1574 1054 remisse,
1599 1018 1766 1048 deliberate
1791 1025 1908 1054 tamen,
1932 1019 2004 1058 quis
2027 1026 2155 1059 appetat
2177 1020 2431 1051 delectationen>
2443 1021 2503 1052 cibi

1436 1068 1472 1092 ut
1494 1061 1592 1091 finem
1615 1061 1781 1097 ultimum,
1806 1069 1915 1102 peccat
1938 1063 2127 1093 mortaliter:
2151 1071 2182 1094 et
2205 1071 2504 1106 quantumcumque

1435 1105 1557 1135 intense
1580 1105 1652 1145 quis
1676 1112 1804 1145 appetat
1826 1106 2013 1136 huiusmodi
2030 1107 2283 1144 delectationem,
2300 1109 2375 1139 citra
2397 1116 2504 1141 tamen

1436 1149 1588 1179 ultimum
1611 1148 1725 1185 finem,
1751 1159 1816 1179 non
1841 1157 1950 1190 peccat
1974 1151 2158 1182 mortaliter.
2190 1152 2283 1182 Unde
2309 1153 2334 1183 si
2358 1154 2429 1194 quis
2453 1154 2501 1184 fu-

1435 1199 1522 1223 ratur
1544 1199 1675 1232 propter
1691 1193 1932 1224 delectationem
1949 1195 2051 1233 gulae,
2069 1195 2188 1235 duplici
2205 1196 2403 1228 deformitate
2419 1208 2503 1229 mor-

1435 1236 1489 1268 tali
1513 1243 1632 1276 peccat,
1657 1237 1738 1268 sicut
1761 1247 1836 1267 cum
1859 1237 1930 1278 quis
1954 1238 2076 1269 furatur
2098 1246 2134 1270 ut
2157 1240 2359 1271 moechetur:
2385 1248 2415 1272 et
2438 1253 2503 1273 non

1436 1290 1501 1312 una
1524 1287 1660 1317 tantum,
1685 1281 1766 1312 sicut
1790 1291 1864 1312 cum
1888 1281 1959 1322 quis
1979 1282 2100 1313 furatur
2124 1290 2159 1314 ut
2182 1284 2235 1314 det
2258 1284 2504 1327 eleemosynam.

1436 1326 1478 1357 Et
1500 1324 1580 1356 ratio
1605 1324 1791 1356 diversitatis
1814 1333 1861 1356 est
1888 1326 1963 1366 quia
1986 1326 2029 1356 ibi
2059 1334 2133 1358 sunt
2156 1328 2222 1358 duo
2246 1329 2347 1365 mala,
2371 1330 2505 1361 alterum

1436 1369 1624 1410 oppositum
1641 1369 1857 1406 abstinentiae,
1875 1370 2009 1400 alterum
2025 1371 2213 1411 oppositum
2229 1372 2375 1410 iustitiae,
2389 1375 2505 1406 scilicet

1437 1414 1605 1445 delectatio
1628 1414 1722 1453 gulae
1747 1421 1782 1444 ut
1805 1413 1886 1450 finis,
1912 1422 1942 1445 et
1966 1414 2102 1445 furtum:
2130 1416 2178 1446 hic
2202 1423 2309 1447 autem
2333 1425 2380 1448 est
2402 1429 2504 1449 unum

1436 1465 1563 1490 tantum
1586 1458 1719 1494 malum,
1743 1458 1862 1489 scilicet
1884 1458 2073 1499 oppositum
2096 1459 2242 1496 iustitiae,
2266 1461 2407 1499 furtum;
2432 1464 2505 1494 dare

1437 1513 1577 1544 namque
1600 1503 1839 1544 eleemosynam
1863 1512 1929 1532 non
1953 1510 1999 1534 est
2023 1503 2155 1534 malum.

1493 1548 1532 1579 V.
1556 1547 1619 1579 Sed
1643 1547 1780 1578 occurrit
1803 1546 1854 1577 hic
1879 1557 1943 1577 non
1972 1547 2191 1587 posthabenda
2220 1550 2364 1588 quaestio
2395 1561 2506 1591 specu-

1436 1592 1546 1628 lativa,
1571 1601 1669 1633 quare
1700 1591 1775 1622 dare
1803 1592 2040 1632 eleemosynam
2067 1602 2133 1622 non
2157 1599 2203 1622 est
2226 1593 2348 1623 malum
2372 1595 2505 1626 alterum

1436 1647 1455 1667 a
1478 1637 1564 1668 furto
1588 1636 1622 1667 in
1646 1645 1720 1667 casu
1744 1636 1929 1676 proposito:
1955 1645 2030 1666 cum
2049 1646 2086 1666 ex
2103 1636 2163 1666 hoc
2179 1636 2251 1676 ipso
2267 1638 2356 1677 quod
2372 1647 2418 1670 est
2436 1639 2507 1670 finis

1436 1681 1522 1718 furti,
1546 1687 1698 1722 sequatur
1720 1681 1810 1721 quod
1834 1681 1907 1711 dare
1931 1680 2168 1721 eleemosynam
2192 1688 2358 1721 appetatur
2381 1690 2416 1713 ut
2435 1682 2506 1714 finis

1437 1725 1587 1762 ultimus,
1612 1725 1687 1767 quia
1717 1731 1848 1766 propter
1877 1725 1980 1766 ipsam
2011 1725 2112 1755 homo
2141 1726 2317 1756 contemnit
2339 1727 2444 1757 Deum
2474 1728 2506 1758 in

1436 1770 1612 1810 praeceptis
1635 1769 1711 1806 suis,
1736 1769 1859 1800 furtum
1882 1769 2124 1800 committendo.
2154 1769 2287 1800 Videtur
2310 1771 2395 1801 enim
2419 1773 2508 1812 quod

1437 1814 1533 1846 etiam
1557 1813 1608 1845 hic
1636 1814 1699 1845 sint
1722 1814 1803 1844 duae
1827 1813 2060 1845 deformitates:
2089 1814 2184 1845 altera
2208 1815 2356 1854 opposita
2379 1816 2506 1853 caritati,

1437 1859 1517 1889 dum
1539 1858 1672 1890 ultimus
1696 1857 1767 1889 finis
1790 1858 1922 1898 ponitur
1943 1858 1975 1888 in
1996 1859 2069 1888 dare
2086 1858 2338 1899 eleemosynam3
2363 1867 2394 1891 et
2413 1860 2507 1891 altera

1437 1903 1586 1944 opposita
1609 1902 1766 1939 iustitiae,
1792 1903 1871 1933 dum
1894 1902 2017 1933 furtum
2040 1903 2251 1934 committitur
2281 1911 2410 1944 propter
2433 1905 2507 1935 dan-

1437 1948 1512 1979 dam
1536 1948 1785 1989 eleemosynam.

1491 1992 1554 2028 Sed
1578 1992 1618 2023 ad
1641 1992 1703 2023 hoc
1727 1991 1842 2023 dicitur
1865 1991 1954 2032 quod
1978 1991 2146 2031 dupliciter
2169 1991 2325 2032 contingit
2340 1993 2437 2023 amari
2453 1993 2506 2023 ali-

1437 2037 1516 2078 quid
1540 2043 1576 2068 ut
1598 2036 1751 2068 ultimum
1773 2035 1881 2067 finem.
1912 2035 2020 2066 Primo
2044 2035 2160 2072 modo,
2185 2035 2228 2066 ita
2255 2037 2344 2077 quod
2367 2037 2445 2067 illud
2474 2037 2506 2067 in

1437 2081 1543 2122 seipso
1567 2088 1691 2112 ametur
1714 2087 1750 2111 ut
1769 2081 1901 2111 ultimus
1916 2079 2004 2110 finis:
2030 2079 2120 2116 sicut,
2142 2090 2216 2110 cum
2237 2080 2308 2121 quis
2323 2080 2505 2118 fornicatur,

1437 2133 1523 2157 amat
1545 2125 1787 2157 delectationem
1811 2125 1899 2155 illam
1922 2135 1981 2165 pro
2006 2130 2082 2155 tunc
2105 2124 2138 2154 in
2158 2124 2260 2164 seipsa
2283 2132 2319 2156 ut
2341 2124 2439 2156 finem
2459 2127 2506 2156 ul-

1437 2171 1568 2207 timum;
1602 2177 1633 2201 et
1657 2169 1759 2200 simile
1788 2176 1834 2200 est
1863 2169 1896 2199 in
1920 2169 1987 2199 aliis
2011 2168 2146 2208 peccatis
2171 2169 2358 2199 mortalibus
2388 2180 2424 2200 ex
2448 2180 2507 2200 suo

1417 2225 1560 2256 .genere.
1585 2215 1660 2245 Alio
1684 2215 1794 2250 modo,
1819 2214 1861 2244 ita
1884 2213 1973 2254 quod
1996 2212 2077 2243 illud
2100 2222 2167 2243 non
2190 2214 2367 2244 secundum
2387 2225 2429 2251 se,
2454 2215 2508 2244 sed

1438 2267 1475 2291 ut
1497 2259 1578 2290 ratio
1601 2259 1729 2290 alterius
1753 2258 1868 2298 operis,
1886 2264 2010 2288 amatur
2033 2263 2069 2288 ut
2088 2257 2222 2288 ultimus
2243 2257 2330 2294 finis,
2354 2258 2397 2289 ita
2420 2259 2508 2300 quod

1439 2314 1476 2336 ex
1498 2304 1562 2335 hoc
1583 2304 1656 2344 ipso
1680 2303 1770 2344 quod
1793 2309 1918 2333 amatur
1940 2309 1977 2333 ut
1995 2301 2074 2333 ratio
2091 2301 2161 2333 talis
2180 2302 2295 2343 operis,
2312 2302 2406 2334 habet
2421 2304 2509 2344 quod

1438 2355 1564 2380 ametur
1586 2355 1623 2379 ut
1645 2348 1777 2379 ultimus
1800 2346 1885 2377 finis:
1911 2346 1992 2377 sicut
2012 2356 2087 2377 cum
2110 2346 2182 2387 quis
2206 2357 2273 2377 non
2297 2347 2390 2387 ponit
2411 2346 2508 2378 finem

1439 2403 1536 2425 suum
1559 2393 1592 2423 in
1617 2392 1724 2423 dando
1748 2391 1995 2431 eleemosynam,
2020 2391 2075 2421 sed
2098 2390 2171 2421 dare
2199 2391 2435 2432 eleemosynam
2459 2401 2509 2422 or-

1440 2437 1528 2469 dinat
1550 2437 1584 2467 in
1607 2437 1724 2473 Deum,
1750 2446 1824 2467 cum
1852 2435 1915 2466 hoc
1942 2442 2059 2471 tamen,
2083 2444 2120 2465 ex
2144 2434 2245 2466 nimio
2274 2435 2385 2466 affectu
2415 2436 2508 2466 dandi

1439 2483 1688 2523 eleemosynam,
1714 2480 1835 2511 furatur
1863 2486 1899 2510 ut
1927 2479 1979 2510 det
2009 2479 2258 2520 eleemosynam.
2290 2480 2331 2510 Et
2354 2480 2508 2520 quoniam

1439 2527 1563 2569 primus
1586 2526 1704 2556 modus
1727 2525 1821 2555 infert
1837 2524 2026 2562 secundum,
2044 2530 2075 2555 et
2090 2534 2156 2554 non
2173 2534 2190 2554 e
2207 2530 2330 2560 contra;
2355 2525 2508 2564 quoniam

1439 2572 1530 2613 quod
1554 2570 1699 2601 absolute
1723 2576 1847 2600 amatur
1871 2576 1906 2600 ut
1929 2567 2000 2599 finis
2028 2568 2172 2605 ultimus,
2196 2575 2321 2599 amatur
2351 2569 2445 2598 etiam
2474 2575 2509 2599 ut

1440 2615 1512 2647 finis
1536 2615 1669 2646 ultimus
1692 2621 1845 2655 tanquam
1869 2612 1949 2644 ratio
1973 2612 2122 2650 aliorum,
2139 2613 2194 2643 sed
2209 2623 2276 2643 non
2301 2622 2317 2642 e
2338 2620 2456 2649 contra,
2473 2620 2509 2643 ut

1440 2667 1527 2702 patet
1542 2660 1575 2690 in
1591 2659 1738 2699 exemplo
1763 2658 1853 2688 dato:
1878 2657 1951 2688 ideo
1975 2667 2050 2688 cum
2073 2657 2145 2698 quis
2169 2656 2291 2688 furatur
2307 2665 2342 2687 ut
2358 2657 2410 2687 det
2429 2658 2508 2687 elee-

1440 2714 1622 2746 mosynam,
1646 2713 1710 2734 una
1734 2709 1860 2733 tantum
1889 2701 2090 2732 deformitate
2120 2701 2253 2742 peccati,
2278 2700 2395 2731 scilicet
2423 2701 2507 2737 furti,

1441 2756 1564 2790 peccat;
1590 2758 1655 2779 non
1679 2747 1765 2778 enim
1788 2744 1860 2777 talis
1884 2746 2053 2787 praeponit
2068 2747 2142 2776 dare
2158 2746 2393 2786 eleemosynam
2417 2746 2507 2775 abso-

1440 2795 1508 2826 lute
1530 2794 1621 2828 Deo,
1645 2792 1699 2822 sed
1724 2798 1759 2822 ut
1788 2797 1835 2821 est
1866 2790 1946 2821 ratio
1977 2789 2062 2821 furti.
2094 2790 2182 2821 Sicut
2205 2800 2221 2820 e
2245 2796 2352 2820 contra
2383 2789 2408 2819 si
2436 2789 2507 2830 quis

1441 2839 1529 2869 daret
1548 2838 1786 2876 eleemosynam
1809 2842 1846 2865 ut
1868 2834 1991 2865 furtum
2015 2834 2236 2870 committeret,
2262 2834 2355 2864 unica
2378 2843 2508 2874 quoque

1441 2882 1642 2914 deformitate
1658 2879 1854 2910 foedaretur:
1879 2879 2036 2920 quoniam
2052 2879 2126 2910 dare
2143 2879 2379 2919 eleemosynam
2396 2888 2432 2908 ex
2446 2878 2508 2908 hoc

1440 2928 1511 2958 solo
1534 2925 1624 2967 quod
1643 2924 1807 2955 ordinatur
1823 2923 1863 2953 ad
1883 2923 2014 2960 furtum,
2032 2923 2230 2954 deformitate
2255 2922 2329 2952 furti
2352 2921 2507 2952 foedatur.

1441 2972 1481 3002 Et
1504 2971 1578 3001 hinc
1602 2968 1748 3010 provenit
1771 2967 1860 3008 quod
1883 2967 2032 2998 mulieres
2059 2974 2201 2998 amantes
2225 2966 2388 3006 propriam
2411 2966 2508 2996 vitam

1440 3022 1496 3046 aut
1518 3012 1792 3048 sustentationem,
1815 3018 1885 3048 etc„
1909 3021 1976 3042 non
1999 3018 2035 3042 ut
2057 3011 2156 3042 finem
2179 3011 2330 3041 ultimum
2353 3010 2507 3046 absolute,

1441 3060 1496 3090 sed
1526 3058 1634 3088 solum
1664 3063 1700 3087 ut
1722 3056 1860 3087 rationes
1889 3055 2083 3091 fornicandi,
2108 3055 2184 3096 quia
2214 3054 2331 3085 scilicet
2357 3064 2397 3084 ne
2427 3054 2509 3085 occi-

1442 3105 1566 3138 dantur,
1584 3108 1638 3132 aut
1661 3108 1697 3131 ut
1720 3101 1856 3131 habeant
1879 3100 1965 3131 unde
1988 3100 2105 3135 vivant,
2131 3099 2335 3134 fornicantur,
2359 3108 2426 3128 non
2449 3098 2510 3129 nisi

1442 3158 1506 3179 una
1529 3146 1633 3188 specie
1656 3145 1776 3186 peccati
1800 3145 1979 3182 foedantur,
2004 3144 2122 3175 scilicet
2144 3142 2371 3173 fornicationis.

1496 3192 1536 3222 Et
1560 3201 1596 3221 ex
1615 3190 1681 3220 istis
1706 3189 1808 3220 causis
1831 3189 1973 3220 honestis
1997 3195 2027 3219 et
2049 3187 2141 3218 licitis
2165 3187 2198 3217 in
2222 3197 2254 3217 se
2277 3193 2406 3227 peccata
2422 3197 2509 3218 com—

1442 3236 1537 3266 missa
1553 3234 1787 3265 alleviationem
1811 3233 1972 3274 quandam
1996 3233 2122 3262 habent.
2148 3230 2335 3262 ostenditur
2351 3230 2509 3272 siquidem

1441 3291 1478 3311 ex
1501 3280 1562 3309 hoc
1586 3278 1675 3319 quod
1699 3277 1825 3308 animus
1849 3287 1916 3307 non
1939 3286 1995 3317 per
2018 3286 2051 3306 se
2075 3276 2115 3306 ad
2137 3275 2214 3306 vitia
2236 3275 2347 3312 tendit,
2371 3275 2426 3305 sed
2450 3276 2508 3306 sub

1413 3357 1415 3359 ,
1441 3324 1564 3354 ratione
1586 3322 1664 3353 boni
1686 3321 1812 3352 honesti
1836 3328 1891 3351 aut
1913 3320 2001 3351 liciti.

1498 3368 1604 3398 Habes
1628 3376 1760 3407 quoque
1784 3375 1821 3396 ex
1844 3366 1903 3396 hac
1926 3364 2066 3395 theorica
2089 3364 2179 3405 quod
2202 3363 2228 3394 si
2250 3363 2323 3404 quis
2343 3373 2381 3394 ex
2395 3364 2510 3394 veniali

1442 3412 1619 3443 secundum
1642 3421 1676 3441 se
1694 3409 1806 3441 affectu
1825 3408 2041 3440 delectationis
2056 3408 2148 3450 gulae
2165 3414 2220 3438 aut
2234 3407 2353 3448 gloriae
2377 3407 2509 3444 furatur,

1441 3466 1540 3487 unam
1555 3463 1681 3487 tantum
1697 3454 1867 3485 mortalem
1882 3453 2118 3484 deformitatem
2134 3451 2274 3488 incurrit,
2291 3452 2409 3482 scilicet
2423 3451 2508 3482 furti.

1441 3501 1527 3531 Finis
1551 3507 1659 3531 autem
1678 3499 1748 3530 talis
1764 3498 1991 3534 delectationis,
2010 3497 2083 3528 licet
2102 3497 2135 3527 in
2150 3496 2244 3527 aliam
2263 3496 2428 3527 transferat
2442 3496 2509 3526 vitii

1442 3545 1599 3586 speciem,
1624 3550 1701 3584 puta
1724 3543 1817 3583 gulae
1840 3549 1895 3573 aut
1918 3542 2021 3572 inanis
2044 3541 2179 3582 gloriae;
2210 3540 2285 3581 quia
2314 3548 2419 3571 tamen
2442 3550 2507 3570 non

1444 3595 1590 3629 aggravat
1612 3588 1645 3618 in
1668 3586 1840 3624 infinitum,
1865 3596 1931 3617 non
1948 3586 2082 3627 apponit
2105 3585 2200 3617 aliam
2214 3585 2383 3615 mortalem
2406 3583 2508 3614 defor-

1444 3640 1596 3664 mitatem.

2334 3696 2364 3712 22

2533 450 2540 458 ⁴
2555 448 2621 471 Vers.
2637 456 2672 478 3⁴-

2532 495 2541 502 ·
2557 493 2622 515 Vera.
2638 500 2666 523 ¹3·

2532 522 2551 529 ⁶·
2566 520 2632 543 Vers.
2649 526 2678 542 21.
