2768 4198
41 336 51 346 ⁸
71 335 128 356 lbid.

0 760 5 764 -
40 751 50 761 ⁰
66 750 101 772 De
114 750 230 772 For-titud.

41 778 61 801 Τ
77 776 114 799 Cf.
129 783 193 808 uum.
205 783 237 799 vr.

40 887 106 915 Ὠιι
119 894 136 914 ι,
150 893 211 916 resp.
222 887 250 908 ad

81 931 86 935 .
102 917 164 936 cont.
175 914 250 936 concl.

0 927 5 983 ξ
38 947 59 968 5,
78 947 92 963 n
105 947 172 970 prop.
187 947 208 962 ι.

38 1016 49 1027 ·
62 1015 98 1039 cr.

6 1067 9 1071 .
39 1046 80 1066 Εἵ-
88 1049 109 1071 5,

37 1074 54 1109 9
55 1074 112 1124 ²3¹5.
118 1075 144 1123 ¹1¹2
153 1096 198 1118 iac.
210 1096 249 1118 cit.

130 1022 154 1038 ιι.
169 1021 250 1043 exani,

178 1046 248 1065 mem.

37 1190 50 1203 ·
61 1189 130 1219 nu..
145 1196 212 1220 prop.
228 1197 250 1220 3.

0 2094 19 2214 5

35 2440 102 2490 213?
103 2445 170 2490 'zm’
189 2445 244 2463 m-

22 2706 226 2734 swanum.

34 2796 44 2809 ·
55 2796 124 2820 Cont-
140 2797 214 2820 cond.
225 2803 246 2820 a.

863 251 1133 298 QUAESTIO
1163 252 1375 298 CXXVIII,
1406 251 1705 289 ARTICULUS
1735 251 1928 289 UNICUS
2441 251 2486 286 53

287 330 559 366 strenuitatem.
590 330 704 367 Unde
732 329 822 367 dicit
840 330 860 351 ’¹‘
889 330 996 377 quod
1024 331 1281 380 andragathia
1310 336 1362 367 est
1389 334 1391 387 Ι
1416 330 1525 380 ponit
1543 330 1777 378 Aristoteles,
1799 330 1982 368 deficiunt
2001 343 2023 367 a
2042 342 2134 367 vera
2154 330 2298 367 ratione
2317 329 2486 366 virtutis:

286 383 363 420 viri
387 383 506 420 virtus
526 383 768 420 adinventiva
787 383 1159 420 communicabilium
1189 396 1359 433 operum.
1389 389 1390 402 ¹
1418 384 1506 433 quia
1535 384 1602 421 etsi
1623 384 1855 421 conveniant
1873 384 1911 421 in
1931 391 2018 421 actu
2038 383 2280 430 fortitudinis,
2309 382 2489 420 differunt

340 436 390 473 Et
418 435 471 474 sic
499 442 603 485 patet
632 438 735 486 quod
764 449 901 474 ornnes
921 437 1144 474 huiusmodi
1163 445 1291 486 partes
1312 439 1359 475 acl

285 497 451 538 quatuor
463 489 693 540 principales
714 490 947 528 reducuntur
963 503 1058 539 quas
1074 491 1223 528 Tullius
1238 491 1358 540 ponit.

338 544 398 580 An
419 554 601 581 summum
621 555 808 581 mesanum
838 545 944 592 quod
973 544 1035 582 illa
1058 544 1230 593 quinque
1260 557 1361 592 quae

1416 444 1546 474 tamen
1565 437 1604 474 in
1624 438 1784 485 motivo,
1805 445 1848 475 ut
1867 450 1983 487 supra
1996 437 2017 459 '¹‘
2039 437 2213 474 habitum
2235 443 2300 474 est.
2331 437 2380 473 Et
2399 436 2487 473 ideo

1416 503 1495 528 non
1523 499 1719 540 ponuntur
1738 499 1864 540 partes
1883 491 2124 538 fortitudinis,
2146 491 2214 528 sed
2235 489 2391 539 quidam
2413 489 2487 526 for-

1416 544 1586 582 titudinis
1614 544 1734 582 modi.

959 633 1297 668 commentaria
1320 632 1575 666 cardinalis
1597 633 1802 668 Caietam

284 712 331 775 Iu
355 702 550 743 quaestionis
575 703 1070 745 centesimaevigesimaeoctavae
1098 704 1232 735 articulo
1258 704 1356 734 unico
1382 703 1384 767 Ι

311 746 408 777 dubia
432 747 533 778 multa
550 757 587 778 ex
602 747 741 779 Martino
756 748 774 768 '⁸‘
790 755 972 780 occurrunt.
998 749 1142 780 Primum
1156 749 1192 768 *²*
1206 755 1254 779 est
1277 748 1357 779 circa
1382 769 1384 783 ,»

279 791 378 822 illud:
403 791 573 823 Fortitudo
603 798 640 823 ut
663 799 709 824 est
731 794 880 834 specialis
903 795 1018 832 virtus,
1043 804 1107 825 non
1131 793 1225 824 habet
1241 800 1357 834 partes
1382 786 1384 828 Ι

278 836 480 867 subiectivas.
515 836 636 868 Contra
665 838 727 868 hoc
756 838 915 879 siquidem
944 838 1046 879 arguit
1074 838 1244 874 Martinus,
1270 845 1301 869 et
1323 838 1356 868 in

278 889 332 921 qu.
351 890 361 910 1
386 887 416 911 et
438 881 471 911 in
495 891 550 922 qu.
574 892 626 919 xu,
650 883 765 914 directe
789 890 898 914 contra
921 883 1003 914 hanc
1029 883 1176 914 litteram.
1197 883 1306 914 Primo
1321 882 1355 919 *,
1382 884 1384 921 Ι

278 924 354 966 quia
377 924 583 962 fortitudinis,
608 927 690 958 sicut
710 928 877 959 cuiuslibet
895 927 1023 959 alterius
1039 927 1172 964 virtutis,
1198 934 1272 958 sunt
1294 934 1356 958 tres
1382 925 1384 962 Ι

278 969 394 1010 gradus
417 971 522 1010 specie
546 971 739 1004 differentes:
764 973 882 1004 scilicet
906 972 1111 1008 continentia,
1136 971 1355 1012 temperantia,

279 1014 404 1045 heroica
420 1014 445 1046 ¹⁸.
471 1016 566 1057 Ergo.
1382 1026 1383 1050 Ι

333 1059 482 1091 Secundo
494 1058 520 1098 ⁸,
533 1061 609 1102 quia
625 1061 722 1103 aliqui
740 1061 866 1092 habitus
881 1060 1076 1092 fortitudinis
1089 1060 1206 1091 habent
1222 1060 1356 1090 circum·
1381 1053 1384 1084 Ι

278 1103 407 1134 stantias
431 1114 491 1145 pro
515 1105 655 1137 obiectis.
685 1106 747 1137 Sed
771 1106 803 1136 in
827 1105 902 1141 illis,
927 1105 1045 1135 variata
1068 1114 1274 1146 quacumque
1298 1104 1355 1135 cir·
1381 1088 1383 1148 Ι

278 1149 477 1186 cumstantia,
504 1160 630 1191 semper
651 1151 790 1182 variatur
812 1150 950 1180 habitus.
974 1149 1069 1190 Ergo.
1382 1156 1383 1159 ’

338 1193 445 1225 Tertio
458 1194 486 1225 *.
509 1195 585 1226 1)υο
609 1202 684 1226 sunt
707 1202 795 1226 actus
811 1193 1000 1235 principales
1017 1192 1222 1228 fortitudinis,
1239 1192 1356 1223 scilicet
1381 1189 1383 1211 ³

277 1238 404 1278 aggredi
429 1245 460 1269 et
482 1246 662 1280 expectare,
687 1239 743 1281 qui
768 1246 843 1270 sunt
865 1238 969 1280 specie
993 1237 1141 1268 distincti.
1176 1237 1262 1278 Ergo
1287 1237 1353 1267 duo
1380 1239 1383 1269 ὲ

277 1288 361 1318 sunt,
377 1282 429 1314 vel
452 1293 521 1315 esse
536 1291 672 1325 possunt
694 1283 821 1315 habitus
837 1282 1032 1314 fortitudinis
1049 1282 1153 1323 specie
1170 1281 1317 1312 distincti.
1334 1299 1353 1304 -
1381 1292 1382 1324 j

275 1326 519 1368 seeunuffp‘ars
543 1328 754 1360 antecedentis
778 1328 941 1369 probatur.
974 1327 1092 1358 Primo.
1125 1326 1218 1357 Multi
1245 1326 1354 1356 lauda·
1380 1351 1382 1367 s

276 1370 380 1402 biliter
403 1381 436 1403 se
460 1373 578 1404 habent
598 1373 630 1404 in
646 1383 725 1411 uno,
750 1379 782 1404 et
797 1372 911 1404 nonin
928 1371 1003 1403 alio.
1028 1372 1126 1412 Ergo.
1150 1389 1170 1393 -
1194 1371 1353 1401 Secundo.
1380 1371 1382 1391 ·'

276 1414 467 1448 Prudentiae
483 1417 650 1449 directivae
674 1417 788 1449 talium
803 1423 935 1448 actuum
951 1423 1026 1447 sunt
1050 1415 1215 1447 distinctae
1231 1415 1355 1456 specie:
1380 1417 1382 1422 '

276 1469 352 1500 ergo
374 1460 502 1493 habitus
525 1462 663 1493 morales
683 1461 816 1493 virtuosi
838 1461 1027 1492 inclinantes
1043 1460 1082 1491 ad
1098 1460 1172 1491 illos
1195 1467 1270 1491 sunt
1293 1459 1355 1491 dis·
1380 1452 1382 1507 Ι

275 1504 364 1536 tincti
383 1506 497 1547 specie.
522 1507 722 1538 Antecedens
742 1506 909 1547 probatur:
934 1505 1010 1548 quia
1036 1512 1111 1536 sunt
1134 1504 1212 1535 aliae
1229 1512 1259 1536 et
1275 1504 1354 1536 aliae
1379 1509 1382 1538 Ι

275 1547 460 1591 disciplinae
490 1551 640 1582 militares
671 1551 709 1581 de
733 1550 947 1592 aggrediendo
977 1557 1008 1581 et
1032 1550 1070 1581 de
1095 1550 1301 1590 expectando.
1332 1568 1353 1574 -

275 1593 396 1626 Tertio.
423 1594 509 1626 Cum
533 1595 754 1638 obliquatione
777 1595 811 1626 in
835 1595 1047 1637 aggrediendo
1071 1601 1134 1626 stat
1148 1594 1304 1625 rectitudo
1320 1594 1353 1625 in
1379 1619 1381 1647 Ι,

274 1640 482 1679 expectando.
506 1640 592 1681 Ergo
617 1640 773 1672 rectitudo
797 1640 964 1682 utriusque
988 1650 1054 1670 non
1079 1646 1126 1671 est
1149 1639 1260 1670 eadem
1284 1649 1354 1680 spe·
1379 1652 1380 1655 ¹

274 1681 330 1714 eie.
357 1700 375 1707 -
399 1684 534 1722 Quarto.
560 1685 754 1716 Rectitudini
774 1684 807 1716 in
822 1684 1034 1726 aggrediendo
1059 1695 1126 1715 non
1143 1684 1353 1716 contrariatur

274 1726 446 1769 obliquitas
461 1729 494 1760 in
511 1731 717 1771 expectando,
731 1730 786 1761 sed
801 1729 835 1760 in
856 1730 1086 1771 aggrediendo:
1107 1739 1182 1770 ergo
1199 1739 1265 1760 non
1279 1736 1354 1760 sunt

273 1771 419 1804 eiusdem
442 1774 568 1815 speciei.
593 1775 635 1806 Et
656 1782 743 1806 tenet
765 1775 911 1817 sequela:
937 1775 1013 1817 quia
1031 1775 1064 1805 in
1080 1773 1253 1805 individuis
1269 1774 1352 1805 eius·
1379 1793 1380 1807 ι

273 1816 348 1848 dem
372 1819 487 1859 speciei
511 1819 671 1861 quidquid
695 1819 905 1851 contrariatur
927 1819 994 1856 uni,
1019 1818 1230 1850 contrariatur
1253 1825 1284 1850 et
1306 1829 1352 1849 re-

273 1861 376 1904 liquo.
399 1881 421 1887 -
445 1863 580 1901 Quinto.
606 1864 811 1905 Ubicumque
836 1872 882 1895 est
906 1863 967 1895 alia
991 1870 1021 1894 et
1045 1863 1104 1894 alia
1128 1863 1292 1901 medietas,
1309 1863 1351 1894 ibi
1378 1903 1379 1906 Ἴ

273 1913 350 1938 aunt
370 1906 497 1939 habitus
521 1908 658 1939 morales
682 1908 821 1939 distincti
851 1908 973 1948 specie:
1003 1908 1059 1938 sed
1090 1907 1140 1938 hic
1170 1914 1244 1938 sunt
1271 1908 1353 1939 duae
1378 1923 1379 1926 ¹

273 1950 478 1983 medietates:
503 1962 589 1994 ergo.
618 1953 774 1983 Probatur
796 1953 921 1983 minor:
947 1952 1023 1994 quia
1045 1951 1106 1982 alia
1130 1959 1176 1983 est
1199 1952 1352 1984 medietas

273 1995 308 2026 in
323 1997 530 2036 expectando,
548 2004 579 2028 et
593 1997 654 2028 alia
670 1997 702 2028 in
719 1997 943 2038 aggrediendo.
963 1997 1004 2028 Et
1023 1996 1241 2028 confirmatur.
1267 1997 1351 2035 Quia

274 2047 349 2071 sunt
367 2047 508 2082 quatuor
522 2048 661 2072 extrema
680 2049 711 2073 et
732 2041 798 2073 duo
823 2041 944 2072 media:
971 2041 1088 2073 scilicet
1111 2041 1297 2073 intimiditas
1322 2049 1353 2073 et
1378 2052 1379 2067 2

274 2084 381 2120 timor,
407 2091 545 2116 extrema
567 2086 744 2117 medietatis
767 2086 801 2117 in
821 2086 1031 2128 expectand0;
1057 2093 1088 2117 et
1107 2086 1239 2117 audacia
1254 2093 1284 2117 et
1298 2097 1351 2117 ve·
1378 2082 1379 2086 ¹

275 2128 392 2166 cordia,
417 2137 556 2161 extrema
578 2131 755 2162 medietatis
778 2131 812 2162 in
836 2131 1060 2172 aggrediendo.

330 2173 372 2204 Et
399 2174 478 2206 haec
509 2181 615 2216 potest
641 2185 708 2206 esse
736 2181 854 2217 quarta
881 2175 962 2206 ratio
986 2175 1026 2206 ad
1050 2174 1234 2216 principale.
1266 2175 1351 2213 Quia

273 2217 374 2249 virtus
396 2219 515 2250 habens
539 2219 618 2251 duas
642 2219 826 2251 medietates
854 2220 958 2261 specie
983 2219 1161 2256 distinctas,
1187 2229 1261 2250 cum
1286 2219 1351 2250 suis
1377 2244 1379 2260 ;

275 2263 437 2300 extremis,
461 2273 527 2294 non
552 2271 600 2295 est
622 2274 686 2295 una
710 2264 814 2305 specie
837 2263 1072 2305 specialissima.
1106 2264 1168 2295 Sed
1195 2263 1351 2295 fortitudo
1377 2270 1378 2293 Ι

274 2313 323 2338 est
343 2306 541 2339 huiusmodi.
562 2309 658 2349 Ergo.
683 2326 704 2332 —
729 2309 770 2340 Et
787 2307 1003 2340 confirmatur.
1028 2309 1114 2347 Quia
1129 2308 1227 2340 timor
1246 2317 1276 2341 et
1296 2319 1351 2340 au·

273 2351 362 2383 dacia
392 2361 465 2394 uon¹
490 2360 565 2384 sunt
595 2353 770 2390 contraria,
799 2353 875 2395 quia
905 2360 1042 2395 possunt
1071 2363 1140 2384 esse
1170 2354 1203 2384 in
1235 2354 1350 2385 eodem

273 2395 378 2428 simul.

331 2440 451 2478 Quinto
462 2440 481 2460 *
495 2441 711 2483 principaliter
726 2443 877 2483 arguitur,
893 2442 970 2485 quia
986 2443 1048 2474 hoc
1070 2442 1197 2474 videtur
1216 2443 1350 2475 sensisse
1376 2441 1378 2475 ἶ

273 2492 400 2516 sanctus
423 2485 570 2517 Thomas
593 2486 626 2517 in
650 2497 705 2528 qu.
723 2498 830 2524 cxxvr,
855 2494 911 2519 art.
936 2497 973 2524 2,
998 2487 1037 2518 ad
1064 2488 1099 2524 3,
1125 2487 1232 2519 dicens
1260 2489 1350 2530 quod
1376 2486 1378 2521 i

273 2539 337 2561 non
352 2535 400 2562 est
414 2531 638 2563 inconveniens
661 2532 746 2573 quod
768 2531 944 2564 secundum
963 2532 1093 2564 diversa
1108 2532 1214 2563 media
1235 2533 1351 2564 habeat

271 2574 400 2606 diversa
425 2580 581 2607 extrema.
607 2576 674 2613 Est,
690 2577 805 2619 inquit,
823 2576 902 2607 mihi
919 2577 1055 2608 omnino
1072 2587 1139 2608 non
1153 2577 1350 2618 intelligibile

273 2619 363 2661 quod
386 2620 498 2650 eadem
525 2620 680 2652 fortitudo
705 2622 882 2652 secundum
907 2622 1063 2663 speciem,
1088 2622 1202 2653 habeat
1230 2622 1351 2654 diversa
1376 2622 1378 2662 J

273 2664 378 2695 media
401 2665 581 2696 secundum
605 2666 755 2707 speciem.

329 2709 367 2740 11.
397 2709 583 2741 Secundum
613 2710 751 2742 dubium
769 2710 787 2730 *
814 2717 861 2741 est
888 2711 969 2742 circa
999 2710 1156 2742 rationem
1186 2711 1220 2742 in
1250 2711 1352 2743 littera

273 2754 493 2791 subiunctam‚
522 2755 658 2786 scilicet:
690 2757 766 2797 quia
788 2754 954 2797 fortitudo
985 2761 1031 2786 est
1064 2757 1151 2787 circa
1182 2757 1350 2788 materiam

274 2798 368 2830 valde
379 2799 560 2840 specialem.
581 2800 696 2841 Arguit
715 2806 825 2831 contra
841 2800 903 2831 hoc
915 2799 1070 2831 Martinus
1087 2811 1142 2842 qu.
1158 2811 1200 2831 xn
1212 2800 1238 2832 *.
1260 2800 1352 2832 Circa

273 2843 409 2874 eandem
425 2845 588 2875 materiam
613 2852 914 2886 quantumcumque
930 2844 1100 2885 specialem
1125 2852 1262 2886 possunt
1285 2856 1352 2877 esse

274 2894 362 2919 actus
374 2888 537 2920 moraliter
552 2889 630 2921 boni
643 2890 747 2930 specie
760 2889 908 2921 distincti.
929 2889 1014 2934 Ergo
1031 2896 1062 2920 et
1077 2889 1203 2920 habitus
1219 2890 1353 2921 virtuosi
1378 2895 1379 2911 Ι

274 2932 379 2974 specie
395 2933 544 2965 distincti.
562 2953 582 2957 -
597 2935 797 2965 Antecedens
813 2935 967 2975 probatur
983 2944 1020 2964 ex
1040 2934 1130 2965 dictis
1147 2935 1245 2966 sancti
1262 2935 1352 2966 Tho·
1378 2939 1380 2977 Ι

274 2987 356 3009 mae.
381 2978 466 3016 Quia
489 2978 615 3016 fiducia,
640 2979 885 3020 magnificentia,
905 2978 1057 3019 patientia
1073 2985 1104 3009 et
1122 2980 1353 3019 perseverantia
1378 2995 1380 3009 :

275 3022 356 3053 circa
379 3024 545 3054 materiam
568 3023 763 3055 fortitudinis
787 3025 905 3055 habent
929 3030 1017 3054 actus
1040 3024 1145 3054 bonos
1168 3024 1271 3064 specie
1292 3024 1353 3055 dis-
1379 3062 1380 3066 Ἰ

274 3067 409 3098 tinctos:
435 3068 521 3106 alias,
546 3075 609 3100 tres
633 3079 746 3100 eorum
771 3067 1012 3110 superfluerent.
1037 3068 1134 3108 Ergo.
1379 3087 1380 3092 ,

330 3111 489 3144 Secundo.
521 3113 614 3145 Circa
645 3113 811 3145 materiam
841 3113 1037 3145 fortitudinis
1067 3112 1268 3153 reperiuntur
1294 3113 1354 3147 ista
1379 3098 1381 3156 Ι

275 3162 430 3197 quatuor;
455 3165 486 3190 et
508 3165 583 3190 sunt
606 3158 733 3189 habitus
752 3158 844 3195 boni;
869 3165 900 3189 et
923 3157 1026 3199 specie
1043 3156 1197 3194 distincti;
1222 3164 1253 3188 et
1276 3168 1352 3191 con·
1379 3196 1380 3202 ἵ

275 3200 416 3232 tinentur
430 3203 490 3234 sub
504 3202 692 3234 fortitudine
709 3203 791 3234 sicut
801 3202 950 3233 inferiora
963 3203 1023 3233 sub
1036 3201 1209 3243 superiore.
1226 3202 1352 3243 Ergo.-
1379 3213 1380 3243 ]

275 3245 402 3276 Primae
424 3246 505 3278 duae
522 3254 626 3289 partes
645 3247 859 3279 antecedentis
883 3253 1001 3288 patent.
1019 3265 1040 3270 —
1056 3247 1164 3277 Tertia
1187 3247 1352 3287 probatur.
1379 3247 1381 3292 Ι

277 3289 362 3327 Quia
378 3289 467 3322 aliter
489 3302 556 3323 non
573 3299 678 3325 essent
695 3299 799 3334 partes
816 3291 983 3333 integrales
1006 3291 1236 3332 heterogeneae
1252 3290 1353 3332 ipsius
1378 3295 1380 3334 Ι

1411 705 1533 735 scilicet
1562 706 1708 745 pericula
1732 706 1864 743 mortis,
1889 710 1966 736 sunt
1988 706 2082 746 quasi
2098 709 2214 745 partes
2241 704 2437 745 integrales:
2459 704 2488 734 si

1411 754 1519 779 autem
1544 749 1735 791 referantur
1757 749 1801 780 ad
1823 750 1908 780 alias
1929 750 2095 787 materias,
2115 754 2191 780 sunt
2215 750 2350 780 virtutes
2372 748 2487 779 adiun-

1411 798 1482 824 ctae
1502 793 1715 834 fortitudini,
1747 794 1916 825 distinctae
1938 795 1978 825 ab
2003 804 2041 825 ea
2061 793 2237 825 secundum
2261 794 2406 834 speciem.
2440 793 2487 823 Ex

1412 837 1545 878 quibus,
1571 838 1690 880 inquit,
1714 838 1817 869 verbis
1842 849 1940 879 arguo
1973 838 2028 870 sic.
2059 839 2138 869 Istae
2168 845 2308 879 quatuor
2338 837 2485 873 virtutes,

1411 889 1545 913 arctatae
1570 883 1608 912 ad
1625 883 1791 914 materiam
1815 882 2019 919 fortitudinis,
2033 893 2099 913 non
2123 889 2199 914 sunt
2217 883 2350 914 virtutes
2374 882 2486 913 adiun-

1411 932 1478 957 ctae
1501 926 1690 958 fortitudini.
1715 928 1781 958 Nec
1796 934 1871 958 sunt
1889 927 2020 958 virtutes
2039 928 2174 958 omnino
2199 934 2359 968 separatae
2383 937 2401 957 a
2425 926 2487 957 for-

1411 970 1560 1001 titudine:
1593 971 1668 1012 quia
1692 978 1768 1002 tunc
1785 971 1875 1002 nullo
1900 966 2000 1002 modo
2020 979 2123 1012 partes
2147 972 2313 1012 integrales
2337 971 2406 1002 eius
2426 971 2486 1002 dici

1411 1015 1570 1045 deberent.
1596 1015 1681 1055 Ergo
1698 1023 1773 1046 sunt
1786 1015 1917 1046 virtutes
1933 1016 1992 1046 sub
2012 1016 2197 1047 fortitudine
2221 1023 2396 1047 contentae.

1472 1059 1588 1090 Tertio.
1621 1060 1855 1101 Quaecumque
1879 1066 1955 1091 sunt
1978 1060 2123 1091 distincta
2146 1060 2228 1091 inter
2251 1071 2283 1091 se
2307 1060 2429 1100 specie,
2455 1067 2486 1091 et

1411 1113 1476 1133 non
1501 1110 1575 1134 sunt
1598 1103 1745 1135 distincta
1769 1104 1872 1145 specie
1897 1115 1915 1134 a
1938 1104 2134 1141 fortitudine,
2159 1111 2234 1135 sunt
2257 1105 2397 1135 diversae
2416 1115 2487 1145 spe-

1381 1162 1383 1170 r
1411 1147 1473 1177 cies
1497 1148 1557 1178 sub
1580 1147 1777 1179 fortitudine.
1812 1148 1874 1180 Sed
1898 1149 1975 1180 istae
1999 1156 2147 1190 quatuor,
2172 1149 2211 1179 ad
2235 1149 2401 1180 materiam
2424 1149 2487 1180 for-

1410 1191 1554 1223 titudinis
1574 1199 1717 1229 arctatae,
1742 1199 1818 1223 sunt
1840 1193 2036 1224 huiusmodi.
2062 1193 2158 1234 Ergo.
2184 1211 2202 1215 -
2226 1193 2333 1224 Minor
2358 1203 2417 1234 pro
2441 1204 2487 1224 se-

1411 1237 1514 1267 cunda
1539 1243 1626 1277 parte
1656 1245 1703 1268 est
1733 1237 1831 1268 sancti
1855 1238 2022 1268 Thomae:
2047 1248 2106 1279 pro
2130 1237 2247 1278 prima,
2273 1239 2406 1278 probata
2430 1245 2486 1269 est.

1470 1281 1606 1318 Quarto.
1632 1281 1693 1312 Ista
1716 1289 1856 1323 quatuor
1880 1292 1939 1313 nec
1962 1289 2037 1313 sunt
2060 1282 2172 1312 eadem
2195 1282 2300 1323 specie
2325 1292 2399 1313 cum
2423 1282 2486 1312 for-

1409 1325 1561 1362 titudine3
1587 1336 1645 1357 nec
1661 1326 1783 1357 diversa
1800 1327 1904 1367 specie
1929 1337 1946 1357 a
1970 1326 2171 1363 fortitudine;
2198 1334 2228 1357 et
2243 1327 2312 1367 ipsa
2329 1333 2404 1357 sunt
2420 1337 2487 1367 spe

1409 1369 1481 1401 cies.
1516 1370 1602 1410 Ergo
1634 1370 1788 1401 fortitudo
1818 1381 1884 1402 non
1916 1378 1963 1402 est
1991 1371 2111 1412 species
2135 1371 2371 1412 specialissima.
2401 1371 2487 1411 Ergo

1409 1414 1565 1445 fortitudo
1583 1421 1630 1446 est
1644 1425 1744 1456 genus
1761 1415 1918 1456 ipsorum.
1944 1434 1963 1439 -
1987 1416 2187 1447 Antecedens
2203 1426 2262 1457 pro
2279 1415 2382 1456 prima
2399 1423 2487 1456 parte

1408 1459 1572 1500 probatur.
1608 1459 1693 1497 Quia
1715 1470 1782 1490 non
1805 1467 1879 1491 sunt
1898 1461 2010 1491 eadem
2033 1460 2136 1501 specie
2161 1460 2386 1501 specialissima
2407 1460 2488 1491 inter

1409 1514 1450 1535 se.
1483 1504 1569 1545 Ergo
1599 1514 1657 1535 nec
1686 1514 1761 1535 cum
1785 1503 1981 1536 fortitudine.
2006 1523 2026 1528 -
2051 1505 2197 1536 Secunda
2220 1515 2292 1546 pars
2323 1505 2485 1545 probatur.

1379 1552 1381 1568 Ι
1409 1548 1494 1587 Quia
1518 1549 1664 1580 distincta
1683 1550 1788 1590 specie
1811 1560 1829 1580 a
1853 1549 2039 1581 fortitudine
2063 1549 2268 1581 continentur
2283 1551 2341 1580 sub
2358 1549 2486 1586 iustitia,

1379 1599 1381 1615 Ι
1409 1593 1628 1635 temperantia,
1646 1601 1704 1625 etc.
1728 1594 1790 1625 Sed
1813 1594 1882 1631 ista,
1903 1602 2019 1626 arctata
2035 1595 2074 1625 ad
2090 1595 2256 1626 materiam
2280 1594 2485 1631 fortitudinis,

1409 1649 1475 1669 non
1500 1639 1704 1670 continentur
1727 1640 1786 1670 sub
1810 1639 1888 1670 aliis.
1914 1640 1999 1680 Ergo
2023 1650 2089 1670 non
2114 1646 2189 1670 sunt
2212 1639 2358 1670 distincta
2382 1649 2400 1669 a
2423 1639 2487 1669 sor—

1408 1683 1554 1715 titudine.
1577 1701 1599 1707 -
1623 1684 1729 1714 Prima
1758 1684 1986 1725 consequentia
2017 1685 2182 1725 probatur.
2213 1685 2298 1722 Quia
2328 1694 2485 1725 quorum-

1408 1738 1548 1770 cumque
1568 1728 1747 1760 multorum
1771 1739 1912 1770 quorum
1937 1729 2105 1770 quodlibet
2126 1736 2172 1760 est
2196 1728 2325 1770 species,
2343 1728 2396 1759 illa
2413 1736 2487 1760 sunt

1408 1773 1521 1804 eadem
1545 1773 1650 1814 specie
1673 1780 1729 1804 aut
1752 1773 1897 1804 distincta
1922 1774 2035 1814 specie.
2061 1791 2082 1797 -
2106 1774 2252 1805 Secunda
2275 1783 2351 1804 vero
2376 1783 2486 1804 conse-

1407 1818 1538 1859 quentia
1561 1818 1725 1858 probatur.
1759 1818 1845 1855 Quia
1869 1818 1926 1850 ista
1951 1818 2155 1849 continentur
2179 1819 2237 1849 sub
2261 1828 2328 1848 uno
2352 1827 2484 1858 genere,

1409 1869 1487 1903 puta
1511 1863 1623 1893 virtus.
1649 1862 1689 1893 Et
1713 1872 1779 1893 non
1799 1872 1900 1903 aeque
1923 1862 2123 1894 immediate:
2149 1863 2224 1904 quia
2248 1862 2402 1893 fortitudo
2427 1873 2486 1894 nec

1407 1916 1520 1948 genere
1549 1917 1607 1938 nec
1631 1907 1735 1947 specie
1764 1907 1802 1937 ah
1827 1907 1871 1938 eis
1895 1907 2109 1948 distinguitur.
2141 1908 2226 1948 Ergo
2250 1907 2300 1938 vel
2329 1907 2485 1938 fortitudo

1407 1951 1588 1983 continetur
1611 1951 1826 1982 immediatius
1850 1962 1949 1992 quam
1973 1951 2031 1983 ista
2055 1959 2210 1993 quatuor:
2236 1959 2266 1982 et
2289 1951 2423 1983 habetur
2438 1952 2484 1982 in-

1406 2003 1541 2032 tentum,
1562 1996 1638 2038 quia
1660 1996 1878 2028 immediatius
1897 2006 2050 2037 supremo
2065 2003 2112 2028 est
2128 1996 2273 2038 superius
2290 1997 2330 2026 ad
2347 1997 2483 2029 mediate

1407 2048 1565 2073 contenta.
1589 2040 1649 2072 Vel
1673 2051 1689 2072 e
1706 2047 1830 2072 contra:
1855 2041 1944 2082 quod
1969 2047 2094 2072 constat
2116 2051 2183 2072 esse
2204 2041 2330 2078 falsum,
2348 2041 2423 2082 quia
2440 2042 2484 2073 sic

1407 2086 1562 2117 fortitudo
1587 2092 1668 2116 esset
1691 2096 1763 2126 pars
1786 2085 1933 2116 istorum.

1463 2130 1515 2161 111.
1539 2130 1687 2161 Tertium
1711 2130 1846 2161 dubium
1862 2130 1880 2150 *
1903 2137 1950 2161 est
1978 2130 2058 2161 circa
2090 2130 2224 2161 eandem
2248 2130 2405 2161 rationem
2433 2131 2483 2161 lit-

1405 2182 1498 2206 terae.
1522 2175 1607 2205 Nam
1631 2175 1799 2215 dupliciter
1822 2174 1935 2206 deficit.
1961 2174 2081 2212 Primo,
2103 2174 2179 2216 quia
2196 2185 2233 2205 ex
2249 2175 2340 2205 valde
2356 2175 2483 2216 speciali

1406 2219 1535 2251 materia
1558 2219 1653 2250 infert
1676 2219 1898 2250 fortitudinem
1921 2219 2146 2250 indivisibilem
2171 2218 2364 2250 formaliter:
2393 2220 2484 2261 quasi

1405 2264 1510 2295 unitas
1541 2271 1572 2295 et
1600 2263 1760 2295 distinctio
1791 2263 1936 2305 specifica
1966 2274 2003 2295 ex
2034 2264 2164 2295 materia
2195 2271 2350 2296 sumatur.
2385 2264 2483 2302 Quod

1404 2308 1519 2340 rationi
1544 2318 1610 2339 non
1636 2315 1801 2340 consonat.

1461 2353 1628 2390 Secundo,
1654 2353 1729 2395 quia
1753 2361 1808 2384 aut
1832 2360 1879 2384 est
1906 2363 2011 2384 sermo
2042 2354 2082 2384 de
2105 2353 2330 2394 specialissima
2354 2353 2484 2384 materia

1376 2423 1378 2435 Ι
1404 2398 1436 2429 in
1462 2408 1529 2429 esse
1553 2405 1702 2429 naturae:
1727 2405 1782 2429 aut
1804 2398 1837 2429 in
1862 2408 1929 2429 esse
1953 2398 2078 2429 morali.
2103 2399 2178 2429 Non
2201 2397 2233 2428 in
2251 2407 2318 2428 esse
2334 2405 2482 2429 naturae:

1404 2443 1480 2485 quia
1504 2443 1644 2484 pericula
1669 2443 1806 2474 maxima
1830 2450 1905 2474 sunt
1928 2443 2123 2474 diversarum
2141 2442 2329 2484 specierum,
2347 2449 2383 2473 ut
2398 2453 2484 2474 corn-

1404 2488 1492 2525 buri,
1522 2488 1699 2528 submergi,
1732 2488 1875 2529 percuti,
1899 2487 2046 2528 iugulari.
2071 2505 2092 2511 -
2116 2487 2182 2518 Nec
2209 2487 2241 2518 in
2266 2497 2334 2519 esse
2357 2488 2482 2519 morali.

1404 2533 1494 2564 Tum
1517 2533 1594 2574 quia
1618 2533 1680 2563 hoc
1704 2540 1769 2564 erat
1792 2533 2006 2572 probandum.
2037 2533 2127 2563 Tum
2150 2532 2225 2574 quia
2248 2532 2389 2572 pericula
2413 2542 2481 2563 ma-

1376 2575 1378 2621 Ι
1403 2578 1489 2609 xima
1513 2578 1636 2619 optima
1660 2577 1855 2608 diversarum
1873 2584 1947 2608 sunt
1963 2576 2141 2617 specierum
2157 2576 2339 2613 moralium,
2361 2577 2384 2607 si
2410 2587 2482 2618 pro-

1404 2629 1474 2664 pter
1502 2622 1675 2657 iustitiam.
1705 2622 1755 2653 vel
1783 2628 1914 2663 propter
1942 2621 2093 2662 pietatem
2123 2621 2173 2652 vel
2204 2621 2407 2661 religionem,
2432 2622 2483 2652 vel

1376 2668 1378 2708 Ι
1404 2674 1536 2709 propter
1559 2667 1744 2703 castitatem,
1769 2674 1839 2703 etc.,
1863 2666 2042 2697 imminent.

1461 2712 1514 2743 IV.
1540 2712 1700 2749 Quartum
1726 2711 1862 2742 dubium
1877 2711 1895 2730 *
1918 2717 1965 2742 est
1989 2721 2025 2741 ex
2049 2710 2174 2746 eodem,
2198 2710 2317 2740 ibidem
2331 2709 2375 2747 **,
2401 2710 2481 2741 circa

1377 2772 1378 2775 =
1404 2757 1541 2788 litteram
1557 2757 1749 2798 inquantum
1766 2755 1860 2796 ponit
1882 2762 1985 2796 partes
2008 2755 2173 2795 integrales
2201 2754 2396 2785 fortitudinis
2420 2755 2482 2785 dis-

1377 2808 1379 2810 ’
1404 2801 1517 2832 tinctas
1534 2812 1551 2831 a
1568 2801 1710 2842 partibus
1726 2800 1953 2841 potentialibus
1970 2799 2123 2830 eiusdem.
2145 2799 2267 2831 Contra
2283 2799 2365 2830 hanc
2386 2799 2482 2840 siqui-

1405 2846 1478 2876 dem
1503 2846 1639 2877 litteram
1664 2845 1779 2876 directe
1803 2852 1834 2876 et
1857 2844 2048 2875 nominatim
2073 2844 2186 2884 arguit.
2218 2844 2337 2875 Primo.
2363 2843 2479 2875 Omnis

1405 2901 1477 2932 pars
1494 2891 1639 2922 ordinata
1663 2890 1703 2920 ad
1726 2890 1867 2931 aliquem
1891 2896 1997 2920 actum
2021 2889 2156 2919 alicuius
2179 2889 2316 2925 virtutis,
2334 2899 2399 2919 non
2424 2889 2480 2919 ha—

1405 2937 1483 2966 bens
1499 2935 1531 2966 in
1550 2945 1582 2965 se
1602 2941 1704 2966 totam
1718 2940 1908 2975 potestatem
1925 2933 2010 2965 illius
2024 2933 2158 2970 virtutis,
2176 2939 2223 2964 est
2237 2943 2309 2974 pars
2325 2934 2481 2973 potentia-

1405 2980 1444 3011 lis
1461 2980 1538 3010 eius.
1560 2979 1621 3010 Sed
1637 2978 1742 3010 omnis
1759 2989 1831 3019 pars
1843 2978 2002 3019 integralis
2019 2977 2213 3009 fortitudinis
2229 2984 2276 3009 est
2292 2978 2478 3009 huiusmodi

1406 3031 1550 3066 respectu
1574 3023 1779 3055 fortitudinis.
1805 3024 1890 3064 Ergo
1915 3023 2020 3054 omnis
2044 3033 2116 3064 pars
2136 3022 2295 3063 integralis
2319 3022 2479 3054 fortitudi-

1406 3069 1455 3100 nis
1472 3076 1518 3100 est
1533 3079 1606 3110 pars
1621 3068 1813 3110 potentialis,
1830 3086 1852 3092 -
1868 3068 1972 3099 Maior
1995 3075 2042 3098 est
2065 3074 2151 3098 nota.
2167 3085 2189 3090 —
2206 3067 2247 3099 Et
2273 3066 2381 3098 minor
2403 3077 2479 3108 pro-

1406 3114 1508 3144 batur.
1541 3113 1625 3151 Quia
1657 3113 1835 3144 secundum
1864 3115 2009 3143 sanctum
2031 3112 2204 3148 Thomam,
2232 3111 2271 3141 ad
2303 3111 2479 3151 perfectum

1379 3166 1381 3178 ¹
1407 3165 1515 3189 actum
1542 3157 1738 3189 fortitudinis
1762 3164 1793 3188 et
1816 3156 1950 3188 aliarum
1978 3157 2132 3187 virtutum
2158 3166 2284 3187 necesse
2308 3162 2354 3187 est
2377 3156 2480 3187 multa

1407 3211 1612 3234 concurrere:
1633 3202 1735 3232 immo
1753 3201 1848 3233 etiam
1865 3208 2060 3232 concurrunt
2075 3200 2168 3232 multi
2184 3200 2321 3237 habitus,
2339 3211 2479 3243 quorum

1407 3246 1541 3290 quilibet
1563 3246 1678 3278 dicitur
1709 3256 1782 3287 pars
1804 3246 1975 3287 integralis.
2004 3248 2071 3276 Aut
2095 3255 2169 3286 ergo
2201 3245 2324 3286 primus
2347 3245 2479 3277 illorum

1406 3291 1575 3322 habituum
1601 3291 1743 3321 continet
1765 3297 1868 3322 totam
1890 3296 2082 3331 potestatem
2115 3289 2326 3321 fortitudinis:
2351 3296 2382 3322 et
2405 3297 2481 3321 tunc

277 3333 492 3367 fortitudinis:
507 3337 597 3379 quod
611 3344 657 3368 est
669 3344 779 3368 contra
792 3344 938 3368 sanctum
950 3336 1116 3368 Thomam
1127 3336 1218 3367 hic.-
1231 3336 1353 3373 Quarta
1379 3335 1381 3371 Ι
1406 3335 1518 3378 reliqui
1542 3335 1753 3376 superfluunt.
1771 3337 1838 3366 Aut
1856 3344 1938 3365 non:
1964 3341 1995 3365 et
2017 3341 2094 3365 tunc
2109 3334 2243 3365 habetur
2264 3334 2435 3366 intentum.

277 3389 349 3419 pars
372 3381 536 3419 probatur.
568 3381 657 3420 Quia
669 3382 874 3414 continentur
900 3381 960 3412 sub
983 3381 1047 3412 hoc
1067 3381 1234 3413 communi
1264 3381 1353 3423 quod
1379 3409 1380 3412 ,
1461 3380 1511 3411 Ad
1535 3380 1617 3412 hanc
1640 3380 1813 3416 rationem,
1838 3379 1944 3421 inquit
1965 3379 2135 3416 Martinus,
2161 3385 2267 3420 potest
2289 3380 2481 3420 respondere

277 3430 324 3454 est
346 3423 455 3456 virtus.
485 3425 529 3456 Et
555 3435 621 3456 non
645 3426 838 3458 immediate.
869 3426 956 3467 Ergo
985 3426 1145 3458 mediante
1168 3426 1277 3468 aliquo
1301 3436 1353 3466 ge·
1378 3421 1380 3459 ἶ
1406 3426 1517 3456 beatus
1533 3424 1678 3455 Thomas
1694 3424 1842 3464 negando
1858 3424 2031 3457 maiorem:
2056 3423 2132 3466 quia
2155 3424 2195 3454 ad
2218 3430 2340 3466 partem
2365 3431 2478 3464 poten-

278 3478 351 3498 nere
374 3468 509 3501 virtutis.
538 3469 601 3501 Sed
623 3479 690 3501 non
721 3471 781 3502 nisi
805 3471 1001 3502 fortitudine.
1026 3470 1111 3511 Ergo
1149 3470 1354 3502 continentur
1379 3477 1380 3512 Ι
1406 3469 1514 3501 tialem
1542 3469 1713 3511 requiritur
1739 3468 1830 3510 quod
1857 3469 2028 3500 ordinetur
2051 3469 2095 3506 ad
2117 3468 2244 3510 aliquos
2270 3469 2480 3500 secundarios

278 3513 338 3543 sub
354 3513 541 3545 fortitudine
556 3521 710 3556 tanquam
738 3515 887 3550 inferiora
915 3516 974 3546 sub
999 3515 1165 3559 superiori.
1183 3534 1204 3539 —
1220 3515 1262 3547 Et
1277 3525 1352 3546 con·
1379 3552 1380 3558 ἵ
1406 3520 1499 3546 aetus
1523 3515 1574 3545 vel
1596 3515 1762 3551 materias,
1788 3520 1824 3544 ut
1845 3513 1913 3555 ipse
1937 3513 2083 3555 superius
2109 3513 2142 3543 in
2166 3523 2221 3554 qu.
2237 3523 2348 3550 vam,
2374 3520 2430 3544 art.
2454 3524 2478 3549 ι,

277 3556 422 3589 firmatur
443 3569 480 3589 ex
504 3558 593 3593 dictis
610 3559 709 3592 sancti
730 3559 878 3593 'rhomae
895 3560 947 3591 hic
969 3560 1100 3591 dicentis
1123 3560 1162 3591 de
1185 3560 1252 3591 istis
1275 3570 1352 3602 qua·
1379 3562 1380 3574 ¹
1407 3559 1493 3590 dixit.
1518 3560 1559 3590 Et
1582 3565 1814 3600 consequenter
1836 3557 1952 3589 diceret
1975 3558 2065 3600 quod
2087 3557 2213 3595 fiducia,
2236 3557 2478 3599 magnificentia,

278 3608 369 3633 tuor:
394 3603 431 3634 Si
446 3608 653 3635 coarctentur
673 3604 716 3635 ad
732 3605 903 3647 propriam
929 3605 1099 3636 materiam
1121 3604 1351 3647 fortitudinis,
1378 3595 1381 3645 Ι
1406 3604 1558 3647 patientia
1580 3610 1610 3634 et
1626 3603 1856 3646 perseverantia
1884 3602 2072 3634 ordinantur
2087 3604 2126 3633 ad
2150 3603 2338 3644 principales
2355 3602 2479 3632 fortitu—

2517 442 2524 449 ·
2531 441 2570 468 Qu
2576 445 2728 469 .exxm.art.1,

2515 467 2542 488 ad
2558 473 2577 489 2.

2512 2140 2521 2149 '
2536 2139 2571 2161 Cf.
2591 2145 2654 2160 num.
2673 2146 2722 2161 vm.

2509 2722 2518 2730 ⁵
2540 2721 2576 2743 Cf.
2601 2728 2664 2744 num.
2690 2728 2720 2743 lx.

2510 2749 2529 2758 '⁸
2538 2748 2585 2776 Qu.
2595 2755 2636 2771 χιι,
2646 2749 2719 2770 conci.

2507 2781 2529 2800 4.
