2768 4198
63 1263 74 1275 ·
87 1263 123 1285 De
137 1262 247 1284 Luxuria.

65 1396 75 1407 ¹⁸
89 1395 197 1417 Conclus.
213 1401 228 1416 ι.

68 3522 77 3531 ’
86 3521 123 3542 Ad
134 3521 218 3542 obiect.
228 3521 277 3543 1⁵¹⁰.

67 3551 128 3569 cont.
145 3548 246 3569 conclus.
263 3554 278 3569 ι,

306 293 381 328 224

303 414 416 460 unde,
445 413 475 450 si
503 413 548 450 sit
574 420 775 461 peccatum
814 410 932 457 magis
962 420 1177 457 repugnans
1214 406 1366 453 rationi,

303 466 454 514 gravius
483 466 561 503 erit.

357 522 416 556 AD
440 530 599 556 TERTnJM
627 528 811 554 DICENDUM
840 514 945 563 quod
972 522 1172 562 peceatum
1207 512 1368 549 fornica-

303 572 414 608 tionis
435 580 489 608 est
518 579 648 608 contra
669 571 814 606 bonum
836 567 974 616 speciei
996 568 1190 604 humanae
1210 566 1368 614 inquan-

303 633 383 662 tum
412 624 568 673 impedit
595 622 878 671 generationem
908 621 1139 668 singularem
1168 619 1281 656 unius
1300 619 1368 655 ho-

304 678 415 715 minis
443 676 629 714 nascituri.
664 674 786 722 Magis
815 682 944 711 autern
977 673 1153 722 pertingit
1181 673 1228 710 ad
1259 672 1368 709 ratio-

304 743 391 767 nem
412 730 550 779 speciei
565 729 630 777 qui
649 736 734 764 actu
754 728 831 764 iam
846 726 1046 776 participat
1065 725 1233 775 speciem
1249 737 1367 774 quam

303 784 367 832 qui
388 792 442 820 est
460 781 627 832 potentia
654 782 774 818 homo
795 786 824 817 α.
855 781 903 817 Et
923 780 1137 817 secundum
1158 779 1234 816 hoc
1254 779 1368 816 etiam

302 836 550 873 homicidium
571 842 626 871 est
643 834 796 883 gravius
821 846 937 883 quam
958 833 1155 870 fornicatio
1177 841 1214 869 et
1233 844 1369 869 omnes

302 889 467 926 luxuriae
492 888 649 937 species,
670 896 852 936 tanquam
874 887 995 935 magis
1015 888 1119 924 bono
1140 885 1281 935 speciei
1301 886 1370 922 hu-

355 1030 382 1062 α)
402 1030 488 1055 homo.
501 1044 518 1048 -
537 1029 598 1054 boni
617 1028 794 1061 ADEFKLpC
813 1033 838 1053 et
856 1036 881 1058 a,
901 1029 1003 1054 homini
1022 1029 1050 1053 Β.

967 276 1234 323 QUAESTIO
1264 275 1400 320 CLlV,
1430 276 1730 314 ARTICULUS
1762 278 1810 313 lll

304 372 432 397 mum:
469 361 557 408 quia
591 359 683 396 ratio
719 359 755 395 in
787 357 942 394 homine
971 356 1165 404 praevalet
1194 353 1365 402 corpori;
1394 354 1396 360 ’

1422 366 1560 391 manae
1589 366 1817 404 repugnans
1838 376 1862 384 -
1893 357 2045 393 Bonum
2082 357 2196 394 etiam
2231 357 2405 394 divinum
2437 365 2492 393 est

1423 407 1545 444 maius
1565 409 1670 445 bono
1691 409 1831 458 speciei
1859 410 2064 447 humanae.
2095 411 2143 447 Et
2162 410 2250 447 ideo
2271 410 2385 446 etiam
2404 421 2491 459 pec-

1423 468 1505 497 cata
1525 472 1625 508 quae
1646 470 1732 498 sunt
1753 470 1884 500 contra
1903 463 2044 510 Deum,
2066 472 2153 501 sunt
2173 464 2331 501 maiora.
2353 485 2377 491 -
2407 463 2491 500 Nec

1422 513 1618 550 fornicatio
1649 522 1704 551 est
1733 515 1872 552 directe
1905 525 2108 565 peccatum
2137 517 2174 554 in
2208 518 2351 563 Deum,
2383 516 2493 564 quasi

1422 566 1629 603 fornicator
1656 567 1728 604 Dei
1749 568 1938 606 offensam
1967 569 2156 608 intendat:
2187 571 2256 607 sed
2283 582 2328 607 ex
2359 581 2492 607 conse-

1423 619 1565 667 quenti,
1582 619 1678 656 sicut
1693 629 1728 657 et
1744 621 1874 659 omnia
1889 631 2047 671 peccata
2059 624 2246 661 mortalia.
2269 624 2374 661 Sicut
2389 623 2491 660 enim

1423 673 1600 710 membra
1621 674 1793 722 eorporis
1821 675 1940 712 nostri
1959 684 2046 713 sunt
2065 678 2242 714 membra
2263 676 2416 723 Christi,
2442 676 2492 713 ita

1423 725 1537 762 etiam
1569 734 1605 762 et
1633 726 1785 776 spiritus
1805 735 1935 765 noster
1963 737 2019 766 est
2046 742 2168 767 unum
2198 742 2287 767 cum
2317 730 2491 767 Christo:

1424 779 1638 816 secundum
1657 779 1749 816 illud
1769 780 1783 817 I
1804 780 1856 818 ad
1878 781 1965 819 Cor.
1985 793 2022 820 vl
2040 781 2081 819 *z
2106 783 2182 825 Qui
2198 783 2380 821 adhaeret
2397 783 2492 830 Deo,

1425 845 1521 869 unus
1546 833 1697 881 spiritus
1725 839 1788 870 est.
1819 834 1931 872 Unde
1960 835 2075 872 etiam
2103 844 2261 884 peccata
2288 836 2494 886 spiritualia

1424 893 1511 923 sunt
1538 886 1658 934 magis
1688 894 1818 923 contra
1837 887 2032 925 Christum
2056 901 2174 937 quam
2203 890 2412 928 fornicatio.

976 1117 1311 1150 Commenta-ia
1333 1115 1587 1149 cardinalis
1609 1117 1812 1149 Caietam

333 1219 353 1238 N
377 1207 508 1238 articulo
531 1206 623 1238 tertio
644 1206 787 1237 eiusdem
803 1204 1371 1246 centesimaequinquagesimaequar—

306 1221 382 1284 Itae
406 1251 611 1293 quaestionis,
628 1251 764 1281 dubium
787 1249 923 1281 occurrit
945 1260 982 1280 ex
997 1249 1146 1286 Martino,
1162 1249 1281 1279 ibidem
1293 1248 1320 1286 *,
1337 1247 1370 1278 in

303 1307 358 1338 qu.
383 1307 423 1333 1v,
448 1296 529 1326 circa
552 1295 802 1331 conclusionem,
828 1294 956 1331 scilicet,
979 1294 1164 1324 Fornicatio
1188 1298 1236 1324 est
1253 1302 1369 1334 pecca-

304 1347 369 1372 tum
393 1341 530 1382 gravius
545 1340 653 1382 surm,
679 1346 754 1376 etc.;
779 1346 811 1370 et
832 1339 916 1369 illius
940 1339 1113 1376 rationem,
1139 1337 1269 1373 scilicet,
1294 1338 1370 1378 quia

304 1392 351 1417 est
374 1391 486 1416 contra
510 1385 625 1416 bonum
645 1385 782 1415 hominis
796 1385 964 1415 nascituri.
989 1383 1104 1423 Arguit
1123 1392 1197 1423 ergo
1223 1389 1333 1412 contra
1342 1381 1369 1412 *.

303 1431 422 1461 Primo.
447 1430 583 1460 Furtum
607 1436 653 1459 est
677 1428 854 1469 expressius
877 1435 986 1459 contra
1005 1434 1210 1468 praeceptum
1233 1426 1292 1457 Dei
1317 1426 1370 1456 da·

303 1482 373 1506 tum
397 1474 501 1515 Moysi
525 1484 624 1514 quam
648 1473 814 1504 fornicatio
838 1472 982 1513 simplex.
1011 1472 1106 1512 Ergo.
1131 1489 1152 1495 —
1171 1471 1370 1502 Antecedens

303 1520 465 1560 probatur.
491 1518 574 1555 Quia
598 1517 720 1549 furtum
751 1527 895 1558 expresse
926 1517 1107 1548 continetur
1135 1516 1167 1546 in
1199 1515 1369 1556 decalogo:

303 1563 470 1594 fornicatio
501 1569 607 1593 autem
638 1562 772 1602 simplex
796 1571 861 1592 non
886 1561 945 1591 nisi
970 1571 1026 1602 per
1047 1561 1132 1591 viam
1157 1560 1320 1601 sequelae,
1345 1559 1371 1589 si

304 1608 483 1638 continetur
505 1607 586 1638 inter
608 1606 669 1637 illa.

359 1651 514 1683 Secundo.
547 1650 611 1688 Qui
636 1651 757 1681 furatur
785 1650 858 1681 facit
887 1650 1035 1680 iniuriam
1059 1656 1144 1680 certo
1169 1656 1199 1679 et
1227 1647 1372 1679 determi-

304 1703 378 1727 nato
402 1696 565 1736 proximo;
597 1702 627 1726 et
650 1695 854 1736 reipublicae,
879 1694 1037 1724 turbando
1061 1692 1231 1734 pacificum
1254 1698 1372 1724 statum

304 1741 380 1771 eius.
406 1740 470 1778 Qui
494 1739 666 1770 fornicatur
689 1739 768 1769 nulli
790 1738 998 1769 determinato
1022 1737 1170 1778 proximo
1193 1736 1267 1767 facit
1289 1737 1371 1767 iniu-

303 1785 391 1815 riam.
416 1785 511 1824 Ergo.
535 1802 556 1807 -
580 1784 735 1814 Probatur
758 1783 874 1813 minor.
900 1782 984 1819 Quia
1008 1782 1032 1812 si
1057 1781 1117 1818 sic,
1142 1781 1204 1811 hoc
1234 1781 1371 1811 maxime

303 1836 364 1865 est,
390 1836 425 1859 ut
452 1828 527 1859 dicit
549 1827 708 1863 Thomas,
734 1827 808 1867 quia
838 1826 912 1857 facit
939 1826 1088 1856 iniuriam
1115 1825 1241 1856 homini
1270 1825 1370 1855 nasci-

302 1880 384 1903 turo.
410 1873 472 1903 Sed
495 1872 556 1902 hoc
580 1881 656 1902 non.
682 1871 766 1908 Quia
789 1870 815 1901 si
838 1870 911 1901 facit
929 1869 974 1900 illi
998 1869 1147 1900 iniuriam
1170 1869 1370 1904 fornicando,

301 1917 351 1947 vel
374 1917 436 1947 hoc
459 1916 532 1946 facit
556 1916 631 1955 quia
654 1925 720 1945 non
744 1921 886 1955 generat;
911 1915 961 1944 vel
985 1914 1060 1955 quia
1084 1924 1150 1944 non
1174 1912 1288 1949 nutrit,
1313 1922 1371 1943 nec

302 1962 429 1997 educat;
454 1960 505 1990 vel
520 1960 594 2000 quia
609 1959 795 1999 illegitimat.
816 1959 878 1990 Sed
894 1969 960 1989 non
973 1959 1124 1999 primum,
1139 1965 1173 1989 ut
1189 1964 1284 1998 patet.
1304 1958 1371 1988 Nec

300 2005 444 2036 tertium:
469 2004 544 2045 quia
567 2004 628 2034 hoc
651 2014 716 2034 non
741 2010 861 2044 spectat
876 2003 915 2033 ad
938 2002 1036 2034 vitam
1059 2001 1208 2033 hominis.
1234 2002 1300 2032 Nec
1323 2011 1369 2032 se-

301 2050 460 2080 cundum:
486 2048 560 2090 quia
584 2048 635 2078 isti
659 2055 746 2079 actus
771 2058 837 2078 non
861 2054 935 2078 sunt
958 2054 1046 2078 actus
1069 2045 1297 2082 fornicationis,
1315 2046 1371 2077 sed

300 2094 480 2129 iniustitiae,
505 2103 523 2123 a
545 2092 690 2133 quolibet
713 2100 784 2123 actu
808 2092 1025 2123 fornicationis
1049 2091 1196 2122 distincti.

360 2139 475 2169 Tertio.
501 2137 667 2178 Quidquid
691 2137 744 2168 dat
767 2137 860 2167 alicui
885 2136 968 2167 actui
984 2136 1169 2176 gravitatem
1194 2135 1316 2176 culpae,
1334 2135 1370 2166 il-

300 2183 355 2213 lud
374 2183 426 2213 dat
438 2182 621 2222 gravitatem
639 2181 751 2222 culpae
767 2181 958 2222 cuicumque
975 2180 1059 2212 actui
1076 2180 1108 2211 in
1125 2190 1191 2222 quo
1205 2180 1367 2221 reperitur.

301 2227 361 2258 Sed
386 2237 452 2257 esse
476 2233 585 2258 contra
601 2226 698 2257 vitam
722 2225 860 2257 hominis
877 2225 1026 2257 nascituri
1044 2235 1109 2256 non
1134 2225 1187 2256 dat
1202 2224 1370 2256 caelibatui

301 2281 539 2313 quamcumque
563 2270 746 2311 gravitatem
773 2271 899 2312 culpae:
925 2271 956 2301 in
980 2279 1046 2311 quo
1071 2277 1177 2301 tamen
1201 2279 1257 2310 per
1280 2279 1312 2300 se
1340 2275 1371 2300 et

302 2327 338 2347 ex
362 2315 537 2347 intentione
561 2316 723 2356 reperitur.
748 2316 833 2356 Ergo
854 2325 919 2346 non
944 2315 997 2346 dat
1020 2314 1104 2346 actui
1129 2313 1312 2345 fornicario:
1338 2313 1371 2344 in

302 2371 367 2402 quo
392 2360 449 2391 etsi
474 2360 660 2401 reperiatur,
686 2371 751 2391 non
775 2368 880 2391 tamen
905 2369 961 2400 per
984 2369 1017 2390 se
1041 2369 1100 2390 nec
1123 2369 1160 2390 ex
1183 2358 1368 2390 intentione.

360 2405 494 2442 Quarta
519 2405 693 2445 Supposito
711 2405 800 2446 quod
816 2404 984 2435 fornicatio
1007 2404 1120 2435 inferat
1136 2410 1369 2435 nocumentum

301 2449 382 2481 vitae
406 2449 529 2480 homini
554 2449 728 2485 nascituro,
760 2449 910 2489 arguitur.
941 2449 1128 2480 Fornicator
1156 2458 1222 2478 non
1245 2455 1370 2479 tenetur

302 2503 367 2524 non
383 2503 450 2524 esse
466 2504 559 2524 causa
575 2493 760 2524 huiusmodi
778 2493 975 2524 nocumenti.
1001 2493 1066 2524 Fur
1082 2500 1206 2524 tenetur
1220 2503 1286 2523 non
1303 2503 1370 2523 esse

302 2548 394 2568 causa
424 2538 619 2569 nocumenti.
643 2539 738 2578 Ergo.
751 2556 782 2583 .'
807 2538 839 2569 Si
864 2538 985 2569 dicatur
1008 2538 1114 2579 quod,
1138 2537 1212 2568 licet
1235 2547 1301 2568 non
1326 2544 1369 2568 te-

302 2589 411 2613 neatur
435 2592 499 2612 non
516 2592 582 2613 esse
600 2592 694 2613 causa
709 2583 794 2613 illius
818 2582 1014 2619 nocumenti,
1039 2589 1164 2614 tenetur
1179 2589 1286 2613 tamen
1303 2592 1368 2613 non

301 2637 367 2657 esse
391 2637 484 2657 causa
508 2637 562 2667 per
577 2635 684 2658 actum
700 2627 958 2658 fornicatorium:
984 2637 1021 2658 ex
1040 2627 1103 2658 hoc
1118 2627 1252 2658 habetur
1268 2627 1370 2658 inten-

300 2679 379 2707 tum,
405 2671 521 2702 scilicet
543 2672 632 2712 quod
656 2672 718 2702 hoc
741 2672 830 2713 quod
855 2679 901 2703 est
924 2681 1015 2712 agere
1038 2679 1149 2703 contra
1164 2671 1288 2703 bonum
1313 2671 1370 2702 ho-

301 2715 393 2746 minis
418 2715 576 2752 nascituri,
602 2726 666 2747 non
691 2723 737 2748 est
760 2716 792 2747 in
813 2726 845 2747 se
863 2716 996 2754 malum,
1020 2726 1079 2747 nec
1096 2716 1148 2747 dat
1163 2716 1246 2748 actui
1271 2716 1369 2747 forni-

301 2759 383 2791 cario
407 2760 604 2800 gravitatem,
630 2761 684 2791 sed
708 2771 724 2791 e
749 2768 867 2792 contra.
898 2761 981 2792 Nam
1006 2771 1080 2792 cum
1105 2760 1176 2802 quis
1207 2761 1274 2791 sine
1297 2768 1368 2792 actu

301 2804 469 2835 fornicario
489 2804 539 2835 vel
555 2805 617 2835 alio
639 2812 710 2836 actu
727 2805 877 2845 culpabili
900 2805 965 2846 agit
990 2813 1100 2836 contra
1115 2804 1214 2836 vitati-1
1229 2805 1369 2836 hominis

301 2849 459 2885 nascituri,
484 2856 560 2880 tunc
584 2860 649 2880 non
666 2849 760 2881 infert
776 2850 974 2890 culpabiliter
998 2857 1247 2882 nocumentum:
1273 2850 1298 2881 si
1314 2860 1370 2881 au-

300 2901 365 2924 tem
390 2892 546 2924 mediante
576 2893 780 2926 fornicatorio
808 2902 897 2930 actu,
928 2901 1005 2926 tunc
1034 2894 1129 2926 infert
1158 2895 1368 2935 culpabiliter.

301 2938 385 2978 Ergo
411 2945 642 2969 nocumentum
665 2938 914 2980 culpabilitatem
938 2939 1047 2980 recipit
1071 2940 1109 2970 ab
1133 2946 1223 2976 actu,
1250 2947 1280 2971 et
1303 2950 1369 2970 non

302 2992 317 3012 e
342 2989 460 3013 contra.

349 3026 477 3063 Quinto.
503 3026 638 3057 Furtum
663 3037 718 3068 per
741 3038 773 3058 se
790 3034 820 3058 et
836 3038 872 3058 ex
888 3028 1063 3059 intentione
1079 3035 1127 3059 est
1146 3029 1177 3059 in
1195 3038 1369 3059 nocumen-

303 3077 370 3100 tum
395 3071 540 3110 proximi.
572 3070 752 3102 Fornicatio
778 3082 842 3102 non
867 3080 913 3103 est
941 3083 997 3113 per
1021 3083 1053 3104 se
1078 3080 1109 3104 et
1132 3083 1169 3104 ex
1191 3073 1369 3104 intentione

303 3122 411 3146 contra
435 3115 531 3146 vitam
555 3115 703 3147 hominis.
729 3116 824 3156 Ergo,
849 3124 906 3148 etc.

358 3159 464 3190 Sexto.
490 3160 622 3190 Furtum
650 3160 793 3191 nominat
808 3161 929 3192 actuale
950 3162 1105 3193 damnum
1130 3162 1277 3203 proximi,
1295 3172 1369 3194 cum

304 3212 368 3243 quo
393 3213 458 3233 non
481 3211 541 3235 stat
558 3204 674 3235 utilitas
691 3205 836 3245 proximi.
863 3206 1043 3237 Fornicatio
1067 3217 1134 3238 non
1151 3206 1225 3238 dicit
1248 3207 1369 3238 actuale

304 3246 455 3277 damnum
480 3249 592 3288 prolis:
619 3259 693 3280 cum
716 3259 780 3290 qua
803 3257 863 3281 stat
888 3250 1018 3287 utilitas,
1043 3251 1161 3283 scilicet
1183 3251 1315 3283 nutritio
1339 3258 1370 3283 et

305 3290 448 3321 educatio
473 3292 569 3332 prolis
593 3293 696 3325 debita
719 3294 920 3326 conveniens.
946 3295 1040 3336 Ergo,
1065 3303 1122 3327 etc.

360 3334 506 3374 Septimo.
539 3337 673 3368 Furtum
697 3338 775 3368 nihil
799 3339 925 3379 penitus
955 3339 1088 3371 includit
1118 3340 1261 3371 utilitatis
1290 3340 1370 3372 circa

306 3378 496 3417 proximum.
523 3380 661 3421 Simplex
685 3381 869 3419 fornicatio,
901 3384 1026 3425 quoties
1058 3385 1148 3425 ponit
1177 3392 1370 3416 nocumenta

306 3422 444 3452 hominis
469 3425 615 3455 nascituri
635 3426 667 3456 in
684 3427 880 3465 educatione,
907 3429 997 3468 ponit
1012 3429 1135 3460 bonum
1151 3429 1219 3460 eius
1242 3429 1275 3460 in
1292 3439 1368 3462 esse.

307 3466 401 3506 Ergo,
427 3475 484 3498 etc.

365 3509 485 3542 Octavo
497 3511 523 3542 *.
548 3512 726 3544 Fornicatio
750 3514 881 3555 simplex
906 3527 970 3547 non
995 3525 1040 3548 est
1064 3525 1172 3549 contra
1192 3518 1287 3549 vitam
1311 3517 1369 3549 ho-

307 3554 401 3585 minis
426 3556 588 3592 nascituri;
622 3567 678 3588 nec
705 3558 806 3588 aufert
830 3569 884 3599 per
907 3571 939 3591 se
963 3571 999 3591 ex
1023 3561 1199 3593 intentione
1229 3572 1264 3593 ea
1287 3572 1369 3604 quae

1424 1204 1525 1235 tendit
1547 1214 1603 1245 per
1626 1214 1659 1235 se
1683 1205 1803 1246 aliquid
1822 1205 1862 1236 ad
1877 1206 1966 1246 quod
1983 1205 2170 1236 huiusmodi
2184 1206 2302 1238 ablatio
2319 1207 2495 1238 necessario

1424 1256 1583 1290 sequatur.
1608 1249 1693 1290 Ergo
1718 1250 1797 1280 ratio
1821 1249 1969 1281 Auctoris
1993 1260 2059 1280 non
2083 1250 2217 1282 videtur.

1480 1293 1517 1324 11.
1543 1294 1594 1324 Ad
1611 1295 1756 1334 primum
1782 1294 1909 1331 horum,
1935 1301 2068 1335 negatur
2082 1295 2220 1335 sequela.
2246 1294 2390 1326 Gravitas
2405 1306 2496 1327 nam-

1423 1347 1487 1378 que
1511 1339 1613 1369 maior
1643 1339 1762 1379 peccati
1786 1349 1853 1369 non
1881 1339 2053 1370 attenditur
2077 1349 2173 1380 penes
2204 1340 2440 1380 expressionem
2463 1341 2497 1372 in

1424 1383 1595 1423 decalogo:
1626 1390 1661 1414 ut
1684 1390 1770 1423 patet
1793 1393 1830 1414 ex
1854 1393 1892 1414 eo
1916 1384 2005 1424 quod
2030 1384 2178 1415 sodomia
2201 1391 2247 1415 est
2274 1385 2401 1424 gravius
2424 1395 2497 1426 pec-

1425 1434 1531 1458 catum
1555 1437 1654 1468 quam
1678 1428 1813 1464 furtum,
1839 1435 1869 1459 et
1892 1435 1999 1459 tamen
2022 1439 2088 1459 non
2113 1435 2160 1459 est
2182 1438 2327 1470 expressa
2350 1429 2384 1460 in
2407 1430 2497 1462 deee-

1423 1472 1511 1512 logo,
1537 1471 1658 1503 furtum
1683 1479 1790 1503 autem
1815 1480 1861 1503 est
1884 1482 2077 1513 expressum.

1480 1517 1530 1546 Ad
1553 1517 1741 1555 secundum,
1768 1523 1899 1557 negatur
1922 1518 2061 1548 secunda
2077 1527 2150 1558 pars
2164 1518 2389 1550 antecedentis.
2406 1518 2497 1557 Quo-

1425 1560 1512 1598 niam
1535 1561 1591 1602 qui
1616 1561 1799 1598 fornicatur,
1823 1561 1906 1592 sicut
1927 1568 2048 1593 certum
2074 1569 2104 1592 et
2119 1562 2364 1594 determinatum
2388 1573 2498 1595 semen

1425 1605 1549 1642 emittit,
1565 1605 1608 1636 ita
1625 1613 1726 1637 certae
1743 1613 1774 1637 et
1789 1606 2014 1637 determinatae
2034 1606 2117 1647 proli
2133 1606 2311 1638 iniuriatur.
2327 1625 2349 1631 -
2365 1608 2406 1639 Et
2422 1617 2498 1640 cum

1426 1657 1535 1680 contra
1558 1650 1620 1681 hoc
1643 1650 1785 1690 arguitur
1804 1650 1889 1691 quia,
1914 1651 1940 1681 si
1955 1651 2122 1682 injuriatur
2146 1651 2238 1692 proli,
2254 1652 2303 1683 vel
2319 1652 2396 1693 quia
2422 1660 2496 1684 etc.:

1425 1695 1636 1734 respondetur
1659 1695 1749 1736 quod
1765 1695 1855 1726 nullo
1871 1695 2003 1726 illorum
2019 1696 2204 1732 modorum,
2225 1697 2280 1726 sed
2296 1704 2410 1737 quarto
2427 1707 2494 1728 mo-

1426 1739 1479 1775 do,
1503 1738 1621 1771 scilicet
1642 1739 1718 1780 quia
1742 1746 1788 1770 est
1811 1745 1899 1770 actus
1922 1750 2075 1771 venereus
2097 1740 2238 1781 privatus
2254 1741 2362 1772 debito
2386 1741 2498 1773 ordine

1425 1782 1464 1812 ad
1481 1783 1606 1814 bonum
1629 1783 1737 1823 prolis.
1764 1783 1852 1814 Talis
1869 1791 1977 1815 autem
1996 1791 2085 1816 actus
2100 1792 2147 1815 est
2162 1792 2250 1816 actus
2266 1785 2496 1824 fornicationis,

1425 1833 1455 1858 et
1480 1837 1545 1857 non
1568 1834 1615 1858 est
1638 1834 1727 1858 actus
1746 1827 1918 1859 iniustitiae
1933 1828 2100 1860 distinctus
2124 1830 2162 1860 ab
2179 1836 2250 1860 actu
2267 1829 2496 1868 fornicationis,

1426 1878 1461 1901 ut
1485 1877 1580 1911 patet.

1480 1915 1531 1945 Ad
1555 1916 1685 1946 tertium
1710 1915 1825 1946 dicitur
1848 1916 1937 1956 quod
1962 1916 2064 1947 maior
2088 1927 2154 1947 non
2178 1925 2226 1948 est
2248 1928 2336 1954 vera,
2359 1918 2420 1949 nisi
2444 1919 2498 1950 ad-

1423 1959 1579 1999 iungatur,
1597 1959 1629 2000 ly
1653 1960 1762 1990 eodem
1786 1959 1890 1998 modo,
1915 1960 1959 1991 ita
1981 1961 2072 2001 quod
2096 1961 2233 1992 dicatur:
2262 1962 2428 2003 Quidquid
2442 1963 2500 1994 dat

1423 2003 1522 2034 alicui
1543 2004 1738 2045 grauitatem
1763 2004 1889 2045 culpae,
1915 2004 1997 2036 illud
2020 2005 2128 2036 eodem
2145 2005 2257 2044 modo,
2281 2015 2339 2038 seu
2363 2006 2423 2039 sub
2444 2016 2499 2039 ea-

1422 2048 1494 2079 dem
1518 2049 1654 2086 ratione,
1671 2050 1703 2079 in
1727 2058 1928 2090 quocumque
1948 2048 2015 2080 alio
2038 2050 2212 2088 invenitur,
2227 2050 2318 2092 quod
2340 2050 2398 2083 dat
2418 2060 2499 2093 gra-

1424 2094 1553 2124 vitatem
1577 2093 1692 2133 eulpae
1715 2093 1773 2124 illi.
1805 2093 1868 2125 Sed
1892 2100 1968 2125 tunc
1992 2094 2100 2124 minor
2121 2101 2169 2126 est
2191 2094 2282 2126 falsa.
2311 2094 2390 2127 Esse
2412 2096 2499 2129 enim

1424 2145 1534 2168 contra
1556 2137 1655 2169 vitam
1678 2137 1818 2169 hominis
1842 2138 1992 2170 nascituri
2016 2146 2052 2170 ut
2075 2146 2136 2170 stat
2158 2139 2218 2170 sub
2242 2139 2430 2172 deordinata
2451 2150 2499 2173 ra-

1423 2183 1520 2219 tione,
1546 2183 1599 2214 dat
1621 2182 1807 2223 gravitatem
1823 2183 1937 2224 culpae
1961 2182 2174 2221 fornicationi,
2199 2191 2230 2216 et
2245 2183 2439 2227 cuicumque
2453 2185 2499 2217 al-

1423 2226 1480 2258 teri
1493 2227 1525 2257 in
1542 2237 1609 2268 quo
1625 2226 1668 2258 sic
1681 2227 1844 2268 reperitur.
1862 2227 1925 2259 Sed
1941 2237 2007 2258 non
2021 2227 2066 2259 sic
2080 2228 2235 2269 reperitur
2250 2229 2283 2260 in
2299 2229 2465 2262 caelibatu.
2476 2247 2498 2255 -

1424 2271 1458 2302 In
1483 2281 1550 2313 quo
1567 2271 1664 2302 etiam
1677 2271 1837 2302 invenitur
1859 2282 1916 2312 per
1939 2273 2100 2304 accidens:
2126 2273 2281 2314 quoniam
2300 2283 2357 2315 per
2380 2283 2414 2305 se
2429 2284 2498 2307 cae-

1422 2315 1538 2347 libatus
1561 2316 1662 2347 tendit
1685 2316 1724 2346 ad
1749 2317 1956 2358 cogitandum
1981 2326 2064 2358 quae
2086 2317 2221 2349 Domini
2241 2323 2319 2350 sunt
2329 2319 2355 2350 ¹⁸¹.

1479 2361 1529 2391 Ad
1552 2366 1704 2401 quartum
1729 2361 1844 2392 dicitur
1867 2361 1956 2402 quod
1980 2361 2162 2399 fornicator,
2187 2369 2223 2393 ut
2241 2362 2297 2399 sic,
2321 2362 2415 2395 infert
2438 2373 2497 2395 no-

1424 2412 1612 2436 cumentum
1636 2405 1718 2446 proli
1742 2405 1936 2446 inquantum
1954 2405 1986 2436 in
2003 2416 2035 2437 se
2059 2413 2121 2437 est:
2146 2413 2177 2438 et
2199 2413 2324 2438 tenetur
2347 2417 2414 2438 non
2430 2417 2498 2439 esse

1423 2460 1528 2487 causa,
1552 2449 1628 2491 quia
1644 2457 1768 2482 tenetur
1784 2451 1823 2481 ad
1839 2460 1905 2481 non
1921 2451 2132 2482 exercendum
2148 2458 2256 2482 actum
2272 2451 2496 2484 deordinatutn

1423 2494 1476 2525 tali
1500 2494 1686 2536 privatione.
1700 2513 1719 2517 -
1736 2494 1917 2536 Responsio
1932 2501 2039 2526 autern
2055 2505 2138 2537 quae
2153 2495 2196 2526 ibi
2217 2495 2374 2533 recitatur,
2391 2503 2498 2536 potest

1422 2539 1529 2571 reduci
1554 2539 1593 2569 ad
1610 2539 1734 2570 bonum
1751 2549 1880 2570 sensum
1897 2549 1983 2571 nunc
1999 2539 2132 2575 dictum.
2153 2546 2184 2571 et
2199 2539 2400 2581 impugnatio
2417 2540 2497 2572 nihil

1422 2584 1514 2615 valet.
1540 2584 1779 2615 Advertendum
1804 2594 1943 2625 namque
1963 2591 2010 2615 est
2025 2584 2115 2625 quod
2131 2585 2256 2616 bonurn
2279 2591 2310 2616 et
2325 2585 2410 2616 mala
2431 2591 2498 2617 tam

1423 2636 1554 2660 naturae
1578 2638 1678 2670 quam
1700 2628 1863 2669 fortunae,
1898 2639 1965 2660 nou
1990 2629 2110 2660 faciunt
2133 2628 2341 2661 differentiam
2366 2637 2498 2662 actuum

1423 2681 1454 2705 et
1476 2673 1646 2704 habituum
1669 2673 1851 2710 moralium,
1877 2673 1936 2704 nisi
1956 2673 2249 2715 praeinteffigantur
2264 2674 2386 2715 ingredi
2409 2675 2495 2706 ordi-

1423 2728 1498 2749 nem
1522 2718 1705 2748 moralium.
1736 2717 1826 2749 Ordo
1851 2725 1959 2749 autem
1983 2718 2157 2754 moralium
2184 2729 2222 2750 ex
2247 2718 2434 2751 habitudine
2457 2719 2497 2751 ad

1423 2762 1579 2794 rationem
1599 2762 1761 2793 statuitur:
1787 2762 1830 2794 ita
1845 2763 1936 2804 quod
1957 2762 2143 2794 huiusmodi
2166 2763 2291 2795 bonum
2307 2764 2357 2794 vel
2374 2763 2497 2795 malum

1423 2814 1519 2848 prout
1543 2806 1708 2838 conforme
1733 2806 1858 2844 rationi,
1882 2807 2032 2839 rectificat
2047 2814 2154 2839 actum
2178 2807 2337 2849 appetitus
2360 2815 2427 2839 tam
2443 2808 2496 2839 eli-

1423 2852 1522 2883 citum
1546 2862 1645 2893 quam
1668 2851 1874 2892 imperatum;
1899 2859 1935 2883 ut
1958 2851 2104 2883 difforme
2128 2858 2246 2889 autem,
2263 2852 2367 2884 reddit
2388 2852 2497 2893 ipsum

1423 2897 1556 2927 malum.
1582 2897 1704 2927 Malum
1728 2906 1804 2936 ergo
1827 2896 1987 2928 humanae
2010 2897 2093 2928 vitae
2115 2903 2222 2937 potest
2244 2906 2310 2928 esse
2334 2897 2496 2928 obiectum

1424 2949 1454 2972 et
1477 2941 1655 2978 conforme,
1672 2949 1703 2972 et
1719 2940 1865 2972 difforme
1888 2941 2013 2982 rationi.
2037 2941 2078 2972 Et
2092 2941 2166 2972 ideo
2189 2942 2368 2972 secundum
2389 2951 2422 2972 se
2438 2951 2496 2974 nec

1422 2987 1547 3017 bonum
1571 2996 1628 3017 nec
1644 2985 1767 3016 malum
1783 2985 1885 3016 reddit
1902 2992 2020 3017 actum.
2044 2986 2129 3016 Nam
2151 2985 2177 3016 si
2194 2986 2317 3017 malum
2335 2986 2495 3019 humanae

1422 3030 1504 3062 vitae
1528 3037 1672 3061 sumatur
1696 3037 1731 3061 ut
1755 3029 1920 3061 conforme
1944 3037 2045 3062 rectae
2069 3029 2201 3068 rationi,
2230 3037 2308 3071 puta
2332 3038 2367 3062 ut
2390 3040 2495 3071 poena

1423 3074 1526 3106 debita
1550 3076 1588 3106 ab
1613 3084 1651 3105 eo
1668 3074 1724 3115 qui
1740 3081 1846 3115 potest
1867 3074 1964 3106 talem
1982 3084 2122 3115 poenam
2144 3074 2322 3116 infringere,
2339 3074 2383 3106 sic
2407 3082 2496 3107 actus

1422 3126 1532 3150 contra
1555 3119 1679 3150 bonurn
1703 3119 1862 3150 humanae
1879 3119 1960 3150 vitae
1976 3125 2022 3150 est
2045 3119 2167 3150 bonus:
2192 3125 2228 3150 ut
2251 3126 2336 3160 patet
2355 3129 2430 3150 curn
2446 3119 2495 3151 iu-

1422 3164 1482 3194 dex
1505 3163 1651 3194 interficit
1673 3164 1841 3195 latronem.
1872 3163 1904 3195 Si
1935 3172 2011 3194 vero
2036 3163 2254 3195 consideratur
2283 3171 2318 3195 ut
2349 3163 2495 3196 difforme

1421 3208 1547 3244 rationi,
1572 3215 1649 3249 puta
1673 3215 1709 3239 ut
1731 3208 1856 3239 illatum
1878 3208 1998 3248 absque
2021 3207 2200 3239 rationabili
2224 3218 2335 3245 causa,
2359 3209 2494 3241 auctori-

1421 3260 1494 3290 tate,
1519 3260 1588 3290 etc„
1613 3252 1656 3283 sic
1674 3252 1777 3284 reddit
1792 3259 1900 3284 actum
1915 3251 2047 3284 malum.
2072 3251 2114 3283 Et
2137 3252 2212 3294 quia
2231 3253 2319 3284 bono
2335 3252 2495 3285 humanae

1422 3297 1503 3328 vitae
1528 3304 1564 3328 ut
1586 3297 1748 3328 obiectum
1771 3303 1818 3328 est
1841 3303 1929 3328 actus
1951 3296 2092 3333 venerei,
2118 3297 2250 3328 debetur
2272 3297 2361 3339 quod
2385 3297 2424 3329 sit
2446 3297 2495 3329 in-

1423 3349 1547 3373 tentum
1571 3342 1610 3372 ab
1631 3351 1670 3372 eo
1686 3341 1863 3372 secundum
1888 3349 1936 3377 se;
1965 3350 2164 3382 consequens
2181 3348 2227 3372 est
2250 3342 2338 3383 quod
2363 3351 2494 3373 omnem

1422 3393 1530 3417 actum
1553 3395 1725 3416 venereum
1748 3385 1935 3416 destitutum
1962 3395 1981 3416 a
2005 3385 2058 3416 tali
2082 3386 2194 3417 ordine
2224 3386 2325 3417 reddit
2354 3387 2493 3423 malum,

1423 3440 1458 3461 ac
1482 3440 1537 3470 per
1560 3429 1632 3466 hoc,
1657 3429 1759 3460 reddit
1782 3436 1888 3460 actum
1913 3428 2141 3461 fornicationis.

1480 3475 1530 3505 Ad
1553 3475 1710 3515 quintum,
1737 3481 1867 3514 negatur
1890 3474 2029 3505 secunda
2052 3485 2123 3515 pars
2148 3475 2370 3506 antecedentis.
2402 3475 2494 3513 Quo·

1423 3518 1509 3549 niam
1533 3517 1700 3549 fornicatio
1723 3527 1780 3559 per
1795 3528 1837 3554 se,
1854 3526 1884 3550 et
1899 3528 1936 3549 ex
1951 3518 2128 3550 intentione
2151 3519 2266 3560 operis,
2287 3519 2422 3551 intendit
2435 3529 2492 3550 no-

1423 3569 1611 3594 cumentum
1635 3561 1733 3603 prolis
1757 3559 1922 3605 (quamvis
1947 3573 2012 3594 non
2037 3573 2074 3594 ex
2097 3563 2273 3595 intentione
2297 3561 2491 3604 operantis):

307 3598 346 3629 ad
370 3601 616 3631 conservandam
641 3610 669 3631 ct
694 3601 921 3633 meliorandam
946 3605 1039 3635 *sitam
1064 3614 1220 3646 spectant;
1247 3617 1303 3637 nec
1323 3606 1368 3637 in·
1395 3621 1398 3644 l
1422 3607 1497 3648 quia
1528 3616 1574 3638 est
1596 3613 1684 3638 actus
1709 3606 1876 3638 destitutus
1901 3607 2008 3638 debito
2033 3607 2144 3639 ordine
2172 3609 2212 3639 ad
2234 3609 2358 3639 bonum
2382 3606 2491 3648 prolis.

2522 790 2532 800 ⁸
2546 788 2612 810 Vere.
2628 794 2659 816 ¹7-

2525 2321 2536 2331 ·
2545 2319 2555 2342 t
2564 2319 2600 2343 aa
2610 2318 2676 2348 em,
2686 2325 2737 2348 ap.

2525 2353 2566 2374 vn,
2581 2352 2641 2370 vce.
2653 2351 2690 2376 54-
