2768 4198
947 299 1214 345 QUAESTIO
1244 299 1436 346 CLXXX,
1466 299 1763 336 ARTICULUS
1794 299 1844 335 lV

1400 377 1403 392 Ι

2410 311 2486 348 427

305 379 351 416 de
369 378 510 415 Anima
528 377 560 424 ²⁸,
589 377 716 414 omnis
736 377 906 426 operatio
926 376 1136 413 intellectus
1160 378 1372 415 considera·
1429 377 1482 414 rei
1512 378 1727 415 excedentis
1759 385 1935 414 ‘nostram
1965 378 2194 415 facultatem.
2232 378 2343 416 Unde
2376 380 2494 416 admi-

306 432 355 468 tio
380 431 536 469 dicatur.
566 452 591 460 -
620 430 698 467 Sed
717 430 977 478 contemplatio
1001 430 1162 479 pertinet
1181 432 1228 468 ad
1248 430 1373 480 ipsum
1429 432 1525 468 ratio
1555 439 1611 468 est
1638 439 1743 468 actus
1773 443 2012 480 consequens
2041 432 2400 480 contemplationem
2434 445 2494 469 su·
2529 455 2531 458 .

306 485 521 533 simplicem
550 484 727 521 intuitum
755 483 936 521 veritatis.
1401 516 1402 533 2
1430 484 1554 522 blimis
1573 485 1750 522 veritatis
1780 485 1934 522 Dictum
1955 493 2010 522 est
2032 485 2133 523 enim
2153 484 2173 507 '¹‘
2201 486 2306 535 quod
2327 494 2494 522 contem-
2526 490 2599 511 ’Af‘-
2615 495 2630 510 ¹·

67 539 142 588 imm*
161 538 209 566 ‘⁷⁵²’
228 544 279 567 ⁶⁸¹³·
359 538 472 576 Unde
490 538 594 575 idem
613 537 826 574 Richardus
846 536 933 573 dicit
950 536 971 558 ‘¹‘
990 537 1095 584 quod
1114 538 1374 586 contemplatio
1401 550 1403 588 j
1429 538 1544 586 platio
1573 538 1611 575 in
1640 538 1778 575 affectu
1807 539 2041 576 terminatur.

306 597 360 628 est
379 591 588 639 perspicax
614 596 650 626 et
676 590 770 626 liber
796 590 918 627 animi
943 590 1127 627 contuitus
1147 591 1184 627 in
1204 603 1264 627 res
1286 602 1374 639 per-
1402 606 1403 635 i
1483 593 1542 628 AD
1572 603 1746 634 QUARTUM
1778 604 1963 629 mmmmm
1997 594 2102 640 quod
2135 593 2256 629 homo
2293 592 2342 629 ad
2371 592 2498 640 cogni-

304 644 538 693 spiciendas;
564 643 754 680 meditatio
783 649 909 680 autem
937 649 991 680 est
1017 643 1170 680 intuitus
1197 644 1318 681 animi
1336 644 1373 680 in
1402 639 1403 642 ¹
1402 645 1574 681 tionem
1600 645 1767 682 veritatis
1795 645 1970 694 pertingit
1999 646 2206 695 dupliciter.
2245 645 2332 683 Uno
2363 646 2496 692 modo,

306 697 472 734 veritatis
508 697 746 745 inquisitione
781 703 1006 745 occupatus;
1042 697 1220 746 cogitatio
1249 703 1374 734 autem
1402 684 1404 729 l
1430 710 1499 746 per
1519 710 1563 735 ea
1582 710 1681 746 quae
1710 699 1758 735 ab
1779 698 1851 736 alio
1872 699 2018 748 accipit.
2049 700 2098 736 Et
2117 700 2169 736 sic
2187 699 2357 759 quidem,
2379 711 2498 759 quan-

306 756 362 787 est
387 750 508 787 animi
534 756 720 799 respectus
747 751 799 787 ad
825 751 1086 800 evagationem
1110 762 1268 799 pronuS.
1402 756 1512 787 turn
1541 751 1591 788 ad
1621 764 1665 788 ea
1686 764 1782 800 quae
1811 753 1931 790 homo
1953 765 1974 789 a
2002 754 2088 789 Deo
2116 752 2264 801 accipit,
2285 753 2498 790 necessaria

360 806 421 840 An
440 815 632 841 SECUNDUM
651 815 836 841 mei-:unum
865 804 983 851 quod,
1013 803 1108 840 sicut
1137 803 1225 840 dicit
1252 805 1377 851 glossa
1402 792 1404 841 3
1432 813 1487 841 est
1501 805 1641 841 oratio.-
1668 805 1882 842 secundum
1902 806 1994 842 illud
2013 807 2101 854 Sap.
2121 818 2170 843 vn
2188 806 2228 842 *t
2249 806 2444 852 Invocavi‚
2465 811 2501 842 et
2526 806 2653 833 ‘'⁸¹⁸⁷-

307 857 507 904 Augustini
525 856 545 879 *
573 857 734 903 ibidem,
766 857 996 905 speculantes
1024 857 1113 893 dicit
1129 862 1144 884 Υ
1163 869 1188 894 a
1215 857 1405 905 speculo,
1404 898 1405 908 γ
1429 858 1530 894 venit
1549 858 1586 894 in
1606 870 1667 894 me
1683 859 1834 906 spiritus
1860 860 2076 907 sapientiae.
2107 860 2304 906 Quantum
2333 871 2428 896 vero
2449 859 2497 895 ad

308 921 383 946 non
412 922 437 947 a
464 911 627 959 specula.
657 910 797 947 Videre
825 918 952 947 autem
977 910 1120 958 aliquid
1147 923 1216 959 per
1244 921 1378 969 specu-
1404 909 1405 947 ζ
1432 923 1477 947 ea
1505 923 1604 960 quae
1633 911 1769 960 accipit
1803 912 1851 948 ab
1879 912 2052 959 homine,
2083 913 2319 949 necessarius
2349 921 2404 949 est
2431 924 2499 949 au-

66 380 280 429 §.103323122

68 863 79 874 ⁸
91 861 162 890 Apud
175 861 259 883 Lomb.

76 2599 142 2622 ⁸1.ib.
149 2598 179 2627 V,
183 2604 236 2627 etp.
241 2605 288 2621 nv.

81 3181 92 3192 ⁸
105 3179 142 3202 De
152 3179 220 3202 Grai.
232 3179 293 3202 cou-

81 3206 212 3255 tvelnqlssib.
218 3206 236 3234 1,
242 3212 293 3234 esp

308 964 388 1000 lum
419 971 474 1000 est
492 964 624 1001 videre
645 976 801 1000 causam
830 976 898 1012 per
918 963 1140 1010 effectum,
1133 976 1170 1000 m
1200 976 1277 1011 quo
1299 963 1378 1000 eius

307 1016 516 1054 similitudo
546 1018 698 1054 relucet.
728 1017 839 1055 Unde
867 1017 1070 1066 speculatio
1091 1018 1138 1054 ad
1167 1016 1378 1054 meditatio-

309 1082 399 1107 nem
427 1071 557 1108 reduci
584 1070 747 1108 videtur.

362 1125 421 1160 An
449 1135 610 1162 TERTmM
638 1118 833 1161 menapum*
843 1123 950 1171 quod
978 1122 1180 1159 admiratio
1211 1131 1266 1159 est
1294 1135 1378 1171 spe-

1431 964 1540 1009 ditus,
1561 964 1775 1002 secundum
1805 965 1910 1012 quod
1939 942 2073 1014 accipit
2093 978 2137 1002 ex
2164 979 2262 1003 voce
2291 966 2498 1014 loquentis;

1433 1024 1469 1053 et
1497 1017 1615 1063 lectio,
1637 1018 1848 1055 secundum
1868 1019 1974 1067 quod
2003 1019 2138 1068 accipit
2158 1032 2203 1056 ex
2223 1032 2268 1056 eo
2299 1020 2403 1068 quod
2431 1031 2499 1068 per

1433 1070 1658 1118 scripturam
1688 1078 1744 1107 est
1771 1071 1960 1108 traditum.
1991 1093 2014 1099 -
2043 1073 2129 1109 Alio
2159 1074 2297 1116 modo,
2327 1085 2499 1109 necessa-

1404 1161 1406 1167 ,
1433 1123 1531 1159 rium
1562 1130 1616 1160 est
1645 1124 1749 1170 quod
1783 1123 1962 1161 adhibeat
1998 1126 2195 1174 proprium
2234 1117 2412 1163 studium.
2452 1127 2500 1162 Et

310 1176 385 1213 cies
413 1177 560 1214 timoris
589 1189 828 1226 consequens
857 1175 1202 1225 apprehensionem
1223 1175 1379 1212 alicuius
1405 1219 1407 1221 ,

1433 1176 1486 1212 sic
1515 1176 1715 1225 requiritur
1742 1177 1944 1214 meditatio.

359 1293 388 1326 γ)
406 1291 492 1324 ςιιοιίι
504 1292 602 1317 sieut...
620 1291 726 1317 dicta-
743 1291 815 1324 quod
833 1297 878 1324 spe
895 1291 991 1316 sicut...
1011 1290 1077 1315 dicit
1102 1290 1286 1322 BEFLpACK.
1305 1290 1377 1322 quod
1395 1291 1541 1322 speculatio
1560 1294 1590 1315 ut
1610 1291 1700 1324 gIossa
1720 1293 1866 1325 Augustini
1884 1293 1950 1318 dicit
1969 1293 2066 1318 ibidem
2087 1294 2187 1319 dicitur
2206 1296 2243 1320 Pa
2263 1300 2289 1320 et
2306 1295 2360 1320 fere
2378 1296 2421 1321 Dl.

991 1369 1326 1401 Commentariis
1348 1368 1601 1401 Cat-dinatus
1624 1370 1826 1402 Caietani

314 1461 362 1524 Iu
389 1451 523 1482 articulo
553 1451 645 1482 tertio
675 1450 818 1480 eiusdem
847 1448 1059 1490 quaestionis,
1088 1448 1200 1488 collige
1233 1448 1377 1479 distincte
1434 1449 1542 1489 ceptis,
1567 1456 1597 1480 et
1621 1450 1926 1490 contemplationem
1948 1451 2062 1491 ipsam.
2086 1452 2127 1483 Et
2151 1453 2194 1483 sic
2214 1453 2317 1484 divide
2341 1464 2376 1484 ac
2400 1454 2501 1485 distri-

342 1505 460 1526 novem
483 1496 523 1525 ad
545 1495 644 1526 vitam
668 1493 949 1534 contemplativam
972 1492 1170 1533 pertinentia,
1194 1502 1276 1533 quae
1299 1493 1376 1524 reci-

311 1546 418 1571 tantur
440 1540 473 1570 in
496 1539 614 1575 littera;
639 1545 670 1570 et
692 1538 837 1569 distincte
859 1537 984 1578 applica
1007 1537 1047 1568 ad
1062 1537 1120 1568 tria
1142 1538 1285 1567 membra
1306 1547 1378 1577 pro-

310 1594 436 1625 gressus
458 1583 490 1614 in
508 1582 799 1634 contemplatione‘
791 1592 825 1613 in
845 1592 979 1622 corpore
995 1581 1117 1612 articuli
1130 1581 1244 1632 posita,
1261 1581 1379 1612 scilicet
1435 1582 1621 1613 ductionem
1632 1583 1664 1602 *·
1657 1583 1911 1624 ,contemplatio
1929 1585 2070 1622 demum,
2085 1595 2158 1616 curn
2176 1586 2388 1627 subsequente
2404 1587 2503 1617 admi-

311 1627 529 1669 acceptionem
553 1626 800 1668 principiorum,
825 1626 1051 1657 deductionem
1079 1636 1116 1656 ex
1143 1625 1306 1667 principiis
1329 1636 1378 1657 ac-

1434 1494 1497 1523 bue
1520 1500 1556 1524 ut
1578 1494 1710 1531 auditio,
1728 1495 1821 1525 lectio
1839 1502 1869 1526 et
1885 1495 1986 1526 oratio
2011 1496 2050 1526 ad
2074 1497 2291 1548 acceptionem
2315 1499 2501 1549 spectent*;
2531 1499 2592 1521 Cf·
2609 1499 2710 1526 remae
2725 1506 2741 1526 4

1435 1537 1599 1569 meditatio
1622 1548 1708 1575 vero,
1727 1539 1912 1580 speculatio,
1930 1540 2139 1571 consideratio
2163 1548 2194 1572 et
2217 1542 2366 1582 cogitatio
2386 1543 2426 1573 ad
2449 1543 2502 1573 de·
2531 1582 2587 1604 Cf
2606 1588 2658 1610 resp
2681 1583 2732 1604 ad!

1404 1649 1406 1659 ι
1435 1627 1566 1663 ratione,
1591 1627 1631 1657 ad
1654 1627 1757 1668 ipsam
1781 1629 2092 1660 consummationem
2117 1631 2436 1671 contemplationis&
2530 1615 2589 1658 2(Σῐ-
2604 1642 2664 1663 resp-
2679 1635 2708 1657 ad
2721 1642 2740 1664 ³·

1094 1765 1415 1812 ARTICULUS
1447 1766 1722 1818 QUARTUS

541 1858 697 1890 UTRUM
722 1858 826 1889 VlTA
849 1857 1227 1889 CONTEMPLATIVA
1250 1858 1399 1890 SOLUM
1423 1859 1668 1891 CONSISTAT
1694 1860 1736 1890 1N
1762 1860 2167 1893 CONTEMPLATIONE
2191 1863 2274 1900 DEI,

761 1903 820 1933 AN
844 1902 982 1933 ΕΤΙΑΜ
1006 1902 1050 1933 ΙΝ
1073 1902 1456 1934 CONSIDERATIONE
1482 1903 1799 1942 CUIUSCUMQUE
1825 1905 2056 1937 VERITATIS

1054 1982 1084 2006 111
1105 1982 1187 2010 Sent..
1207 1982 1265 2007 dist.
1285 1990 1357 2013 xxxV,
1377 1990 1421 2015 qu.
1440 1990 1458 2014 1,
1477 1988 1523 2008 art.
1544 1990 1568 2013 2.
1589 1984 1638 2016 qu⁸
1661 1984 1688 2009 3.

401 2076 439 2103 ν,
455 2080 503 2120 „v
525 2073 549 2098 o
568 2072 742 2104 QUARTUM
762 2073 815 2098 sm
835 2073 1075 2099 PRocnnin.
1096 2061 1257 2099 Videtur
1275 2063 1379 2111 quod
1406 2068 1408 2102 l
1433 2064 1574 2100 scilicet
1601 2064 1752 2100 animus
1790 2064 1948 2101 intendit
1977 2064 2243 2112 invisibilibus,
2273 2078 2371 2114 quae
2410 2067 2503 2104 ima-

358 2093 401 2141 ’Ψ
446 2089 501 2172 {²3
525 2115 604 2152 vita
624 2115 923 2163 contemplativa
948 2127 1027 2151 non
1047 2116 1171 2152 solum
1202 2117 1408 2153 consistat.

335 2170 370 2207 V
373 2180 461 2246 33
466 2150 500 2236 ἰ
526 2168 564 2205 in
582 2168 904 2227 contemplatione
919 2168 1003 2215 Dei,
1021 2169 1088 2205 sed
1104 2169 1218 2206 etiam
1233 2169 1271 2205 in
1291 2182 1381 2206 con-

373 2193 415 2245 ι
427 2256 433 2260 ⁴
424 2217 470 2246 ’β

280 2298 287 2310 ‚
315 2275 411 2312 citur
443 2274 546 2312 enim
579 2275 619 2312 in
655 2275 810 2312 Psalmo
836 2274 876 2312 *z
913 2275 1113 2312 ,Mirabilia
1151 2287 1267 2324 opera
1296 2282 1382 2313 tua.-

313 2334 351 2366 et
375 2327 505 2366 anima
533 2340 619 2365 mea
647 2334 848 2378 cognoscet
874 2329 996 2366 nimis.
1027 2329 1105 2366 Sed
1134 2329 1298 2377 cognitio
1328 2329 1382 2366 di-

314 2381 495 2420 vinorum
528 2394 692 2430 operum
720 2382 764 2419 fit
790 2393 860 2430 per
897 2382 1063 2430 aliquam
1092 2382 1260 2420 veritatis
1293 2395 1383 2420 con-

314 2487 576 2538 templativam
605 2488 791 2538 pertineat
827 2501 906 2526 non
934 2490 1060 2526 solum
1090 2489 1259 2526 divinam
1287 2490 1385 2527 veri-

313 2549 454 2588 tatem,
483 2541 552 2579 sed
588 2541 702 2580 etiam
736 2542 944 2591 quamlibet
978 2542 1091 2580 aliam
1121 2544 1381 2592 contemplari.

372 2607 406 2632 2.
427 2595 662 2642 Pluinma,
681 2595 912 2643 Bernardus,
933 2596 970 2632 in
990 2596 1087 2633 libro
1112 2597 1159 2633 de
1182 2597 1331 2634 Consid.
1351 2596 1383 2644 ²¹²,

317 2648 405 2686 dicit
424 2648 530 2696 quod
544 2649 674 2696 prima
702 2649 965 2697 contemplatio
994 2655 1048 2686 est
1073 2649 1274 2687 admiratio
1303 2662 1384 2687 ma-

316 2702 473 2746 iestatis,·
499 2702 663 2739 secunda
682 2707 737 2738 est
754 2702 978 2739 iudiciorum
997 2703 1090 2746 Dei;
1117 2703 1225 2739 tertia
1253 2709 1308 2740 est
1324 2705 1384 2740 be-

316 2756 538 2802 neficiorum
573 2755 709 2803 ipsius;
741 2761 877 2803 quarta
905 2761 958 2792 est
979 2756 1270 2803 promissorum.
1308 2757 1383 2794 Sed
1411 2751 1412 2790 ἶ

315 2808 412 2846 inter
439 2809 535 2845 haec
555 2816 720 2858 quatuor
738 2809 863 2845 solum
884 2808 1051 2857 primurn
1060 2809 1232 2857 pertinet
1260 2809 1309 2847 ad
1330 2809 1383 2847 di-

316 2862 447 2899 vinam
475 2861 696 2905 veritatem,
727 2862 798 2898 alia
821 2873 915 2898 vero
945 2862 1013 2898 tria
1041 2862 1230 2911 pertinent
1255 2863 1303 2900 ad
1333 2864 1384 2900 ef—

317 2915 435 2952 fectus
463 2915 591 2964 ipsius.
622 2916 724 2963 Ergo
743 2915 822 2952 vita
842 2915 1138 2964 contemplativa
1157 2928 1236 2952 non
1259 2917 1384 2954 solum

319 2968 487 3005 consistit
514 2969 552 3005 in
582 2968 886 3005 consideratione
923 2968 1074 3005 divinae
1101 2969 1287 3017 veritatis,
1317 2970 1385 3007 sed

319 3021 432 3058 etiam
458 3022 496 3058 in
525 3022 827 3059 consideratione
847 3021 1014 3059 veritatis
1039 3022 1136 3058 circa
1165 3023 1314 3064 divinos
1335 3024 1386 3060 ef-

318 3074 450 3111 fectus.

375 3128 409 3163 3.
429 3128 664 3176 PRAETEREA,
682 3127 894 3165 Richardus
915 3128 962 3165 de
982 3129 1122 3165 Sancto
1138 3128 1291 3166 Victore
1310 3129 1413 3166 dis-1

320 3179 452 3226 tinguit
469 3179 490 3201 *³
517 3193 582 3218 sex
615 3181 761 3230 species
795 3181 1184 3230 contemplationum.
1221 3194 1384 3230 quarum

321 3231 444 3280 prima
471 3241 527 3270 est
553 3235 757 3271 secundum
784 3235 905 3272 solam
934 3235 1261 3284 imaginationem,
1292 3236 1384 3272 dum

322 3284 551 3322 attendimus
579 3299 639 3324 res
658 3289 893 3338 corporales;
923 3289 1092 3325 secunda
1111 3296 1238 3325 autem
1269 3296 1325 3325 est
1347 3289 1384 3325 in
1412 3295 1413 3314 ³

322 3338 594 3387 imaginatione
626 3341 831 3378 secundum
865 3342 1071 3387 rationem,
1100 3349 1215 3390 prout
1246 3341 1386 3378 scilicet
1412 3354 1413 3359 ¹

321 3390 555 3428 sensibilium
593 3392 768 3430 ordinem
806 3402 842 3431 et
885 3395 1175 3444 dispositionem
1213 3395 1385 3432 conside-

323 3456 471 3490 ramus;
505 3444 632 3481 tertia
641 3452 696 3482 est
723 3446 761 3482 in
789 3447 935 3485 ratione
960 3449 1164 3485 secundum
1198 3449 1385 3498 imagina-

323 3612 399 3641 tem
431 3611 486 3640 est
514 3604 550 3640 in
580 3604 726 3640 ratione
759 3606 964 3643 secundum
999 3609 1196 3655 rationem,
1230 3609 1384 3658 quando

507 2221 755 2258 sideratione
794 2221 1072 2270 cuiuscumque
1099 2222 1279 2259 veritatis.
1315 2223 1380 2259 Di-
1407 2218 1409 2227 ²

1407 2117 1576 2165 ginatio
1604 2129 1683 2154 non
1703 2118 1831 2163 novit;
1862 2118 1992 2166 quinta
2012 2126 2139 2155 autern
2168 2126 2223 2155 est
2246 2131 2362 2168 supra
2390 2121 2504 2157 ratio-

1435 2183 1533 2217 nem,
1562 2171 1716 2219 quando
1747 2183 1791 2207 ex
1821 2171 1949 2208 divina
1977 2171 2210 2208 revelatione
2239 2173 2505 2221 cognoscimus

1435 2236 1534 2272 quae
1562 2225 1733 2260 humana
1754 2224 1898 2262 ratione
1919 2225 2193 2274 comprehendi
2213 2238 2291 2262 non
2319 2235 2500 2275 possunt;

1437 2286 1541 2314 sexta
1569 2285 1699 2314 autem
1729 2286 1784 2314 est
1809 2290 1926 2326 supra
1955 2279 2139 2315 rationem
2164 2284 2200 2315 et
2211 2285 2365 2327 praeter
2391 2281 2504 2317 ratio-

1409 2342 1410 2364 1
1437 2343 1535 2376 nem,
1556 2331 1713 2378 quando
1742 2331 1880 2368 scilicet
1908 2344 1953 2368 ex
1982 2331 2112 2369 divina
2139 2331 2414 2370 illuminatione
2443 2347 2504 2371 co-

1410 2423 1411 2436 ,
1437 2383 1658 2432 gnoscimus
1692 2396 1736 2420 ea
1765 2397 1863 2432 quae
1899 2385 2091 2422 humanae
2125 2385 2258 2422 rationi
2294 2399 2504 2435 repugnare

308 2434 617 2484 'templationem.
647 2436 750 2483 Ergo
770 2435 922 2472 videtur
940 2436 1047 2484 quod
1076 2436 1125 2473 ad
1143 2436 1263 2474 vitam
1294 2449 1383 2473 con·
1410 2437 1411 2472 ἒ
1437 2437 1635 2484 videntur,
1672 2437 1767 2474 sicut
1807 2450 1851 2475 ea
1889 2450 1989 2488 quae
2027 2438 2202 2475 dicuntur
2240 2439 2287 2475 de
2324 2441 2504 2488 mysterio

1410 2503 1412 2526 1
1438 2491 1643 2528 Trinitatis.
1684 2491 1761 2528 Sed
1790 2492 1914 2528 solum
1951 2492 2127 2528 ultimum
2155 2492 2306 2529 videtur
2334 2493 2381 2530 ad
2411 2494 2504 2531 divi-

1410 2580 1412 2585 ,
1439 2557 1528 2582 nam
1553 2545 1753 2581 veritatem
1782 2545 1982 2593 pertinere.
2012 2546 2115 2592 Ergo
2136 2546 2405 2594 contemplatio
2426 2560 2505 2584 non

1439 2599 1564 2635 solum
1590 2598 1739 2646 respicit
1759 2598 1928 2635 divinam
1954 2598 2166 2645 veritatem,
2187 2600 2255 2636 sed
2284 2599 2397 2636 etiam
2418 2613 2503 2637 eam

1411 2675 1412 2696 3
1440 2663 1538 2700 quae
1566 2651 1604 2687 in
1635 2651 1813 2688 creaturis
1841 2651 2112 2688 consideratur.

1491 2717 1529 2751 4.
1552 2705 1784 2751 PRAETEREA,
1815 2705 1854 2741 in
1882 2705 1958 2741 vita
1987 2703 2283 2752 contemplativa
2311 2706 2504 2753 quaeritur

1440 2758 1709 2806 contemplatio
1729 2757 1896 2794 veritatis
1915 2758 2141 2806 inquantum
2162 2763 2218 2792 est
2235 2758 2416 2806 perfectio
2436 2760 2504 2795 ho-

1439 2811 1563 2848 minis.
1595 2811 1672 2847 Sed
1698 2811 1887 2859 quaelibet
1905 2811 2044 2848 veritas
2065 2818 2119 2847 est
2147 2812 2326 2858 perfectio
2346 2812 2502 2849 humani

1439 2864 1659 2901 intellectus.
1699 2865 1801 2912 Ergo
1830 2864 1867 2901 in
1897 2865 2063 2912 qualibet
2092 2865 2410 2913 contemplatione
2438 2879 2502 2902 ve-

1439 2917 1555 2954 ritatis
1585 2917 1754 2954 consistit
1782 2917 1860 2954 vita
1889 2917 2196 2966 contemplativa.

1494 2971 1569 3007 SED
1598 2982 1744 3007 CONTRA
1778 2982 1844 3007 EST
1876 2973 1979 3020 quod
2010 2969 2215 3019 Gregorius
2249 2971 2355 3018 dicit,
2385 2971 2423 3007 in
2451 2972 2501 3007 Vl

1439 3023 1583 3060 Moral.
1594 3023 1626 3070 *,
1647 3024 1753 3072 quod
1772 3025 1809 3060 in
1829 3025 2138 3073 contemplatzone
2145 3036 2388 3073 principium
2404 3024 2541 3072 quod·

1440 3078 1544 3114 Deus
1571 3082 1634 3122 est,
1665 3077 1870 3125 quaeritur.
2067 3093 2077 3101 s

1493 3131 1720 3167 RESPONDEO
1748 3142 1932 3167 DICENDUM
1953 3131 2069 3178 quod,
2095 3130 2189 3167 sicut
2216 3129 2292 3166 iam
2312 3130 2332 3151 ’¹‘
2359 3130 2540 3167 dictum·
2554 3135 2638 3157 Art-²-

1439 3190 1507 3230 est,
1529 3183 1577 3219 ad
1595 3183 1715 3220 vitam
1737 3184 2073 3232 contemplativam
2093 3183 2254 3232 pertinet
2273 3182 2414 3231 aliquid
2434 3185 2501 3221 du-

1439 3236 1598 3284 pliciter:
1627 3248 1706 3272 uno
1735 3237 1867 3282 modo,
1896 3236 2164 3285 principaliter;
2194 3235 2265 3272 alio
2294 3236 2426 3284 modo,
2447 3249 2503 3273 se-

1440 3289 1623 3326 cundario
1646 3290 1709 3326 vel
1730 3289 1961 3338 dispositive.
1991 3289 2250 3338 Principaliter
2269 3289 2425 3337 quidem
2454 3290 2502 3327 ad

1438 3343 1558 3379 vitam
1592 3342 1928 3391 contemplativam
1961 3342 2121 3390 pertinet
2149 3342 2420 3391 contemplatio
2450 3342 2504 3379 di-

2601 3031 2623 3052 p.
2651 3031 2742 3055 xxxvu,

2530 3052 2559 3073 al.
2574 3057 2644 3078 xvm,
2659 3051 2681 3073 in
2697 3055 2739 3073 v.et

2530 3084 2611 3100 xxvm.

1412 3408 1413 3422 1
1438 3395 1551 3432 vinae
1578 3395 1766 3432 veritatis:
1796 3395 1885 3443 quia
1904 3395 2122 3432 huiusmodi
2153 3395 2422 3444 contemplatio
2449 3405 2504 3433 est

1412 3458 1413 3482 ἢ
1439 3448 1525 3485 finis
1553 3449 1668 3485 totius
1696 3449 1889 3485 humanae
1913 3448 2024 3486 vitae.
2054 3449 2165 3486 Unde
2185 3449 2418 3496 Augustinus
2447 3450 2500 3486 di-

322 3498 481 3543 tionem,
509 3497 666 3546 quando
695 3497 834 3536 scilicet
860 3510 930 3548 per
956 3501 1232 3550 inspectionem
1262 3514 1386 3539 rerum
1412 3533 1414 3542 2

322 3550 528 3588 visibilium
557 3550 605 3587 ad
632 3550 831 3588 invisibilia
859 3554 1123 3601 sublevamur;
1158 3563 1292 3603 quarta
1320 3568 1384 3592 au·
1412 3544 1414 3567 ἱ

1441 3501 1499 3548 cit,
1529 3501 1568 3538 in
1597 3503 1610 3538 I
1640 3502 1686 3538 de
1717 3503 1753 3538 T
1749 3502 1819 3538 rin.
1840 3501 1871 3549 ²⁸,
1902 3502 2008 3550 quod
2036 3502 2296 3551 contemplatio
2323 3503 2399 3539 Dei
2410 3514 2501 3550 pro·
2529 3508 2671 3536 ’Cap-vur-

1440 3555 1595 3591 mittitur
1628 3555 1733 3592 nobis
1760 3555 1949 3592 actionum
1978 3556 2147 3592 omnium
2164 3556 2275 3604 finis,
2304 3561 2415 3603 atque
2441 3567 2501 3591 ae-

1440 3614 1546 3645 terna
1568 3609 1750 3657 perfectio
1779 3609 2020 3658 gaudiorum.
2061 3609 2171 3656 Quae
2199 3608 2353 3657 quidem
2381 3608 2419 3644 in
2447 3608 2501 3643 fu-
