2768 4198
64 1695 74 1705 ”
86 1694 155 1715 Num.
171 1699 196 1714 11.

64 2050 73 2060 ⁸
86 2048 156 2070 Num.
172 2055 192 2070 v.

67 2406 77 2416 ⁶
91 2405 127 2427 Cf.
142 2410 206 2426 num.
222 2409 256 2426 ιιι.

73 2844 82 2853 ·
96 2842 164 2864 Num.
181 2849 201 2863 v.

290 290 364 335 246

290 412 405 453 plicem
436 411 678 441 fornicationem
709 408 866 439 reductive
896 412 1031 446 spectat;
1063 414 1101 434 eo
1133 403 1222 444 quod
1252 402 1354 431 solam

290 455 531 487 delectationem
554 463 720 485 veneream
736 453 768 482 in
786 449 1062 482 consummatione
1078 448 1149 487 vagi
1166 446 1354 477 concubitus

291 501 451 540 importat.
482 499 613 530 Perinde
643 498 727 528 enim
751 503 812 531 est,
837 494 944 535 quoad
972 494 1051 528 hoc,
1084 501 1119 522 ac
1150 490 1294 521 delectari
1322 489 1354 519 in

291 544 490 584 susceptione
513 543 582 582 vagi
607 541 733 571 seminis
757 539 903 569 humani:
928 537 1016 578 quod
1036 537 1075 566 ad
1092 535 1269 575 simplicem
1285 543 1354 574 spe-

293 596 354 620 ctat
377 587 632 621 fornicationem,
657 584 715 614 nisi
739 583 844 623 aliqua
868 582 927 612 alia
951 580 1092 612 conditio
1117 579 1354 620 superaddatur.

292 632 384 664 Unde
408 642 445 662 ex
467 631 521 661 tali
545 628 714 661 concubitu
738 626 877 666 generari
902 632 1006 666 potest
1030 625 1140 661 homo,
1165 623 1249 654 filius
1271 622 1356 652 illius

292 677 349 706 viri
373 686 390 706 a
414 685 479 716 quo
505 674 645 704 decisum
669 678 715 702 est
738 680 856 701 semen.
881 688 902 693 —
925 670 992 700 Nec
1015 669 1119 699 obstat
1142 668 1167 698 si
1184 667 1230 697 vir
1245 667 1298 697 ille
1318 666 1357 696 sit

292 727 380 761 pater
403 719 485 749 illius
509 717 658 752 mulieris,
683 715 708 746 si
727 715 784 745 ista
800 721 924 745 tantum
942 713 1080 744 hominis
1097 722 1205 743 semen
1225 710 1357 751 petierit,

293 774 358 795 non
383 763 476 803 patris
502 761 639 802 proprii:
673 759 827 799 quoniam
858 769 895 788 ex
924 758 1100 788 intentione
1130 764 1161 787 et
1190 754 1357 796 proposito

293 814 419 849 peccata
443 806 688 846 distinguuntur.

348 850 516 881 Diversitas
546 856 651 879 autem
681 847 752 887 plus
776 857 874 887 quam
897 845 1041 886 generica
1064 845 1144 875 inter
1168 845 1359 874 daemonem

293 903 323 926 et
346 896 436 925 bruta
459 894 490 923 in
515 903 582 923 esse
605 899 735 923 naturae
759 898 814 927 est,
839 901 905 921 non
929 891 961 920 in
979 900 1046 920 esse
1063 889 1175 919 morali
1198 888 1231 918 in
1248 888 1359 918 ordine

293 940 331 972 ad
347 938 552 969 concubitum
569 937 757 967 humanum.
783 935 947 973 Quoniam
963 935 1112 970 daemon,
1129 940 1164 964 ut
1183 940 1359 964 extremum

293 982 479 1014 concubitus
502 981 651 1017 humani,
677 980 836 1011 concurrit
859 986 894 1010 ut
918 979 1020 1010 simile
1044 978 1173 1009 animali
1201 977 1291 1018 quod
1314 986 1360 1007 se-

293 1028 434 1058 cundum
454 1034 600 1056 naturam
617 1031 723 1065 potest
739 1034 806 1055 esse
820 1031 997 1055 extremum
1016 1023 1220 1054 concubitus:
1245 1021 1362 1052 format

293 1073 378 1103 enim
407 1078 437 1101 et
465 1077 574 1101 movet
604 1079 719 1110 corpus
743 1079 871 1099 aereum
894 1069 927 1099 in
951 1067 1193 1098 similitudinem
1217 1065 1361 1096 animalis

293 1116 393 1151 illius,
418 1122 495 1155 puta
525 1114 665 1145 hominis
694 1121 749 1144 aut
776 1113 902 1144 bestiae.
932 1115 979 1143 Ac
1003 1122 1059 1153 per
1081 1112 1159 1148 hoc,
1185 1111 1362 1142 secundum

294 1160 440 1190 affectum
463 1159 557 1190 trahit
580 1165 746 1199 peccatum
771 1158 803 1188 in
828 1157 965 1197 speciem
989 1156 1074 1187 illius
1099 1155 1288 1187 concubitus
1312 1155 1363 1185 cui

295 1204 495 1235 assimilatur.
519 1203 603 1241 Quia
627 1209 743 1239 tamen,
769 1202 945 1233 secundum
961 1201 1124 1232 veritatem
1148 1207 1269 1236 notam,
1294 1199 1364 1230 talis

295 1249 482 1280 concubitus
507 1255 553 1278 est
576 1257 651 1278 cum
674 1253 814 1277 extremo
835 1254 999 1277 extraneae
1015 1245 1130 1286 speciei
1154 1246 1192 1275 ab
1216 1244 1363 1280 homine;

296 1301 326 1324 et
349 1293 508 1324 motivum
531 1292 569 1322 ad
594 1292 655 1322 tale
679 1297 844 1332 peccatum
868 1297 915 1321 est
929 1290 1095 1321 delectatio
1111 1299 1244 1319 venerea
1264 1289 1296 1319 in
1314 1298 1364 1318 ex-

296 1346 397 1369 tremo
422 1337 549 1368 alterius
573 1335 697 1376 speciei,
722 1335 811 1376 quod
835 1334 993 1366 motivum
1010 1343 1183 1365 commune
1207 1340 1254 1364 est
1277 1332 1365 1363 omni

295 1392 445 1413 venereae
468 1380 659 1412 bestialitati:
684 1380 756 1410 ideo
777 1389 814 1410 ex
832 1386 920 1419 parte
935 1387 1023 1410 actus
1042 1378 1129 1409 nulla
1150 1384 1279 1419 apparet
1297 1387 1365 1418 spe-

298 1426 384 1458 cifica
407 1425 580 1456 differentia
601 1424 754 1455 luxuriae.

354 1470 463 1501 Differt
493 1476 599 1500 tamen
623 1468 726 1509 specie
751 1467 939 1498 concubitus
970 1477 1044 1498 cum
1069 1467 1226 1497 daemone
1250 1476 1267 1496 a
1291 1475 1365 1496 con—

299 1515 409 1546 cubitu
433 1524 507 1545 eum
531 1513 639 1549 bestia,
664 1523 701 1543 ex
723 1512 917 1543 admixtione
941 1512 1067 1542 alterius
1090 1511 1167 1547 vitii,
1189 1510 1305 1541 scilicet
1327 1510 1366 1540 ir-

299 1558 527 1599 religiositatis:
553 1567 618 1587 non
643 1557 819 1587 secundum
844 1556 982 1597 speciem
1006 1555 1167 1595 sacrilegii,
1187 1555 1243 1585 sed
1259 1564 1366 1595 super-

300 1603 434 1635 stitionis
457 1603 542 1633 illius
565 1602 604 1632 ad
628 1611 727 1642 quam
750 1607 870 1641 spectat
893 1600 1026 1631 societas
1049 1610 1123 1631 cum
1147 1599 1368 1630 daemonibus.

300 1648 356 1678 Est
379 1647 464 1678 enim
487 1647 519 1676 in
544 1646 598 1677 tali
622 1645 793 1676 concubitu
818 1645 933 1675 directe
956 1645 1090 1675 societas
1110 1654 1184 1675 cum
1201 1644 1367 1674 daemone.

356 1692 438 1722 VIII.
454 1691 506 1721 Ad
521 1696 672 1731 quartum
696 1690 826 1721 dubium
842 1689 859 1708 *
878 1689 991 1719 dicitur
1014 1688 1102 1730 quod
1126 1694 1292 1728 peccatum
1311 1688 1369 1718 ho-

301 1736 396 1767 minis
427 1746 501 1766 cum
525 1735 656 1765 muliere
683 1740 767 1764 extra
789 1743 844 1763 vas
868 1734 1028 1767 naturale.
1053 1732 1156 1772 specie
1181 1731 1302 1762 differre
1324 1732 1369 1761 vi-

302 1781 393 1811 detur
408 1790 426 1810 a
442 1787 571 1820 peccato
595 1779 627 1808 in
651 1779 750 1808 modo
775 1777 1007 1808 concumbendi
1031 1786 1106 1807 cum
1129 1776 1277 1807 muliere:
1303 1785 1369 1806 non

301 1831 430 1865 propter
454 1823 648 1853 obiectiones
673 1822 795 1858 allatam,
821 1828 856 1852 ut
879 1821 998 1862 patebit
1020 1821 1244 1861 respondendo
1269 1820 1309 1850 ad
1333 1820 1370 1850 il-

301 1870 360 1905 las;
378 1868 432 1898 sed
448 1874 576 1908 propter
587 1867 799 1897 diversitatem
815 1866 1021 1896 motivorum.
1039 1865 1202 1902 Quoniam
1219 1864 1258 1894 ad
1274 1874 1370 1894 usum

302 1912 442 1943 mulieris
466 1918 550 1942 extra
573 1921 627 1941 vas
651 1911 792 1941 naturale
816 1917 924 1940 movet
947 1909 1113 1940 delectatio
1138 1908 1234 1949 partis
1251 1908 1369 1938 senin-

301 1956 467 1988 strumenti
490 1955 691 1986 innaturalis:
717 1955 757 1984 ad
780 1964 876 1984 usum
900 1964 975 1984 vero
999 1953 1141 1984 mulieris
1164 1953 1197 1983 in
1220 1963 1293 1983 vase
1318 1963 1371 1983 na—

301 2001 393 2033 turali
417 2000 516 2030 modo
540 1999 698 2035 indebito,
723 2005 832 2029 movet
854 1997 1021 2029 delectatio
1044 1997 1144 2039 ipsius
1168 1997 1257 2027 modi
1281 1997 1370 2028 inna-

301 2045 420 2081 turalis,
445 2051 480 2075 ut
504 2044 591 2084 prius
605 2044 621 2062 *
645 2044 766 2074 dictum
791 2049 847 2074 est.

356 2090 418 2120 Pro
442 2089 544 2129 prima
567 2095 673 2119 tamen
696 2087 884 2124 obiectione,
906 2087 1072 2117 sciendum
1087 2093 1134 2117 est
1148 2086 1239 2127 quod
1254 2086 1372 2116 modus

301 2133 486 2165 innaturalis
511 2133 665 2172 contingit
687 2132 864 2172 dupliciter.
890 2131 964 2163 Uno
988 2132 1102 2168 modo,
1127 2131 1170 2162 ita
1193 2130 1282 2171 quod
1306 2140 1372 2161 non

302 2186 408 2219 potest
431 2178 520 2218 sequi
544 2176 715 2218 generatio.
739 2177 780 2207 Et
802 2182 879 2207 tunc
903 2176 1010 2206 solum
1033 2182 1200 2216 peccatum
1219 2175 1252 2205 in
1272 2175 1371 2205 modo

303 2230 350 2254 est
377 2222 504 2263 proprie
536 2228 702 2262 peccatum
730 2227 839 2251 contra
869 2227 1026 2251 naturam.
1059 2220 1098 2251 Et
1128 2219 1216 2260 quod
1245 2219 1306 2249 hoc
1334 2219 1373 2250 sit

302 2277 430 2302 verum,
455 2272 486 2296 et
510 2266 548 2296 de
570 2265 746 2296 intentione
770 2264 937 2301 Auctoris,
962 2270 1049 2304 patet
1078 2274 1115 2294 ex
1144 2263 1249 2304 primo
1277 2262 1373 2294 huius

304 2310 498 2353 quaestionis
518 2309 660 2346 articulo,
685 2309 739 2340 ubi
764 2309 839 2340 dicit
862 2309 951 2349 quod
967 2308 1122 2348 impedire
1136 2307 1373 2348 generationem

305 2355 403 2397 prolis
435 2354 598 2385 constituit
624 2354 738 2384 vitium
769 2360 877 2384 contra
909 2359 1070 2383 naturam:
1106 2359 1136 2383 et
1160 2361 1196 2382 ex
1219 2361 1257 2382 eo
1285 2353 1374 2392 quod

305 2400 394 2431 aliter
417 2409 483 2429 non
500 2405 546 2428 est
562 2405 681 2434 contra,
699 2398 753 2428 sed
767 2403 889 2437 praeter
912 2403 1059 2428 naturam
1074 2396 1100 2427 *.
1125 2413 1146 2420 -
1170 2396 1244 2426 Alio
1264 2396 1373 2432 modo,

305 2445 348 2476 ita
371 2443 460 2484 quod
483 2449 589 2483 potest
612 2452 649 2473 ex
668 2452 706 2472 eo
728 2441 818 2483 sequi
836 2441 1008 2481 generatio.
1033 2441 1074 2472 Et
1090 2440 1160 2471 talis
1176 2440 1292 2470 modus
1309 2450 1375 2470 non

307 2487 587 2528 comprehenditur
610 2487 668 2517 sub
692 2493 822 2527 peccato
843 2493 951 2516 contra
968 2492 1114 2516 naturam
1130 2484 1190 2515 nisi
1205 2484 1375 2520 reductive,

308 2543 345 2563 eo
371 2532 469 2562 modo
493 2541 559 2572 quo
583 2531 615 2561 id
638 2531 727 2571 quod
751 2537 797 2561 est
828 2537 949 2571 praeter
979 2536 1124 2560 naturam
1155 2529 1315 2560 reducitur
1337 2530 1376 2559 ad

308 2583 416 2608 contra
441 2582 597 2606 naturam.
622 2575 710 2605 Talis
733 2581 839 2605 tamen
857 2575 984 2610 modus,
1008 2574 1081 2605 licet
1103 2574 1249 2604 absolute
1274 2572 1376 2604 defor-

308 2621 450 2652 mitatem
481 2620 643 2660 quandam
672 2619 823 2659 importet
852 2626 981 2659 propter
1009 2628 1167 2649 recessum
1196 2628 1211 2647 a
1244 2617 1377 2648 naturali
1403 2626 1405 2656 ξ

308 2665 424 2701 modo,
454 2674 520 2694 non
547 2671 654 2694 tamen
678 2664 720 2694 ita
744 2664 838 2694 habet
861 2663 1096 2694 deformitatem
1120 2672 1274 2693 annexam
1298 2662 1376 2703 quin

308 2720 344 2741 ex
364 2719 457 2740 causa
480 2708 581 2749 possit
599 2718 666 2739 esse
686 2707 806 2739 licitus:
832 2715 910 2748 puta
925 2707 950 2738 si
968 2707 1136 2748 dispositio
1153 2706 1295 2746 corporis
1311 2716 1377 2737 non

309 2754 445 2795 patiatur
467 2752 556 2783 aliter
578 2752 654 2783 fieri.

364 2798 426 2828 Pro
456 2797 594 2827 secunda
622 2803 730 2827 autem
759 2796 956 2832 obiectione,
981 2795 1045 2826 iam
1074 2802 1179 2836 potest
1206 2802 1312 2836 patere
1342 2805 1379 2825 ex
1405 2801 1406 2806 ¹

310 2842 400 2873 dictis
416 2842 433 2860 *
456 2842 545 2882 quod
569 2841 755 2872 commixtio
771 2841 829 2871 viri
849 2850 924 2871 cum
940 2840 1072 2871 muliere
1096 2846 1205 2871 contra
1222 2846 1377 2875 naturam,

311 2894 341 2918 et
365 2896 439 2917 cum
462 2895 574 2926 puero,
599 2885 801 2925 distinguitur
816 2885 936 2925 specie:
962 2884 1037 2926 quia
1052 2884 1173 2915 motiva
1189 2891 1264 2915 sunt
1280 2884 1379 2914 diver-

311 2941 418 2961 sarum
447 2930 625 2966 rationum,
651 2930 766 2960 scilicet
794 2929 958 2960 delectatio
982 2929 1014 2959 in
1038 2938 1174 2969 persona
1198 2938 1290 2959 sexus
1313 2928 1381 2969 qui-

312 2975 385 3005 dem
416 2974 528 3010 debiti,
553 2975 608 3005 sed
635 2974 812 3004 secundum
836 2981 956 3014 partem
980 2973 1164 3004 indebitam.
1195 2972 1266 3003 Alia
1294 2973 1379 3004 enim

312 3020 432 3050 ratione
456 3025 611 3059 repugnat
634 3018 747 3049 rationi
770 3025 800 3049 et
820 3025 949 3048 naturae
964 3018 1054 3059 quod
1070 3017 1138 3058 ipsa
1155 3027 1289 3058 persona
1306 3027 1380 3048 con-

313 3064 465 3094 cumbens
490 3070 535 3093 est
559 3069 668 3093 contra
687 3069 847 3093 naturam:
874 3069 904 3093 et
920 3062 980 3092 alia
997 3062 1118 3092 ratione
1137 3062 1225 3103 quod
1245 3071 1381 3102 persona

313 3108 380 3148 ipsa
411 3108 626 3138 concumbens
657 3117 722 3137 non
754 3114 800 3137 est
829 3113 937 3137 contra
965 3113 1128 3143 naturam,
1154 3106 1209 3137 sed
1231 3106 1285 3136 illa
1309 3116 1380 3146 pars

315 3152 392 3182 eius.
425 3152 469 3182 lbi
501 3151 586 3182 enim
617 3158 753 3182 extrema
784 3150 988 3187 concubitus,
1014 3161 1095 3192 quae
1120 3157 1193 3182 sunt
1216 3160 1380 3191 personae,

316 3196 555 3236 repugnantiam
577 3196 709 3227 habent:
739 3195 789 3226 hic
813 3202 920 3226 autem
944 3202 1080 3226 extrema
1105 3205 1171 3226 non
1196 3195 1312 3226 habent
1335 3205 1381 3226 re-

959 281 1225 330 QUAESTIO
1257 279 1393 323 CLIV,
1422 279 1720 317 ARTICULUS
1749 279 1799 315 XI

289 367 473 399 bestialitas:
498 377 535 397 ex
558 373 644 407 parte
667 375 742 395 vero
767 362 1001 395 commixtionis
1025 360 1195 395 seminum,
1219 359 1257 388 ad
1282 357 1354 387 sim·
1380 356 1382 360 ⁴

1409 359 1628 398 pugnantiam,
1653 359 1708 388 sed
1727 357 1855 388 aliunde
1872 356 2081 397 repugnantia
2097 356 2209 394 oritur,
2226 354 2343 385 scilicet
2360 363 2396 384 ex
2412 353 2480 383 sola

1408 402 1642 434 instrumentali
1666 409 1763 442 parte.
1789 402 1882 432 Unde
1904 401 1985 432 inter
2001 401 2117 431 modos
2134 406 2272 441 quatuor
2287 398 2355 430 vitii
2372 404 2481 428 contra

1410 453 1556 477 naturam
1573 447 1606 477 in
1621 447 1724 477 littera
1747 452 1941 482 numeratos,
1966 445 2054 476 solus
2078 450 2210 485 quartus
2233 442 2352 483 species
2376 442 2482 472 subal—

1410 498 1499 521 terna
1522 497 1691 521 invenitur.

1468 535 1519 566 IX.
1545 535 1596 564 Ad
1619 536 1763 575 quintum
1787 534 1917 564 dubium
1933 533 1951 553 *
1974 533 2089 564 dicitur
2112 533 2202 574 quod
2225 532 2287 562 tale
2315 537 2482 571 peccatum

1411 580 1470 609 sub
1486 578 1563 609 vitio
1588 585 1698 608 contra
1713 585 1860 608 naturam
1879 587 1935 618 per
1950 578 2087 608 abusum
2103 575 2305 608 instrumenti
2321 574 2482 610 naturalis,

1412 633 1467 653 seu
1480 632 1537 663 per
1546 622 1755 653 omissionem
1765 622 1860 658 illius,
1873 622 2084 653 concluditur.
2098 621 2263 659 Quoniam
2275 620 2484 651 instrumenta

1412 667 1567 698 naturalia
1589 667 1628 696 ad
1651 666 1890 706 generationem
1908 666 2084 696 humanam
2099 672 2174 696 sunt
2189 665 2343 706 duplicia:
2368 663 2486 694 scilicet

1412 712 1480 751 ipsa
1509 712 1652 741 membra
1682 710 1832 750 pudenda
1864 711 1959 740 maris
1990 716 2020 740 et
2048 710 2190 740 mulieris
2213 710 2253 740 ad
2277 708 2484 740 concubitum

1412 756 1576 790 ordinata,
1602 761 1632 785 et
1660 754 1781 784 semina
1804 754 1981 795 utriusque.
2006 756 2053 784 Ac
2077 764 2133 794 per
2155 754 2235 790 hoc,
2261 753 2342 784 sicut
2364 753 2412 782 vir
2439 762 2484 782 se—

1413 800 1539 830 minans
1563 806 1648 830 extra
1669 809 1724 828 vas
1748 798 1890 829 naturale
1914 798 2056 828 mulieris
2079 805 2189 838 peccat
2212 805 2322 828 contra
2339 804 2485 827 naturam

1414 844 1592 875 omittendo
1617 843 1865 873 instrumentum
1889 842 2031 874 naturale
2054 841 2211 878 mulieris;
2236 842 2279 873 ita
2301 841 2417 872 mulier
2440 851 2486 871 se-

1414 889 1539 919 minans
1559 888 1626 918 sine
1649 887 1707 917 viri
1731 886 1942 917 seminatione
1964 893 2074 926 peccat
2097 892 2207 917 contra
2230 893 2376 916 naturam
2392 885 2487 916 omit-

1413 934 1511 964 tendo
1535 931 1714 963 voluntarie
1738 931 1880 962 naturale
1903 930 2152 961 instrumentum
2166 930 2225 960 viri
2248 930 2288 960 ad
2311 929 2486 970 generatio-

1415 988 1498 1009 nem.
1524 977 1609 1015 Quia
1633 976 1718 1006 enim
1743 976 1782 1006 ad
1798 974 2036 1015 generationem
2050 974 2150 1014 magis
2167 981 2362 1005 concurrunt
2375 974 2489 1004 instru-

1416 1029 1523 1053 menta
1546 1021 1653 1057 fluida,
1677 1020 1794 1051 scilicet
1810 1019 1940 1056 semina,
1964 1028 2062 1060 quam
2078 1019 2287 1049 instrumenta
2303 1018 2413 1055 solida,
2430 1018 2488 1048 sci-

1415 1068 1488 1098 licet
1516 1066 1659 1097 membra
1689 1065 1856 1105 pudenda,
1881 1070 1917 1094 ut
1945 1069 2032 1104 patet
2053 1062 2220 1093 manifeste
2243 1072 2281 1093 ex
2303 1068 2391 1102 parte
2413 1062 2488 1099 virI;

1417 1119 1447 1143 et
1471 1111 1608 1141 maxima
1632 1109 1797 1140 delectatio
1821 1118 2032 1139 venereorum
2063 1106 2206 1138 consistit
2233 1106 2266 1137 in
2290 1116 2351 1137 usu
2374 1106 2489 1137 instru-

1418 1162 1602 1187 mentorum
1625 1154 1800 1185 fluidorum
1824 1152 1998 1184 emittendo
2023 1161 2076 1182 ea:
2107 1161 2306 1192 consequens
2329 1157 2376 1181 est
2399 1151 2488 1191 quod

1418 1207 1585 1242 peccatum
1608 1208 1780 1229 venereum
1812 1204 1920 1228 contra
1949 1203 2111 1233 naturam,
2137 1195 2177 1227 ad
2207 1195 2297 1236 quod
2324 1195 2490 1225 delectatio

1415 1255 1551 1276 venerea
1575 1250 1684 1274 contra
1707 1242 1884 1273 naturalem
1908 1241 2054 1273 ordinem
2078 1246 2197 1276 movet,
2222 1250 2288 1270 non
2308 1239 2414 1270 solum
2437 1249 2491 1280 pe-

1408 1300 1475 1322 ,nes
1497 1283 1707 1319 instrumenta
1730 1287 1842 1324 solida,
1867 1287 1922 1317 sed
1943 1294 2043 1327 penes
2064 1285 2276 1315 instrumenta
2294 1283 2392 1314 fluida
2415 1293 2491 1314 con·-

1420 1334 1587 1369 sideretur;
1612 1332 1655 1363 ita
1678 1339 1714 1362 ut
1737 1332 1855 1362 abusus
1878 1330 2080 1361 instrumenti
2103 1329 2169 1360 sive
2192 1329 2286 1359 solidi
2306 1328 2370 1359 sive
2389 1327 2490 1365 fluidi,

1420 1378 1535 1409 tollens
1558 1376 1795 1418 generationem
1819 1369 2005 1411 humanam,
2030 1381 2197 1415 peccatum
2221 1379 2330 1404 contra
2346 1379 2493 1404 naturam

1421 1423 1470 1454 sit.
1495 1423 1535 1453 Et
1558 1421 1632 1463 quia
1655 1421 1687 1451 in
1711 1420 1765 1452 tali
1783 1420 1954 1451 concubitu
1978 1420 2096 1450 abusus
2112 1425 2159 1449 est
2181 1417 2382 1448 instrumenti
2402 1417 2492 1448 fluidi

1422 1466 1580 1502 mulieris;
1601 1464 1756 1506 quoniam
1773 1471 1881 1495 contra
1901 1464 2076 1495 naturalem
2094 1463 2240 1494 ordinem
2255 1469 2302 1493 est
2317 1462 2406 1503 quod
2422 1471 2493 1493 mu-

1421 1512 1478 1542 lier
1493 1510 1627 1541 seminet
1642 1509 1702 1540 nisi
1719 1515 1847 1550 propter
1866 1508 2113 1549 generationem,
2131 1514 2167 1538 ut
2182 1514 2269 1547 patet
2285 1516 2358 1537 curn
2379 1506 2495 1537 mulier

1422 1563 1531 1597 peccat
1559 1561 1689 1595 peccato
1721 1553 1876 1590 mollitiei,
1901 1559 2024 1584 constat
2047 1559 2154 1583 autem
2183 1561 2220 1582 ex
2243 1551 2297 1582 tali
2321 1551 2494 1582 concubitu

1422 1611 1488 1631 non
1513 1609 1607 1639 posse
1626 1598 1716 1639 sequi
1739 1598 1992 1639 generationem:
2017 1597 2089 1627 ideo
2113 1596 2183 1626 talis
2207 1595 2397 1627 concubitus
2421 1605 2493 1636 pec-

1423 1652 1530 1676 catum
1554 1651 1600 1674 est
1623 1649 1732 1674 contra
1756 1650 1901 1673 naturam
1925 1641 1957 1672 in
1981 1647 2093 1682 quarta
2113 1640 2218 1681 specie
2241 1640 2361 1680 peccati
2385 1647 2495 1671 contra

1424 1696 1587 1724 naturam,
1611 1687 1644 1718 in
1667 1697 1745 1728 qua,
1770 1693 1890 1717 servata
1913 1686 2016 1727 specie
2040 1692 2071 1716 et
2094 1694 2184 1721 sexu,
2210 1684 2399 1715 concubitus
2422 1694 2494 1725 pro-

1424 1740 1493 1774 pter
1508 1731 1782 1763 instrumentalem
1798 1732 1935 1761 abusum
1955 1730 2040 1761 tollit
2053 1729 2291 1770 generationem
2306 1729 2493 1760 humanam.

1480 1777 1521 1807 Et
1536 1777 1616 1806 bene
1633 1783 1708 1806 nota
1725 1776 1862 1806 abusum
1877 1774 2164 1805 instrumentalem.
2179 1773 2345 1811 Quoniam
2357 1773 2382 1804 si
2394 1773 2495 1804 aliun-

1425 1822 1463 1851 de
1480 1820 1625 1861 provenit
1641 1820 1730 1861 quod
1746 1820 1823 1850 alter
1837 1826 1963 1850 tantum
1986 1818 2130 1854 seminet,
2146 1827 2222 1848 cum
2241 1825 2375 1858 uterque
2394 1818 2495 1848 inten-

1425 1866 1478 1895 dat
1494 1871 1525 1895 et
1541 1865 1603 1900 det,
1619 1870 1777 1905 quantum
1794 1863 1827 1893 in
1843 1873 1876 1894 se
1893 1869 1949 1899 est,
1966 1872 2098 1903 operam
2118 1861 2390 1893 consummationi
2405 1868 2496 1893 natu-

1424 1909 1496 1940 ralis
1516 1908 1719 1944 concubitus;
1743 1907 1831 1938 nulla
1850 1907 2018 1938 intervenit
2033 1906 2163 1937 moralis
2179 1906 2388 1938 deordinatio.
2413 1923 2433 1930 -
2455 1906 2498 1937 Et

1424 1953 1567 1984 similiter
1582 1953 1608 1983 si
1627 1952 1756 1983 aliunde
1779 1951 1926 1992 provenit
1944 1951 2035 1992 quod
2052 1950 2141 1991 prius
2159 1950 2199 1981 sit
2214 1950 2382 1981 seminatio
2401 1949 2498 1982 unius

1424 2007 1523 2039 quam
1546 1996 1688 2033 alterius,
1713 1995 1912 2027 continuatio
1936 1995 2124 2027 concubitus
2147 1994 2188 2025 ad
2211 1994 2274 2025 hoc
2296 2001 2333 2025 ut
2355 1994 2498 2036 reliquus

1424 2042 1568 2077 seminet,
1593 2051 1659 2072 non
1685 2048 1731 2071 est
1753 2047 1864 2071 contra
1879 2046 2043 2071 naturam:
2068 2038 2224 2080 quoniam
2239 2039 2280 2070 ad
2294 2048 2498 2070 consumma-

1423 2087 1547 2118 tionem
1563 2085 1752 2117 concubitus
1765 2084 1917 2123 naturalis
1932 2083 2180 2125 semi-completi
2195 2082 2370 2120 ordinatur,
2385 2090 2417 2114 et
2432 2093 2499 2115 non

1425 2132 1465 2162 ad
1496 2131 1558 2161 hoc
1588 2130 1678 2172 quod
1706 2130 1773 2160 sola
1802 2139 1866 2160 una
1895 2139 1967 2170 pars
1995 2128 2146 2165 seminet,
2173 2135 2208 2160 ut
2231 2127 2344 2159 accidit
2366 2127 2400 2159 in
2423 2137 2498 2160 canu

1425 2174 1603 2216 principali.
1628 2192 1648 2197 —
1671 2175 1807 2205 Deberet
1830 2181 1937 2204 tamen
1953 2173 2019 2204 dari
2035 2173 2207 2203 consilium
2223 2171 2352 2213 coniugi
2367 2172 2499 2204 tardiori

1426 2221 1466 2250 ad
1489 2219 1729 2255 seminandum,
1755 2225 1790 2249 ut
1813 2225 1885 2249 ante
1909 2217 2115 2248 concubitum
2140 2216 2246 2258 aliqua
2270 2216 2500 2257 provocatione

1427 2264 1476 2295 sui
1499 2270 1641 2294 uteretur
1672 2262 1725 2294 tali
1754 2269 1785 2293 et
1814 2268 1899 2293 tanta
1930 2268 1966 2292 ut
1996 2261 2179 2302 disponeret
2207 2261 2246 2292 ad
2275 2261 2500 2293 simultaneam

1427 2307 1681 2339 seminationem.
1716 2307 1757 2337 Et
1788 2306 1942 2347 quoniam
1970 2306 2033 2336 hoc
2060 2312 2107 2336 est
2135 2305 2323 2336 rationabile
2345 2305 2500 2337 auxilium

1429 2359 1567 2388 naturae,
1592 2351 1719 2382 nullum
1742 2350 1776 2381 in
1799 2349 1986 2391 huiusmodi
2009 2349 2237 2390 provocatione
2260 2357 2428 2390 peccatum
2443 2356 2500 2382 est.

1483 2397 1524 2427 X.
1549 2395 1600 2426 Ad
1628 2401 1754 2426 sextum
1778 2394 1910 2426 dubium
1925 2394 1942 2414 *
1970 2394 2084 2425 dicitur
2113 2394 2204 2435 quod
2233 2394 2344 2424 omnia
2373 2400 2500 2434 peccata

1428 2450 1561 2472 venerea
1585 2446 1694 2470 contra
1718 2446 1866 2470 naturam
1889 2445 1964 2470 sunt
1987 2445 2114 2479 peccata
2137 2438 2284 2468 mortalia
2308 2447 2346 2468 ex
2368 2448 2429 2469 suo
2447 2448 2500 2478 ge-

1429 2493 1518 2516 nere:
1544 2484 1620 2525 quia
1637 2484 1681 2514 sic
1698 2491 1772 2514 sunt
1788 2490 1898 2514 contra
1915 2483 2093 2514 naturalem
2108 2482 2255 2513 ordinem
2271 2488 2360 2513 actus
2375 2482 2501 2514 venerei

1429 2529 1561 2560 humani
1591 2529 1682 2569 quod
1710 2528 1829 2559 tollunt
1857 2527 1943 2558 illius
1973 2526 2090 2563 finem,
2115 2526 2234 2558 scilicet
2262 2526 2501 2567 generationem

1429 2574 1615 2609 humanam,
1633 2582 1715 2614 quae
1740 2579 1786 2603 est
1809 2572 1904 2612 longe
1927 2571 2032 2603 maius
2056 2572 2181 2602 bonum
2200 2581 2299 2612 quam
2319 2570 2501 2603 divitiarum

1430 2625 1461 2649 et
1485 2617 1618 2648 aliarum
1643 2627 1749 2648 rerum
1773 2616 1967 2648 exteriorum
1991 2617 2126 2646 bonum.

1486 2662 1553 2692 Nec
1577 2662 1681 2692 obstat
1700 2661 1790 2702 quod
1809 2671 1876 2691 non
1895 2660 2000 2691 omnis
2019 2659 2206 2691 innaturalis
2230 2659 2348 2690 modus
2367 2666 2415 2691 est
2430 2669 2502 2700 pec-

1432 2713 1539 2738 catum
1563 2706 1707 2737 mortale.
1730 2705 1906 2744 Quoniam,
1926 2711 1962 2736 ut
1978 2705 2042 2735 iarn
2057 2704 2075 2724 *¹
2098 2704 2220 2736 dictum
2239 2710 2295 2740 est,
2313 2713 2379 2734 non
2395 2703 2502 2735 omnis

1431 2750 1617 2781 innaturalis
1644 2750 1762 2781 modus
1786 2756 1832 2781 est
1855 2754 1965 2781 contra
1989 2755 2150 2786 naturam,
2174 2748 2230 2779 aed
2253 2748 2342 2779 solus
2369 2748 2422 2779 ille
2444 2748 2502 2790 qui

1431 2795 1566 2836 impedit
1595 2794 1848 2835 generationem:
1878 2794 1991 2835 reliqui
2022 2793 2109 2824 enim
2136 2800 2211 2824 sunt
2240 2793 2348 2824 solum
2379 2799 2503 2833 praeter

1434 2847 1590 2871 naturam.
2287 2855 2290 2858 ·

1489 2883 1639 2914 Similiter
1662 2893 1728 2914 non
1753 2883 1867 2919 obstat,
1883 2882 1916 2913 in
1940 2892 2014 2914 casu
2038 2881 2153 2926 quinto
2176 2881 2332 2919 discusso,
2347 2881 2437 2922 quod
2455 2880 2503 2912 vir

1434 2938 1500 2959 non
1519 2934 1644 2959 tenetur
1662 2937 1886 2959 consummare
1910 2926 2098 2958 inchoatum
2116 2932 2224 2957 actum
2238 2935 2411 2956 venereum
2427 2934 2502 2956 cum

1434 2982 1542 3004 uxore.
1560 2972 1735 3010 Quoniam,
1748 2972 1821 3003 licet
1833 2971 1895 3003 hoc
1908 2971 1947 3002 sit
1958 2980 2071 3002 verum
2086 2970 2241 3006 absolute,
2254 2975 2380 3001 tenetur
2395 2976 2502 3000 tamen

1435 3027 1472 3048 ex
1495 3016 1726 3058 suppositione,
1750 3015 1868 3047 scilicet
1891 3016 1917 3046 si
1940 3025 2021 3047 uxor
2044 3025 2081 3046 ex
2109 3013 2281 3046 concubitu
2312 3013 2439 3045 ducitur
2461 3013 2503 3044 ad

1435 3061 1670 3092 seminandum.
1701 3061 1796 3092 Tunc
1819 3059 1906 3092 enim
1933 3066 2058 3091 tenetur
2085 3058 2321 3090 conseminare:
2346 3057 2501 3099 alioquin,

1435 3105 1625 3137 concubitus
1655 3105 1833 3136 secundum
1863 3114 1895 3135 se
1925 3103 2010 3136 tollit
2039 3103 2215 3134 naturalem
2247 3102 2501 3142 generationem,

1436 3157 1566 3191 propter
1589 3151 1727 3181 abusum
1749 3148 1951 3180 instrumenti
1975 3147 2064 3179 fluidi
2088 3146 2240 3184 mulieris,
2265 3153 2295 3178 et
2318 3146 2404 3177 illius
2428 3156 2503 3178 con-

1437 3194 1562 3226 cubitus
1587 3193 1800 3226 consummati
1824 3203 1861 3224 ex
1884 3199 1973 3234 parte
1997 3191 2150 3223 mulieris.

2511 537 2520 546 ⁸
2534 535 2606 558 Num.
2621 541 2645 557 ιι.

2528 2403 2539 2413 ’
2552 2401 2612 2424 lbid.

2528 2712 2540 2723 ⁹
2553 2710 2624 2734 Nan.
2639 2715 2676 2739 ιιι,
2689 2715 2743 2733 vm.
