2768 4198
74 921 84 930 ¹
98 920 166 946 Ibid„
177 920 209 943 Β
222 920 289 942 eidi—

73 949 150 970 cahr-

73 1189 83 1199 ⁵
96 1188 108 1210 1
119 1188 154 1211 ad
167 1188 223 1211 cor.
235 1195 285 1217 cap.

73 1220 122 1243 xm,
135 1221 196 1238 ven.
210 1222 230 1245 3.

71 2125 83 2137 ·
98 2125 164 2148 νει-ι.
180 2131 214 2148 ιο.

73 2178 83 2190 ·
97 2177 164 2200 Vera.
179 2179 213 2201 16.

974 268 1242 315 QUAESTIO
1273 269 1448 316 CXXIV,
1478 269 1778 307 ARTlCULUS
1810 270 1858 306 Ill
2468 274 2515 310 33

317 345 504 386 martyrium
534 345 592 376 erit
620 345 814 386 imperatum
838 356 856 376 a
880 346 1024 382 caritate,
1049 347 1107 377 etsi
1140 357 1206 377 non
1234 348 1274 378 ab
1298 347 1389 378 initio
1415 350 1418 390 ξ
1442 359 1549 379 verare
1572 349 1605 379 in
1631 348 1845 379 concubinatu
1866 349 2010 390 quandiu
2034 349 2162 385 vixerit,
2184 356 2215 380 et
2234 350 2331 381 simul
2354 351 2434 381 velle
2458 362 2517 392 po-

317 395 447 429 propter
469 389 595 420 obicem
619 399 657 420 ex
679 397 767 430 parte
793 390 956 428 hominis,
979 397 1086 421 tamen
1110 392 1219 431 quoad
1243 402 1390 432 prosecu-
1416 391 1417 430 i
1444 393 1507 424 tius
1531 393 1613 423 mori
1637 403 1735 434 quam
1759 391 1855 423 fidem
1874 392 1991 424 Christi
2016 403 2139 434 negare.
2164 394 2206 424 Et
2224 394 2306 425 sicut
2328 394 2390 425 hoc
2414 403 2519 435 potest

315 432 453 469 tionem;
471 439 502 464 et
516 433 578 464 hoc
597 433 712 465 sufficit
727 434 768 464 ad
784 434 972 465 salvandum
992 436 1082 476 quod
1101 435 1288 477 martyrium
1308 447 1390 468 sem-
1415 434 1418 493 ῐ
1444 437 1545 468 homo
1569 437 1666 468 simul
1690 437 1781 474 velle,
1798 437 1841 468 ita
1863 427 1970 478 potest
1994 437 2091 468 simul
2114 437 2251 469 efficere:
2279 446 2315 470 ut
2338 439 2464 476 scilicet,
2485 440 2518 470 in

315 486 372 528 per
391 483 544 528 est-actus
567 477 742 529 imperatus
758 488 776 509 a
793 478 928 529 caritate.
946 496 966 501 -
983 479 1127 510 Primum
1146 487 1252 511 tamen
1273 481 1390 512 horum
1416 498 1417 514 η
1444 481 1676 512 concubinatus
1699 481 1811 512 affectu
1845 491 2065 522 perseverans,
2091 482 2270 513 voluntarie
2294 483 2456 514 occidatur
2479 493 2518 514 ne

315 524 1047 608 &Sssss‘sszmssttsso‘¹3:3⁰305332203„2⁶¹2
1065 524 1390 600 ffissriecssssdssfffte'
1416 518 1417 582 i
1443 524 1541 601 fidei?
1565 525 1682 557 Ch‘iffl
1707 533 1809 601 9533.
1842 527 1930 602 ‘¹²5²
1943 526 2045 600 1²¹¹i⁰⁰
2077 526 2198 601 ‘'⁸⁰:3¹¹‘'
2232 527 2518 602 ⁶⁰¹it¹³d³33⁰¹¹⁶i¹¹

441 588 450 597 .
1313 580 1355 600 ns
1370 580 1390 600 0
1416 584 1417 600 ÷
1443 580 1488 600 im
1537 580 1606 601 care
1631 580 1717 600 mani
1733 580 1765 601 es
1782 580 1837 601 um
1861 581 1893 601 es
1909 593 1917 601 .
1958 581 1978 601 n
2026 580 2134 601 raesen
2182 581 2258 601 vero
2295 581 2355 602 oco
2416 582 2474 602 cen
2498 582 2518 602 o

316 610 499 661 deliberavit
522 620 558 642 ac
580 611 762 652 proposuit,
778 611 822 642 sic
846 619 882 642 ut
896 619 1024 652 paratus
1041 613 1081 644 sit
1104 580 1211 688 stat‘iiga
1234 614 1390 655 imperare
1416 621 1418 667 ὲ
1445 580 1634 656 mali-tyrium
1653 625 1720 645 esse
1740 622 1848 646 actum
1864 625 1882 645 a
1898 581 2025 646 caritati}
2048 615 2252 655 imperatum,
2277 595 2456 647 secundum
2472 626 2518 646 re·

316 662 548 691 executionem,
595 662 732 686 uantum
756 663 802 686 est
826 666 863 686 ex
878 666 922 692 se,
961 657 1060 688 aravit
1082 667 1116 688 se
1140 668 1157 688 a
1225 658 1337 689 ratiam
1360 665 1391 689 et
1416 670 1417 676 ¹
1466 659 1588 690 ularem
1612 669 1742 690 cursum
1765 659 1798 689 lo
1823 659 1932 690 uimur
1971 659 2146 691 iudicantes
2175 667 2283 690 actum
2307 667 2388 690 mart
2411 660 2448 691 rii
2472 670 2518 691 se-

315 699 493 730 caritatem:
519 709 554 730 ac
571 665 634 740 c11³er
657 699 729 736 hoc,
746 700 836 731 decet
858 667 976 737 Deurli’a,
991 668 1259 739 liberalissimugm,
1284 702 1391 734 statim
1416 707 1418 743 ’;
1444 669 1588 734 {undum
1613 714 1743 734 suarum
1768 669 1991 735 co‘iiditionixm
2015 703 2142 735 merita:
2168 712 2198 735 et
2221 705 2311 745 quod
2335 704 2363 734 ei
2382 671 2518 745 iinpera-

315 742 477 774 caritatem
499 742 668 774 infundere
691 744 723 774 in
740 744 898 786 principio
918 745 1057 786 imperii;
1074 746 1116 777 ita
1136 747 1225 787 quod
1249 747 1391 787 primum
1416 746 1418 780 ἒ
1445 747 1547 778 tivum
1571 747 1775 788 principium,
1800 755 1855 778 aut
1878 749 1968 789 quod
1992 748 2166 779 elicitivum
2190 748 2368 785 conveniat,
2393 759 2430 779 ex
2453 749 2519 779 suis

314 786 434 818 instans
458 787 583 828 imperii
606 795 653 819 est
675 788 796 820 instans
819 788 990 820 infusionis
1014 790 1159 827 caritatis,
1177 791 1268 831 quasi
1292 791 1391 832 impe·
1416 789 1418 823 i
1446 791 1684 823 conditionibus
1708 792 1967 823 determinamus.
1992 793 2034 824 Et
2056 793 2082 823 si
2098 793 2254 824 Martinus
2270 793 2454 824 intendebat
2476 793 2519 824 ita

315 831 399 862 rium
421 831 632 883 informatum
648 833 776 884 caritate
790 833 831 864 sit
853 834 1008 865 terminus
1031 835 1186 885 temporis
1209 835 1392 866 immediate
1417 832 1418 874 ]
1445 846 1622 886 posse-esse
1639 836 1826 877 martyrium
1842 836 1909 868 sine
1925 837 2062 874 caritate,
2075 847 2142 868 non
2156 837 2278 868 erravit.
2296 838 2408 868 Posset
2423 837 2519 868 etiam

314 876 540 950 prageedenus,
565 887 632 918 quo
657 878 867 929 deliberatum
883 885 922 929 ‘et
945 886 1150 930 propositum
1173 887 1229 930 est.
1305 924 1312 930 ι
1340 923 1347 930 .
1417 885 1419 936 ,⁵
1445 881 1517 931 quis
1540 891 1574 930 in
1598 887 1745 931 peccato·
1759 881 1886 931 mortali
1917 881 2050 912 existens
2064 891 2119 932 ’ex
2148 881 2324 932 improviso
2356 881 2519 932 dormiens

371 965 378 971 .
399 927 412 951 t
430 930 487 961 per
502 921 578 972 haec
594 928 680 973 patet
695 922 813 953 solutio
831 930 996 964 utriusque
1016 924 1348 974 ⁰.b¹⁶⁶¹¹.⁰¹¹!⁵.Ma.“¹¹¹¹
1364 923 1391 955 *.
1417 945 1419 980 Ὶ,
1445 925 1547 975 occidi
1572 935 1647 975 quia
1671 924 1880 975 Christianus.
1905 926 1999 956 Tunc
2023 935 2119 976 enim,
2143 936 2219 967 quia
2242 933 2394 976 martyrio
2419 926 2519 957 adulti

315 964 400 1002 Quia
423 971 454 995 et
477 966 694 1018 universaliter
716 977 828 998 verum
848 974 894 998 est
917 968 1007 1008 quod
1031 978 1063 998 in
1087 978 1243 1008 principio
1268 977 1393 1018 imperil
1417 981 1419 1016 ᾗ
1445 975 1525 999 ratio
1541 978 1664 1019 generis
1685 969 1857 999 morahum
1873 976 2014 1019 actuum,
2034 970 2150 1000 scilicet
2167 970 2395 1007 voluntarium,
2421 971 2518 1007 deest,

315 1009 403 1059 adest
433 1017 562 1060 caritas:
592 1021 748 1052 quomam
779 1012 860 1042 obex
893 1011 1000 1063 nullus
1033 1012 1147 1043 obstat.
1182 1012 1249 1062 Nec
1282 1019 1392 1042 cantas
1417 1019 1418 1036 ¹
1446 1019 1633 1053 martyrium
1647 1022 1716 1062 pon
1740 1019 1796 1062 est,
1814 1023 1942 1063 propne
1965 1013 2140 1054 loquendo.
2166 1015 2207 1044 Et
2229 1014 2312 1050 ideo,
2337 1014 2520 1055 regulariter

314 1052 1298 1137 ¹¹“¹221ss‘³2031²..0‘32220‘12‘125332„⁵52³113210PZL‘2'23555P350‘32
1329 1100 1371 1130 ιν
1416 1061 1419 1124 ἶ
1445 1056 2419 1141 ffffiss‘ssdssssssmiss3351}ssssssAE⁰?ss{{⁵⁶t.3³{{?⁵2‚b¹1{‘51‘1{¹⁰.⁶
2443 1069 2518 1134 ‘3355'

314 1152 368 1183 qu.
386 1153 415 1179 x,
434 1151 489 1174 art.
508 1154 531 1180 1,
549 1143 667 1175 scilicet
682 1145 771 1186 quod
795 1144 910 1186 aliquis
926 1145 1046 1185 absque
1063 1144 1189 1174 caritate
1205 1150 1311 1184 potest
1326 1123 1390 1174 suf1
1417 1138 1418 1156 ἶ
1445 1151 1525 1180 tum,
1550 1144 1622 1175 licet
1646 1155 1683 1174 ex
1706 1144 1837 1175 diversis
1865 1145 1968 1176 causis
1992 1112 2168 1186 proxiiiiis?
2192 1147 2267 1189 quia
2290 1147 2322 1176 in
2352 1114 2457 1187 pritiig
2482 1158 2518 1178 ex

314 1187 393 1217 ferre
409 1188 608 1229 martyrium,
622 1188 709 1220 iuxta
723 1189 804 1219 illud
820 1188 970 1229 Apostoli
985 1188 1012 1224 ²⁸⁸,
1033 1188 1069 1218 Si
1084 1188 1249 1262 teridero
1272 1197 1390 1228 corpus
1416 1157 1419 1241 ε
1445 1188 1630 1228 pertinacia;
1655 1188 1687 1218 in
1712 1189 1853 1219 secundo
1878 1200 1915 1220 ex
1938 1190 2035 1229 priori
2060 1190 2260 1230 negligentia,
2281 1201 2344 1231 qua
2368 1191 2424 1222 ivit
2447 1192 2518 1222 dor-

314 1241 419 1262 meum
435 1234 480 1263 ita
505 1238 540 1263 ut
561 1233 694 1264 ardeam
721 1234 888 1264 caritatem
906 1238 1012 1263 autem
1031 1242 1093 1263 non
1133 1233 1245 1263 abeam
1273 1239 1349 1263 etc.:
1367 1250 1389 1255 —
1416 1242 1418 1269 ς
1446 1232 1562 1263 mitum
1579 1233 1645 1263 sine
1663 1233 1865 1264 contritione.
1891 1233 1923 1264 Si
1939 1234 2000 1265 hoc
2025 1245 2098 1265 nam
2124 1245 2164 1265 ue
2181 1235 2304 1266 fecisset
2331 1245 2384 1266 ma
2435 1235 2518 1266 rium

313 1277 492 1316 respondeo
509 1277 605 1321 ‘quod
628 1277 671 1308 ibi
696 1256 818 1308 ’Auctor
839 1276 984 1318 loquitur
1007 1277 1046 1307 de
1076 1276 1221 1316 possibili
1241 1255 1388 1317 potentia
1416 1278 1418 1318 ξ
1445 1276 1592 1308 effectum
1623 1287 1720 1307 suum
1744 1277 1859 1308 habere
1887 1278 1919 1308 in
1945 1245 2123 1309 dormient}
2152 1279 2289 1310 contrito
2307 1242 2518 1311 ¹nonrtryninus

314 1320 688 1361 perversae⁷‘voluntatis.
718 1321 828 1353 Potest
857 1321 942 1352 enim
976 1330 1122 1362 perversa
1155 1321 1302 1351 voluntas
1328 1320 1390 1351 hu·
1416 1319 1418 1347 ἶ
1446 1328 1492 1352 est
1516 1322 1710 1352 credendum
1735 1331 1833 1363 quam
1858 1321 1890 1352 in
1916 1322 2152 1354 innocentibus.

314 1374 419 1401 mana,
443 1375 480 1396 ex
504 1375 561 1397 sua
583 1365 726 1397 libertate
749 1374 910 1407 perversa,
941 1371 972 1396 et
995 1364 1153 1396 obstinate
1176 1365 1256 1396 velle
1282 1375 1390 1405 perse·
1416 1356 1418 1387 ⁵

1128 1501 1448 1545 ARTlCULUS
1477 1501 1713 1545 TERTIUS

782 1593 939 1626 UTRUM
962 1593 1229 1626 MARTYRmM
1253 1594 1320 1625 srr
1344 1594 1488 1626 ACTUS
1511 1595 1714 1626 MAXIMAE
1738 1594 2052 1627 PERFECTles

1200 1675 1244 1700 Ad
1263 1675 1338 1703 Heb„
1359 1683 1414 1708 cap.
1432 1682 1471 1706 11,
1491 1676 1550 1701 lect.
1571 1683 1627 1701 vm.

362 1780 371 1787 ,
399 1780 405 1788 s
526 1758 549 1784 n
567 1758 729 1785 TERTmM
748 1758 802 1783 S1c
821 1757 1063 1784 pnocemrun.
1093 1746 1253 1784 Videtur
1276 1747 1385 1796 quod
1413 1762 1415 1794 i
1442 1748 1613 1785 cundum
1643 1748 1813 1797 speciem
1842 1748 1959 1797 ipsius
1988 1755 2106 1795 actus,
2130 1739 2245 1796 prout
2274 1755 2519 1797 comparatur

406 1828 428 1841 t.
455 1839 457 1843 ,
1414 1804 1415 1825 ³
1442 1801 1491 1839 ad
1505 1801 1687 1838 virtutem
1707 1801 1881 1850 proxime
1898 1801 2110 1838 elicientem
2133 1801 2272 1850 ipsum.
2299 1802 2347 1838 Et
2368 1801 2421 1838 sic
2440 1813 2519 1838 non

364 1844 374 1858 ²
430 1903 435 1907 Ἴ
472 1848 509 1888 <⁸
526 1853 710 1891 fectionis.
750 1853 846 1890 Illud
885 1853 986 1890 enim
1025 1853 1073 1891 ad
1111 1853 1386 1902 perfectionem
1414 1833 1416 1896 i
1441 1862 1568 1904 potest
1588 1867 1671 1892 esse
1691 1855 1798 1904 quod
1818 1855 2057 1903 martyrium,
2079 1854 2185 1903 quod
2206 1854 2375 1891 consistit
2394 1854 2432 1891 in
2454 1855 2517 1891 de-

395 1902 403 1909 *
425 1907 437 1915 “’
459 1921 465 1933 ›
503 1907 627 1944 vitae
648 1912 665 1928 ‘²
690 1906 843 1944 videtur
862 1906 1049 1956 pertinere
1069 1906 1175 1955 quod
1196 1907 1294 1944 cadit
1315 1907 1386 1943 sub
1414 1906 1416 1930 ²
1443 1907 1520 1945 bita
1535 1907 1734 1945 tolerantia
1754 1908 1899 1954 mortis,
1917 1908 1962 1945 sit
1982 1907 2278 1956 perfectissimus
2293 1907 2390 1944 inter
2403 1908 2520 1944 virtu-

313 1960 490 2006 consilio,
521 1973 600 1998 non
637 1961 708 1997 sub
746 1967 974 2008 praecepto,
1004 1960 1095 2008 quia
1132 1960 1272 1997 scilicet
1308 1972 1388 1997 non
1414 1963 1416 1998 ς
1443 1962 1488 1998 tis
1509 1970 1627 1999 actus.
1658 1961 1760 2008 Quia
1784 1963 1947 1998 tolerare
1968 1969 2135 1998 mortem
2155 1973 2234 1998 non
2255 1969 2311 1998 est
2330 1961 2519 1998 laudabile

314 2022 370 2052 est
397 2015 446 2051 de
478 2013 701 2051 necessitate
730 2013 871 2050 salutis.
903 2014 980 2050 Sed
1021 2013 1246 2062 martyrium
1279 2013 1388 2050 vide·
1443 2016 1658 2052 secundum
1688 2027 1740 2062 se,
1763 2015 1830 2052 sed
1852 2016 1977 2052 solum
1999 2015 2210 2052 secundum
2234 2014 2338 2063 quod
2367 2014 2519 2052 ordina-

313 2075 373 2106 tur
401 2079 484 2104 esse
514 2067 560 2105 de
590 2067 814 2104 necessitate
843 2066 991 2103 salutis:
1029 2066 1116 2103 dicit
1151 2066 1253 2103 enim
1281 2067 1389 2116 Apo·
1442 2076 1503 2105 tur
1522 2068 1571 2105 ad
1592 2068 1748 2116 aliquod
1777 2069 1926 2105 bonum
1947 2068 2052 2116 quod
2074 2067 2244 2105 consistit
2271 2067 2311 2104 in
2339 2075 2424 2105 actu
2443 2068 2518 2105 vir-

313 2123 452 2168 stolus,
482 2121 595 2158 Rom.
616 2133 640 2157 x
653 2120 693 2158 *z
734 2120 858 2157 Corde
893 2119 1058 2157 creditur
1097 2120 1150 2156 ad
1184 2120 1362 2157 iustitiam
1376 2148 1386 2165 ,
1443 2122 1543 2167 tutis,
1562 2129 1655 2170 puta
1675 2121 1723 2159 ad
1743 2122 1863 2159 fidem
1885 2128 1921 2158 et
1946 2121 2190 2158 dilectionem
2210 2121 2295 2157 Dei.
2326 2121 2438 2158 Unde
2459 2122 2518 2158 ille

313 2187 380 2212 ore
397 2180 524 2213 autem
532 2176 586 2222 fit
601 2173 785 2222 consessio
805 2173 858 2210 ad
873 2173 1052 2217 salutem;
1080 2181 1117 2210 et
1138 2173 1150 2209 Ι
1168 2174 1298 2210 Ioann.
1316 2185 1352 2210 111
1369 2172 1389 2194 ³¹²
1444 2182 1550 2212 actus
1579 2174 1739 2220 virtutis,
1766 2187 1854 2211 cum
1883 2174 1929 2211 sit
1949 2174 2048 2220 finis,
2070 2174 2207 2212 melior
2234 2181 2300 2210 est.

314 2229 448 2266 dicitur
475 2227 580 2276 quod
608 2239 676 2264 nos
709 2227 886 2264 debemus
908 2238 983 2274 pro
998 2226 1191 2274 fratribus
1216 2226 1388 2263 animam
1497 2227 1584 2264 Alio
1614 2228 1734 2264 modo
1759 2235 1885 2277 potest
1905 2227 2137 2264 considerari
2158 2234 2264 2264 actus
2283 2226 2434 2264 virtutis
2463 2240 2519 2264 se-

306 2292 463 2331 ponere.
494 2281 597 2329 Ergo
627 2283 851 2328 martyrium
885 2291 964 2316 non
996 2279 1158 2328 pertinet
1183 2279 1231 2316 ad
1264 2279 1388 2328 perfe-
1444 2282 1615 2319 cundum
1645 2281 1751 2330 quod
1781 2288 2027 2330 comparatur
2047 2281 2095 2318 ad
2114 2281 2284 2329 primum
2314 2280 2519 2328 motivum,

314 2334 492 2372 ctionem.
1443 2335 1549 2384 quod
1579 2342 1635 2372 est
1671 2347 1782 2372 amor
1806 2334 1979 2371 caritatis.
2017 2335 2066 2371 Et
2095 2346 2140 2370 ex
2176 2334 2248 2370 hac
2276 2341 2383 2383 parte
2413 2346 2519 2383 prae-

368 2400 404 2426 2.
429 2388 672 2433 PRAETEREA,
702 2385 752 2424 ad
781 2385 968 2424 maiorem
994 2385 1274 2435 perfectionem
1302 2397 1387 2434 per·
1444 2387 1555 2437 cipue
1589 2387 1725 2436 aliquis
1749 2396 1855 2425 actus
1888 2388 2004 2424 habet
2032 2388 2137 2436 quod
2166 2387 2215 2424 ad
2243 2387 2519 2436 perfectionem

312 2442 431 2480 tinere
469 2440 622 2478 videtur
657 2439 764 2488 quod
800 2439 936 2488 aliquis
974 2439 1038 2477 det
1073 2440 1159 2481 Deo
1197 2439 1385 2486 animam,
1443 2441 1543 2478 vitae
1572 2441 1774 2490 pertineat:
1810 2441 1911 2490 quia,
1941 2448 1983 2477 ut
2010 2441 2220 2490 Apostolus
2247 2440 2347 2486 dicit,
2377 2441 2518 2477 Coloss.

313 2494 419 2544 quod
447 2494 491 2532 fit
517 2506 587 2543 per
615 2493 896 2540 obedientiam,
926 2505 1044 2542 quam
1072 2493 1179 2542 quod
1208 2493 1272 2530 det
1299 2493 1386 2530 Deo
1443 2507 1479 2532 111
1494 2495 1530 2542 *,
1560 2496 1700 2532 caritas
1719 2501 1773 2532 est
1797 2494 1990 2532 vinculum
2010 2495 2265 2544 perfectionis.
2291 2494 2518 2542 Martyrium

312 2548 512 2598 proprium
541 2559 694 2595 corpus,
714 2546 821 2594 quod
848 2546 893 2583 fit
919 2557 990 2595 per
1008 2546 1254 2594 martyrium:
1282 2546 1387 2583 unde
1414 2547 1416 2551 ’
1443 2556 1585 2595 autem,
1616 2548 1714 2585 inter
1733 2559 1868 2585 omnes
1896 2555 2003 2584 actus
2030 2547 2235 2594 virtuosos,
2257 2547 2425 2584 maxime
2455 2547 2519 2584 de-

314 2601 522 2650 Gregorius
559 2599 667 2647 dicit,
697 2600 762 2636 ult.
798 2599 944 2636 Moral.
962 2599 1003 2646 ⁴²,
1039 2599 1145 2648 quod
1178 2600 1387 2636 obedientia
1443 2609 1632 2639 monstrat
1650 2602 1926 2651 perfectionem
1948 2600 2122 2638 caritatis.
2154 2600 2253 2647 Quia
2273 2608 2377 2636 tanto
2397 2600 2518 2648 magis

313 2655 455 2692 cunctis
482 2653 642 2692 victimis
662 2653 895 2702 praefertur.
925 2652 1028 2701 Ergo
1055 2652 1279 2702 martyrium
1308 2665 1388 2690 non
1443 2655 1655 2693 ostenditur
1675 2655 1810 2704 aliquis
1829 2654 1998 2704 aliquam
2020 2666 2101 2690 rem
2121 2666 2265 2700 amare,
2283 2660 2426 2702 quanto
2447 2666 2517 2702 pro

315 2716 371 2746 est
398 2715 506 2746 actus
533 2707 726 2744 maximae
754 2705 1010 2755 perfectionis.
1444 2721 1489 2746 ea
1517 2721 1599 2746 rem
1629 2708 1751 2757 magis
1770 2716 1940 2745 amatam
1971 2707 2192 2754 contemnit,
2223 2714 2259 2743 et
2287 2719 2369 2743 rem
2398 2706 2518 2754 magis

370 2763 406 2799 3.
435 2762 676 2805 PRAETEREA,
710 2759 847 2796 melius
882 2771 965 2796 esse
993 2759 1146 2796 videtur
1179 2759 1261 2796 aliis
1298 2771 1387 2808 pro·
1442 2762 1619 2800 odiosam
1640 2762 1740 2810 eligit
1758 2762 1836 2810 pati
1850 2760 1876 2798 β.
1907 2761 2155 2798 Manifestum
2177 2768 2233 2797 est
2253 2767 2382 2796 autem
2411 2761 2516 2808 quod

315 2815 425 2853 desse
454 2826 573 2863 quam
611 2813 779 2862 seipsum
808 2812 846 2849 in
877 2813 982 2849 bono
1016 2824 1264 2849 conservare:
1298 2812 1386 2860 quia
1442 2816 1539 2852 inter
1568 2815 1699 2852 omnia
1727 2815 1800 2852 alia
1829 2815 1932 2852 bona
1960 2814 2169 2863 praesentis
2201 2813 2316 2861 vitae,
2351 2813 2517 2849 maxime

314 2869 456 2906 bonum
483 2867 606 2918 gentis
633 2867 767 2903 melius
795 2871 849 2902 θεῖ
874 2877 989 2914 quam
1018 2866 1159 2902 bonum
1183 2866 1295 2903 unius
1321 2867 1387 2902 ho·
1442 2877 1546 2906 amat
1574 2869 1694 2906 homo
1725 2868 1848 2917 ipsam
1878 2867 2010 2914 vitam,
2033 2875 2069 2904 et
2098 2880 2118 2904 e
2140 2866 2329 2904 contrario
2350 2866 2517 2903 maxime

189 2947 195 2958 ,
219 2945 234 2980 ι.
261 2942 287 2953 .-
314 2922 438 2968 minis,
467 2920 680 2958 secundum
710 2918 1004 2968 Philosophum,
1024 2919 1063 2955 in
1084 2919 1097 2955 1
1117 2919 1239 2956 Ethic.
1258 2918 1280 2940 ’¹‘
1308 2919 1387 2956 Sed
1442 2923 1523 2960 odit
1541 2922 1665 2971 ipsam
1686 2929 1871 2959 mortem:
1903 2928 1938 2957 et
1967 2920 2171 2970 praecipue
2202 2932 2290 2957 cum
2320 2919 2517 2956 doloribus

77 3244 87 3254 ⁴
96 3243 153 3272 Cap.
164 3250 216 3271 nv,
226 3250 287 3266 nvi.

313 2975 374 3013 ille
393 2975 460 3024 qui
487 2973 713 3022 martyrium
742 2972 912 3020 sustinet,
933 2971 1003 3009 sibi
1023 2971 1093 3009 soli
1122 2972 1296 3020 prodest:
1326 2972 1387 3009 ille
1442 2976 1701 3025 corporalium
1730 2982 2034 3021 tormentorum,
2066 2986 2232 3022 quorum
2262 2981 2367 3010 metu
2402 2972 2515 3009 etiam

315 3036 444 3066 autem
472 3028 538 3076 qui
558 3028 682 3073 docet,
706 3026 858 3075 proficit
886 3025 1025 3062 multis.
1056 3025 1159 3073 Ergo
1183 3033 1288 3062 actus
1318 3026 1386 3062 do·
1413 3044 1414 3047 ¹
1441 3031 1552 3067 bruta
1582 3028 1760 3066 animalia
1779 3040 1803 3065 a
1822 3028 2003 3065 maximis
2030 3027 2280 3076 voluptatibus
2304 3027 2513 3063 absterren-

316 3081 426 3120 cendi
455 3089 491 3118 et
510 3080 750 3129 gubernandi
770 3079 943 3116 subditos
972 3086 1027 3115 est
1046 3078 1251 3127 perfectior
1269 3090 1386 3127 quam
1443 3089 1505 3120 tur
1518 3088 1546 3130 r,
1567 3090 1609 3119 ut
1627 3081 1862 3130 Augustinus
1883 3081 1983 3128 dicit,
2004 3081 2042 3117 in
2062 3081 2159 3118 libro
2184 3080 2382 3128 Octoginta
2402 3079 2514 3115 trium

315 3143 421 3173 actus
450 3134 633 3183 martyrii.
1447 3137 1596 3178 Quaest.
1616 3135 1637 3156 '¹‘
1672 3135 1721 3172 Et
1753 3135 1966 3172 secundum
1997 3135 2071 3171 hoc
2105 3140 2207 3182 patet
2235 3133 2340 3181 quod
2374 3139 2515 3180 marty-

370 3189 445 3226 SED
465 3199 614 3226 CONTRA
641 3199 708 3224 EST
735 3185 843 3235 quod
871 3185 1122 3233 Augustinus,
1151 3185 1190 3221 in
1218 3183 1314 3222 libro
1343 3185 1388 3221 de
1443 3189 1542 3227 rium
1572 3189 1668 3226 inter
1697 3195 1842 3225 ceteros
1871 3195 1977 3224 actus
2010 3188 2200 3223 humanos
2231 3192 2286 3222 est
2313 3185 2516 3234 perfectior

316 3242 455 3279 Sancta
480 3241 654 3291 Virginit.
670 3239 706 3287 ³3,
726 3239 891 3289 praefert
916 3238 1142 3287 martyrium
1170 3237 1386 3286 virginitati,
1444 3243 1657 3280 secundum
1686 3254 1800 3278 suum
1830 3253 1968 3288 genus,
1998 3239 2105 3288 quasi
2134 3238 2325 3275 maximae
2355 3238 2515 3275 caritatis

316 3307 416 3343 quae
435 3294 484 3331 ad
503 3294 780 3343 perfectionem
799 3293 971 3342 pertinet.
993 3293 1096 3340 Ergo
1115 3291 1267 3328 videtur
1286 3303 1386 3328 mar·
1443 3296 1612 3344 signum:
1650 3295 1864 3331 secundum
1902 3293 1992 3330 illud
2030 3295 2133 3329 Ioan.
2172 3304 2220 3328 xv
2243 3293 2282 3328 *z
2321 3292 2514 3328 Maiorem

316 3348 457 3396 tyrium
486 3347 652 3384 maxime
681 3347 730 3384 ad
758 3346 1032 3396 perfectionem
1063 3345 1264 3394 pertinere.
1443 3350 1638 3386 caritatem
1659 3359 1769 3384 nemo
1788 3348 1900 3383 habet
1921 3358 2036 3395 quam
2057 3351 2098 3382 ut
2123 3346 2294 3383 animam
2314 3357 2423 3382 suam
2447 3357 2516 3394 po-

371 3402 598 3438 REsponmzo
625 3411 812 3438 memnon
840 3399 947 3448 quod
976 3399 1024 3436 de
1048 3398 1175 3448 aliquo
1200 3405 1287 3435 actu
1315 3397 1388 3434 vir·
1444 3408 1512 3440 nat
1537 3402 1619 3451 quis
1642 3412 1715 3450 pro
1744 3400 1876 3437 amicis
1903 3400 1991 3436 suis.

316 3454 404 3492 tutis
434 3453 631 3503 dupliciter
658 3453 764 3502 loqui
791 3465 1012 3503 possumus.
1050 3452 1138 3490 Uno
1167 3451 1300 3499 modo,
1331 3463 1388 3487 se·
1416 3485 1417 3488 ,
1497 3457 1558 3493 An
1578 3466 1716 3492 PRIMUM
1737 3465 1836 3491 ERGO
1857 3464 2043 3490 DICENDUM
2063 3452 2168 3501 quod
2189 3452 2313 3489 nullus
2337 3459 2392 3488 est
2411 3458 2516 3488 actus

371 3575 398 3607 α)
418 3575 498 3599 vitae.
510 3588 529 3593 -
547 3573 608 3598 Om.
627 3573 701 3598 PGa.
1493 3572 1521 3604 γ)
1540 3570 1736 3595 abner-rentur.
1747 3582 1767 3588 -
1784 3570 1961 3593 exterrentur
1979 3568 2008 3598 L,
2023 3567 2220 3592 abstrahuntur
2239 3566 2321 3591 PDsK
2336 3571 2398 3595 eta,
2412 3565 2515 3589 abstra-

372 3609 398 3643 β)
414 3610 515 3642 pati.-
533 3609 597 3634 Om.
615 3609 662 3634 Pa.
1441 3607 1571 3632 herentur
1589 3606 1620 3637 E,
1639 3605 1809 3630 abstinentur
1827 3604 1875 3637 pC,
1894 3603 2030 3628 abstinent
2048 3603 2082 3628 G.

460 3665 571 3688 Summas
589 3664 691 3688 Tenon.
710 3663 743 3688 D.
761 3663 877 3687 Tamum
890 3663 923 3688 T.
936 3663 989 3688 V11.

2548 2506 2558 2516 ⁸
2573 2505 2639 2528 Vera.
2657 2512 2685 2532 ¹⁴·

2544 3142 2551 3151 ¹
2569 3141 2617 3168 Qu.
2632 3147 2711 3162 xxxw.

2544 3300 2554 3310 ⁸
2568 3299 2635 3321 Vers.
2651 3306 2679 3327 ¹3·
