2768 4198
104 2931 115 2943 ⁶
125 2930 174 2958 Qu.
182 2935 266 2956 ω,
275 2932 319 2951 ιη.

106 3086 118 3098 ·
130 3085 199 3108 vm.
214 3091 230 3107 1.

109 3441 120 3452 ⁶
134 3439 220 3463 Couat.
231 3439 260 3466 X,
271 3444 322 3466 cap.

953 294 1222 340 QUAESTIO
1254 296 1537 343 CLXXXVIII,
1568 298 1865 336 ARTICULUS
1895 299 1930 335 V

2457 281 2528 350 52'l

1137 415 1455 457 ARTICULUS
1486 417 1743 466 QUINTUS

775 507 932 538 UTRUM
957 507 1023 538 SIT
1049 507 1341 538 INSTITUENDA
1366 509 1528 546 ALIQUA
1553 510 1727 543 RELIGIO
1751 513 1810 543 AD
1835 513 2102 546 STUDENDUM

1211 585 1288 610 Cont.
1308 585 1427 618 impugn.
1447 587 1544 618 Relig„
1564 595 1620 620 cap.
1638 596 1672 614 ¹1.

340 879 462 925 troibo
500 879 538 916 in
571 879 759 929 potentias
790 877 970 916 Domini:
1008 877 1146 915 Glossa
1165 876 1203 914 *z
1235 877 1343 923 idest,
1374 878 1411 914 in

339 933 515 969 virtutem
549 933 817 971 Christianam.
857 931 935 968 Sed
962 930 1146 980 perfectio
1176 930 1413 967 Christianae

340 985 486 1022 virtutis
524 986 691 1024 maxime
719 985 872 1023 videtur
905 984 953 1021 ad
983 983 1178 1031 religiosos
1211 984 1412 1032 pertinere.

341 1040 444 1087 Ergo
475 1052 611 1077 eorum
642 1052 720 1076 non
750 1046 806 1076 est
839 1037 965 1075 studio
995 1037 1202 1074 litterarum
1231 1037 1412 1075 insistere.

395 1104 430 1129 2.
461 1094 699 1141 PRAETEREA‚
725 1091 816 1130 illud
846 1091 952 1141 quod
974 1098 1029 1127 est
1049 1091 1294 1128 dissensionis
1313 1091 1414 1140 prin-

340 1146 494 1196 cipium,
525 1146 707 1195 religiosis
737 1158 816 1183 non
845 1143 1039 1193 competit,
1069 1144 1135 1192 qui
1163 1144 1201 1180 in
1230 1145 1412 1181 unitatem

339 1201 444 1250 pacis
483 1207 774 1249 congregantur.
815 1198 891 1236 Sed
930 1198 1098 1235 studium
1136 1197 1413 1235 dissensionem

340 1254 637 1297 inducitzqunde
668 1261 704 1291 et
732 1254 769 1290 in
794 1251 1032 1302 philosophis
1053 1251 1255 1287 subsecuta
1275 1258 1331 1287 est
1360 1252 1413 1288 di-

278 1323 288 1326 <
336 1301 500 1345 versitas
529 1316 732 1345 sectarum.
776 1305 889 1344 Unde
919 1313 956 1342 et
985 1304 1268 1352 Hieronymus,
1302 1316 1415 1353 super

98 1361 312 1391 ‘'fflssmffr
337 1361 456 1411 Epist.
485 1361 538 1399 ad
568 1361 638 1400 Tit.
658 1360 691 1408 *,
721 1360 831 1398 dicit:
859 1361 1088 1407 Antequam,
1117 1358 1260 1395 diaboli
1286 1358 1413 1394 instin-

107 1397 223 1415 nnvum
257 1406 260 1410 ·

339 1421 423 1462 ctu,
457 1415 581 1453 studia
619 1415 657 1452 in
690 1413 876 1464 religione
898 1413 1062 1461 fierent,
1099 1417 1134 1448 et
1160 1411 1348 1448 diceretur
1376 1411 1412 1448 in

333 1469 506 1518 populis,
534 1470 623 1519 Ego
649 1480 734 1506 sum
763 1466 894 1513 Pauli,
922 1467 1010 1516 Ego
1038 1465 1197 1514 Apollo,
1226 1466 1314 1514 Ego
1348 1465 1414 1501 Ce-

332 1523 447 1572 phae,
469 1530 540 1560 etc.
558 1523 674 1571 *Ergo
692 1521 846 1560 videtur
873 1520 978 1568 quod
999 1519 1101 1558 nulla
1125 1518 1256 1566 religio
1277 1518 1416 1555 debeat

339 1576 481 1615 institui
511 1575 560 1614 ad
590 1575 838 1614 studendum.

395 1631 431 1668 3.
460 1631 706 1677 PMETEREA,
735 1627 926 1678 professio
955 1626 1194 1664 Christianae
1224 1624 1415 1674 religionis

340 1683 493 1721 differre
513 1684 628 1722 debet
646 1679 678 1721 'a
705 1682 944 1732 professione
973 1679 1180 1729 gentilium.
1213 1679 1290 1716 Sed
1311 1679 1414 1728 apud

339 1737 498 1787 gentiles
540 1737 657 1786 aliqui
703 1735 989 1786 philosophiam
1036 1733 1327 1783 profitebantur.
1366 1733 1416 1770 Et

339 1803 443 1829 nunc
472 1791 586 1829 etiam
616 1790 732 1840 aliqui
760 1790 974 1827 saeculares
1004 1788 1180 1831 dicuntur
1199 1787 1412 1836 aliquarum

340 1845 586 1883 scientiarum
606 1845 856 1894 professores.
882 1843 974 1881 Non
995 1853 1085 1890 ergo
1107 1840 1288 1889 religiosis
1309 1853 1414 1877 com-

339 1900 434 1950 petit
461 1900 632 1936 studium
660 1898 884 1936 litterarum.

300 1960 303 1963 “
396 1954 472 1990 San
502 1965 650 1991 CONTRA
674 1963 741 1989 EST
767 1948 872 2001 quod
893 1950 1166 1997 Hieronymus,
1197 1947 1235 1984 in
1256 1947 1415 1997 epistola

307 2029 313 2034 ·
341 2008 393 2046 ad
410 2008 614 2045 Paulinum
629 2006 660 2046 ²¹³,
679 2005 812 2043 invitat
831 2017 919 2042 eum
943 2003 991 2041 ad
1012 2002 1238 2040 discendum
1258 2001 1297 2038 in
1317 2008 1415 2039 statu

342 2061 576 2108 monastico,
612 2060 762 2098 dicens:
797 2059 1000 2096 Dis-camus
1033 2057 1069 2093 in
1104 2055 1214 2093 terris
1252 2067 1414 2104 quorum

341 2115 496 2153 scientia
533 2114 641 2152 nobis
666 2117 890 2163 perseverat
908 2117 925 2134 ²
954 2111 991 2148 in
1020 2110 1145 2147 caelis.
1185 2109 1234 2146 Et
1261 2109 1358 2146 infra
1376 2108 1413 2145 *z

347 2169 538 2218 Quidquid
564 2167 782 2217 quaesieris,
811 2172 933 2203 tecum
960 2164 1059 2202 scire
1085 2163 1266 2200 conabor.

395 2223 625 2261 REsrouoao
649 2232 837 2258 memnon
864 2218 984 2268 quod,
1009 2217 1106 2255 sicut
1134 2217 1278 2254 dictum
1308 2224 1365 2253 est
1382 2215 1413 2262 ³¹²,

342 2276 473 2324 religio
499 2282 627 2325 potest
654 2273 822 2312 ordinari
852 2273 901 2310 ad
927 2271 1048 2309 vitam
1078 2271 1266 2317 activam,
1298 2278 1334 2307 et
1366 2269 1414 2307 ad
1441 2287 1443 2298 ·

340 2330 460 2368 vitam
499 2328 851 2378 contemplativam.
883 2328 984 2363 Inter
1012 2336 1130 2374 opera
1157 2332 1285 2361 autem
1313 2323 1416 2360 vitae

343 2384 510 2431 activae,
549 2382 820 2433 principaliora
857 2388 946 2417 sunt
972 2380 1035 2416 illa
1063 2391 1163 2428 quae
1193 2377 1418 2414 ordinantur

344 2437 484 2476 directe
505 2437 554 2475 ad
577 2437 739 2474 salutem
761 2435 990 2480 animarum,
1012 2432 1109 2470 sicut
1135 2431 1360 2481 praedicare
1381 2438 1418 2467 et

343 2491 416 2530 alia
430 2489 692 2528 huiusmodi*.
705 2488 902 2537 Competit
917 2499 1007 2535 ergo
1023 2485 1192 2523 studium
1207 2485 1416 2522 litterarum

345 2544 515 2593 religioni
535 2542 550 2574 β
577 2543 782 2592 tripliciter.
811 2541 943 2578 Primo
968 2539 1137 2588 quidem,
1159 2546 1347 2587 quantum
1366 2537 1416 2574 ad

345 2598 382 2636 id
412 2597 518 2646 quod
547 2605 604 2634 est
631 2596 831 2645 proprium
860 2592 1183 2641 contemplativae
1210 2591 1324 2629 vitae.
1355 2591 1416 2628 Ad

345 2663 463 2700 quarn
492 2650 661 2687 studium
681 2649 890 2685 litterarum
912 2645 1111 2695 dupliciter
1130 2645 1298 2681 adiuvat.
1328 2645 1416 2681 Uno

346 2705 480 2752 modo,
511 2703 650 2741 directe
676 2701 946 2739 coadiuvando
975 2699 1025 2736 ad
1054 2698 1415 2747 contemplandum:

346 2757 597 2796 illuminando
627 2755 768 2792 scilicet
797 2754 1039 2791 intellectum.
1078 2751 1165 2788 Vita
1195 2751 1297 2788 enim
1328 2763 1417 2788 con-

345 2811 568 2861 templativa
606 2809 652 2846 de
682 2821 759 2858 qua
786 2820 889 2845 nunc
922 2805 1128 2854 loquimur,
1163 2804 1419 2853 principaliter

347 2866 544 2904 ordinatur
571 2864 619 2900 ad
648 2861 995 2900 considerationem
1025 2858 1258 2904 divinorum,
1286 2866 1329 2894 ut
1356 2870 1418 2894 su-

346 2932 416 2970 pra
434 2919 455 2941 *
482 2917 656 2955 habitum
696 2923 772 2962 est,
810 2915 847 2951 in
879 2925 955 2962 qua
988 2912 1157 2960 dirigitur
1185 2913 1303 2948 homo
1323 2915 1339 2939 Υ
1367 2911 1418 2948 ad

347 2971 669 3012 considerandum
700 2968 840 3007 divina.
869 2966 981 3004 Unde
1010 2965 1050 3002 in
1068 2964 1223 3002 laudem
1241 2964 1314 3002 viri
1333 2963 1419 3001 iusti

106 3033 167 3055 ‘¹²⁸-
189 3038 279 3060 Νω-
298 3038 318 3054 ²-
349 3027 484 3065 dicitur
512 3025 552 3062 in
579 3024 734 3061 Psalmo
754 3022 785 3070 ²¹⁸,
816 3020 921 3070 quod
950 3019 987 3055 in
1013 3019 1096 3068 lege
1119 3018 1278 3055 Domini
1303 3018 1417 3054 medi-

347 3081 488 3118 tabitur
505 3079 565 3116 die
583 3090 630 3116 ac
649 3083 766 3114 nocte.
796 3075 845 3112 Et
862 3072 980 3111 Eccli.
998 3083 1108 3108 xxxlx
1125 3071 1146 3093 ²¹²
1165 3071 1320 3108 dicitur:
1350 3071 1418 3107 Sa-

342 3134 527 3183 pientiam
555 3132 798 3180 antiquorum
827 3127 999 3176 exquiret
1024 3125 1184 3173 sapiens,
1213 3130 1248 3160 et
1275 3124 1312 3160 in
1326 3135 1419 3172 pro-

342 3187 466 3236 phetis
490 3186 652 3223 vacabit.
681 3204 707 3213 -
734 3182 820 3220 Alio
850 3180 982 3225 modo,
1008 3177 1175 3215 studium
1211 3177 1418 3214 litterarum

349 3241 455 3278 iuvat
474 3237 813 3288 contemplativam
827 3234 948 3272 vitam
968 3231 1160 3278 indirecte,
1177 3230 1418 3267 removendo

350 3292 680 3340 contemplationis
707 3289 896 3340 pericula,
926 3286 1066 3324 scilicet
1094 3295 1257 3330 erroreS,
1287 3283 1351 3332 qui
1380 3283 1418 3319 in

351 3345 675 3394 contemplatione
691 3343 911 3381 divinorum
931 3341 1148 3388 frequenter
1167 3337 1343 3373 accidunt
1361 3336 1419 3372 his

351 3401 416 3450 qui
455 3398 668 3447 Scripturas
704 3398 903 3445 ignorant:
942 3394 1037 3431 sicut
1073 3391 1111 3428 in
1153 3389 1421 3427 Collationibus

350 3456 509 3492 Patrum
528 3451 549 3474 '⁸'
577 3451 712 3499 legitur
739 3449 845 3499 quod
873 3448 1007 3485 Abbas
1037 3444 1240 3493 Serapion,
1265 3450 1421 3492 propter

1467 666 1766 726 simplicitatem,
1795 670 1925 707 incidit
1960 672 1996 708 in
2026 685 2195 710 errorem
2224 675 2527 724 Anthropomor-

1467 720 1658 767 phitarum
1683 719 1717 769 δ,
1746 723 1844 760 idest
1879 737 2012 761 eorum
2043 726 2107 774 qui
2134 727 2261 764 Deum
2289 728 2430 765 habere
2459 730 2528 766 hu-

1467 785 1622 833 manam
1652 775 1815 812 formam
1844 777 2081 815 arbitrantur.
2120 780 2231 817 Unde
2269 781 2357 818 dicit
2385 782 2529 830 Grego-

1468 838 1631 886 rius,.1n
1658 828 1709 864 VI
1738 829 1882 866 Moral.
1903 830 1942 877 ³¹⁶,
1973 833 2075 879 quod
2106 834 2295 879 nonnulli,
2329 835 2418 871 dum
2441 837 2528 884 plus

1467 887 1672 927 exquirunt
1698 883 1981 930 contemplando
2010 896 2122 932 quam
2152 887 2314 934 capiunt,
2346 900 2461 936 usque
2479 889 2530 926 ad

1463 944 1644 980 perversa
1663 935 1843 984 dogmata
1863 943 2084 985 erumpunt.-
2109 945 2145 975 et
2161 940 2250 976 dum
2267 942 2433 978 veritatis
2451 954 2529 979 esse

1468 985 1639 1034 discipuli
1672 988 1862 1024 humiliter
1898 990 2114 1040 negligunt,
2148 993 2323 1042 magistri
2353 1006 2527 1031 errorum

1461 1039 1571 1085 fiunt.
1602 1040 1651 1076 Et
1679 1049 1835 1089 propter
1854 1042 1927 1078 hoc
1947 1043 2081 1080 dicitur
2099 1045 2220 1081 Eccle.
2243 1058 2265 1082 11
2284 1045 2321 1082 *ι
2356 1048 2531 1097 Cogitavi
2556 1054 2563 1061 ”

1468 1092 1505 1128 in
1535 1094 1647 1129 corde
1675 1106 1758 1130 meo
1786 1095 2003 1132 abstrahere
2034 1109 2057 1133 a
2085 1098 2172 1134 vino
2202 1110 2354 1136 carnem
2383 1112 2527 1146 meam,

1469 1151 1508 1205 ut
1525 1146 1696 1182 animum
1716 1159 1842 1184 meum
1871 1151 2115 1197 transferrem
2140 1151 2191 1187 ad
2215 1153 2448 1199 sapientiam,
2469 1154 2529 1190 de—

1467 1204 1701 1247 vitaremque
1727 1201 1930 1238 stultitiam.

1523 1252 1725 1299 Secundo,
1755 1255 2013 1291 necessarium
2044 1263 2098 1292 est
2127 1256 2292 1293 studium
2322 1257 2528 1295 litterarum

1469 1305 1639 1352 religioni
1668 1306 1855 1344 institutae
1875 1313 1886 1328 Ε
1915 1308 1963 1345 ad
1992 1309 2288 1357 praedicandum
2318 1318 2354 1347 et
2382 1313 2430 1348 ad
2458 1311 2530 1349 alia

1468 1357 1690 1395 huiusmodi
1725 1361 1992 1398 exercendum.
2031 1362 2143 1399 Unde
2177 1364 2383 1411 Apostolus
2421 1364 2529 1411 dicit,

1474 1411 1542 1447 Tit.
1565 1424 1573 1447 1
1593 1411 1633 1458 *,
1664 1413 1710 1448 de
1741 1413 1943 1462 episcopo,
1982 1415 2031 1451 ad
2065 1414 2169 1451 cuius
2199 1416 2368 1453 officium
2402 1417 2529 1454 huius·
2558 1423 2566 1432 ⁴

1470 1464 1576 1501 modi
1605 1473 1710 1501 actus
1739 1466 1946 1514 pertinent:
1975 1468 2266 1515 Amplectentem
2286 1464 2371 1506 eum
2395 1470 2461 1518 qui
2475 1475 2531 1506 se—

1469 1517 1633 1554 cundum
1663 1519 1872 1556 doctrinam
1901 1526 1956 1556 est
1969 1521 2125 1567 fidelem
2145 1533 2372 1558 sermonem:
2402 1528 2443 1558 ut
2463 1534 2531 1571 po-

1469 1575 1548 1607 tens
1583 1572 1631 1608 sit
1666 1573 1864 1609 exhortari
1898 1573 1934 1610 in
1964 1573 2134 1610 doctrina
2165 1586 2273 1620 sana,
2301 1581 2337 1611 et
2371 1587 2433 1612 eos
2469 1576 2535 1623 qui

1469 1625 1732 1662 contradicunt
1757 1638 1934 1676 arguere.
1964 1647 1988 1654 -
2017 1627 2102 1663 Nec
2137 1627 2262 1664 obstat
2297 1628 2400 1676 quod
2428 1629 2532 1677 Apo—

1469 1678 1554 1715 stoli
1587 1679 1732 1728 absque
1761 1680 1886 1716 studio
1915 1680 2121 1727 litterarum
2157 1681 2204 1717 ad
2233 1681 2531 1729 praedicandum

1469 1740 1557 1769 sunt
1585 1733 1712 1769 missi:
1743 1733 1849 1781 quia,
1880 1741 1920 1770 ut
1949 1733 2209 1782 Hieronymus
2239 1734 2346 1781 dicit,
2376 1735 2413 1771 in
2442 1735 2532 1784 Epi-

1469 1788 1565 1825 stola
1593 1788 1645 1825 ad
1669 1788 1871 1825 Paulinum
1891 1787 1922 1834 ²¹²,
1952 1787 2132 1836 quidquid
2157 1787 2241 1824 aliis
2264 1788 2479 1824 exercitatio
2499 1795 2535 1825 et

1468 1841 1687 1891 quotidiana
1721 1842 1757 1878 in
1793 1841 1877 1891 lege
1911 1841 2099 1877 meditatio
2128 1842 2292 1877 tribuere
2324 1842 2432 1887 solet,
2461 1841 2532 1879 illis

1469 1895 1628 1945 Spiritus
1656 1895 1814 1932 Sanctus
1841 1895 2081 1944 suggerebat.

1522 1948 1676 1996 Te‘rtio,
1715 1949 1880 1986 studium
1914 1948 2118 1984 litterarum
2155 1947 2322 1995 religioni
2362 1948 2533 1995 congruit

1469 2010 1655 2051 quantum
1694 2002 1742 2039 ad
1776 2002 1815 2038 id
1844 2001 1957 2050 ,quod
1993 2008 2047 2038 est
2084 2001 2189 2037 omni
2222 2001 2390 2049 religioni
2429 2013 2532 2038 com-

1468 2068 1596 2093 mune.
1627 2057 1736 2092 Valet
1765 2055 1866 2092 enim
1896 2055 1944 2092 ad
1963 2054 2162 2091 vitandum
2184 2054 2305 2091 carnis
2324 2054 2530 2091 lasciviam.

1469 2110 1581 2147 Unde
1624 2109 1886 2158 Hieronymus
1929 2107 2035 2153 dicit,
2074 2108 2126 2144 ad
2160 2108 2356 2145 Rusticum
2391 2108 2532 2145 Mona-

1469 2165 1581 2200 chum
1606 2163 1646 2199 *ε
1689 2164 1790 2200 Ama
1828 2162 2110 2211 Scripturarum
2151 2162 2295 2207 studia,
2338 2167 2373 2198 et
2408 2161 2534 2198 carnis

1469 2217 1559 2254 vitia
1588 2229 1662 2254 non
1692 2217 1848 2253 amabis.
1879 2215 2026 2252 Avertit
2055 2215 2155 2251 enirn
2185 2215 2354 2251 animum
2382 2226 2405 2250 a
2433 2215 2534 2263 cogi-

1470 2271 1612 2308 tatione
1632 2270 1828 2307 lasciviae:
1855 2277 1891 2306 et
1911 2281 2064 2305 carnem
2086 2276 2265 2314 macerat,
2285 2275 2440 2316 propter
2459 2275 2535 2304 stu-

1472 2325 1522 2362 dii
1541 2325 1726 2370 laborem,
1748 2323 1963 2360 secundum
1982 2322 2072 2358 illud
2090 2321 2206 2358 Eccli.
2227 2333 2310 2358 xxm
2329 2320 2369 2357 *z
2397 2321 2535 2370 Vigilia

1470 2379 1671 2416 honestatis
1699 2377 1897 2425 tabefaciet
1913 2387 2058 2412 carnes.
2088 2395 2112 2402 -
2140 2375 2251 2411 Valet
2270 2374 2383 2410 etiam
2404 2375 2452 2410 ad
2473 2387 2536 2410 au-

1471 2432 1671 2469 ferendum
1701 2430 1944 2479 cupiditatem
1967 2428 2196 2466 divitiarum.
2218 2427 2331 2464 Unde
2350 2428 2437 2476 Sap.
2454 2439 2502 2464 vn
2516 2427 2537 2449 ³⁸

1473 2485 1628 2523 dicitur:
1663 2484 1826 2522 Divitias
1859 2483 1952 2520 nihil
1977 2494 2055 2519 esse
2082 2482 2163 2518 dixi
2190 2481 2226 2517 in
2255 2481 2538 2529 comparatione

1472 2539 1581 2576 illius.
1620 2539 1669 2575 Et
1702 2539 1716 2574 I
1746 2537 1929 2574 Machab.
1962 2547 2010 2572 ΧΠ
2043 2534 2064 2556 '¹‘
2101 2534 2255 2571 dicitur:
2289 2534 2374 2570 Nos
2410 2539 2534 2570 autem

1472 2592 1575 2629 nullo
1602 2593 1739 2628 horum
1768 2590 2010 2639 indiguimus,
2040 2587 2180 2624 scilicet
2199 2587 2427 2623 exteriorum
2448 2588 2536 2623 sub-

1472 2645 1676 2691 sidiorum,
1714 2644 1890 2680 habentes
1923 2641 2057 2678 solatio
2088 2645 2237 2676 sanctos
2265 2639 2379 2676 libros
2406 2640 2473 2687 qui
2497 2640 2534 2676 in

1472 2699 1647 2736 manibus
1674 2696 1809 2734 nostris
1836 2700 1932 2732 sunt.
1963 2716 1987 2722 -
2015 2694 2126 2730 Valet
2153 2692 2266 2728 etiam
2287 2692 2334 2729 ad
2354 2692 2534 2729 obedien-

1471 2753 1544 2789 tiae
1571 2752 1856 2789 documentum.
1877 2748 1988 2785 Unde
2008 2746 2240 2794 Augustinus
2261 2745 2359 2791 dicit,
2381 2745 2419 2781 in
2438 2745 2534 2781 libro

1472 2807 1518 2843 de
1536 2805 1717 2853 Operibus
1734 2803 1918 2840 Monach.
1938 2800 1979 2837 *ε
2014 2801 2118 2842 Quae
2137 2804 2191 2835 est
2208 2799 2277 2835 ista
2294 2799 2534 2847 perversitas,
2563 2805 2570 2811 ·

1473 2858 1621 2896 lectioni
1648 2856 1746 2893 nolle
1773 2856 2048 2903 obtemperare,
2081 2853 2170 2889 dum
2202 2851 2283 2888 vult
2308 2852 2344 2887 ei
2368 2851 2536 2888 uacare?

1526 2913 1575 2948 Et
1602 2911 1688 2947 ideo
1717 2908 1960 2945 manifestum
1990 2915 2045 2943 est
2081 2905 2186 2954 quod
2219 2916 2385 2952 congrue
2412 2911 2537 2952 potest

1472 2964 1612 3001 institui
1641 2963 1769 3010 religio
1799 2961 1847 2998 ad
1875 2960 2041 2997 studium
2071 2959 2290 2995 litterarum.

1525 3019 1584 3054 AD
1603 3027 1742 3054 PmMUM
1762 3025 1862 3052 ERGO
1882 3024 2067 3051 DmENDUM
2088 3011 2191 3060 quod
2213 3011 2349 3048 Glossa
2363 3010 2384 3031 ³¹⁸
2402 3010 2454 3046 ibi
2475 3022 2534 3046 ex-

1471 3071 1580 3120 ponit
1615 3070 1662 3107 de
1691 3069 1809 3106 littera
1836 3066 1975 3104 veteris
2003 3065 2110 3112 legis:
2145 3065 2192 3100 de
2222 3075 2297 3112 qua
2328 3063 2535 3112 Apostolus

1473 3124 1573 3168 dicit,
1601 3124 1631 3159 11
1656 3123 1708 3159 ad
1733 3122 1821 3158 Cor.
1847 3132 1882 3157 111
1901 3119 1938 3156 *z
1968 3119 2109 3155 Littera
2142 3117 2284 3153 occidit.
2314 3117 2426 3153 Unde
2459 3127 2535 3152 non

1473 3187 1702 3226 cognoscere
1728 3175 1976 3211 litteraturam
2011 3179 2066 3207 est
2093 3182 2170 3206 non
2199 3170 2412 3217 approbare
2442 3169 2536 3205 litte-

1474 3231 1592 3266 ralem
1623 3226 1951 3265 circumcisionem
1981 3232 2017 3261 et
2045 3231 2187 3260 ceteras
2216 3223 2384 3259 carnales
2409 3222 2537 3258 obser·

1473 3290 1632 3320 vant1as.

1526 3337 1585 3371 Ao
1613 3344 1805 3370 SECUNDUM
1829 3342 2012 3368 DICENDUM
2033 3329 2136 3378 quod
2156 3328 2323 3365 studium
2343 3328 2392 3364 ad
2417 3327 2538 3364 scien-

1473 3388 1564 3424 tiam
1594 3386 1804 3423 ordinatur:
1827 3396 1926 3432 quae
1954 3383 2032 3419 sine
2059 3382 2210 3418 caritate
2230 3381 2337 3429 inflat
2351 3380 2384 3427 ²¹⁴,
2407 3388 2443 3417 et
2467 3392 2537 3429 per
2563 3384 2626 3435 ζωῇ

1475 3451 1714 3487 consequens
1751 3436 2006 3474 dissensiones
2048 3435 2151 3481 facit,
2197 3435 2409 3471 secundum
2446 3433 2535 3470 illud

405 3570 432 3602 α)
447 3570 646 3601 perseverat.-
658 3567 814 3598 perseveret
833 3563 915 3589 PCsK
934 3569 960 3589 et
978 3571 1004 3590 a.

406 3605 431 3638 β)
450 3603 615 3637 religioni.-
634 3601 767 3634 religiosis
786 3600 832 3625 Pa.

404 3642 431 3675 γ)
452 3641 538 3665 homo.
550 3653 569 3658 -
583 3645 635 3671 per
653 3636 772 3662 studium
792 3635 864 3660 addit
881 3635 909 3660 P.

1526 3555 1551 3588 ὃ)
1564 3554 1909 3587 Anthropomorphitarum.
1917 3566 1936 3572 -
1948 3551 2277 3584 Anthropomorptitarum
2290 3551 2407 3583 ABLpK,
2419 3550 2535 3575 Anthro-

1470 3591 1691 3625 pomorphiarum
1712 3591 1730 3619 Ι,
1748 3589 2058 3621 Anthropomorlitarum
2080 3587 2110 3612 E.

1527 3628 1549 3660 ε)
1569 3626 1694 3659 religioni
1712 3625 1859 3650 institutae.
1870 3637 1890 3644 —
1907 3623 2041 3657 religiosis
2059 3622 2189 3647 institutis
2207 3623 2253 3648 Pa.

2555 844 2564 854 “
2575 844 2631 875 (ὶερ,

2554 877 2599 892 xvn
2605 887 2611 897 ‚
2622 877 2629 892 ι

2640 851 2727 871 mvn,
2736 846 2764 867 al.

2632 877 2645 892 n
2653 875 2698 893 vet.
2705 878 2765 893 xxvi.

2579 1052 2644 1074 Vei-⁸.
2660 1058 2679 1080 3.

2582 1422 2646 1443 Vers.
2661 1429 2683 1451 9.

2561 1796 2742 1851 h1¹i1⁹i3¹·3¹‘¹¹¹'
2753 1802 2765 1817 ι

2561 2167 2570 2176 “
2583 2165 2657 2213 Epist.
2677 2165 2768 2191 CXXV,

2560 2193 2588 2214 al.
2614 2192 2643 2219 V,
2658 2197 2681 2213 n.
2697 2198 2721 2213 ιι.

2562 2325 2571 2334 ·
2586 2323 2652 2344 Vere.
2667 2329 2682 2344 ι.

2563 2432 2572 2442 ⁸
2588 2432 2654 2453 Vere.
2669 2432 2690 2454 8.

2561 2541 2572 2551 ⁸
2587 2540 2652 2562 Vers.
2667 2544 2689 2566 9.

2563 3012 2649 3060 {3235}
2670 3013 2731 3040 Aug.
2752 3017 2768 3033 ei

2561 3120 2572 3130 ⁸
2587 3119 2652 3140 Vere.
2668 3119 2690 3140 6.
