2768 4198
294 305 365 340 180

943 302 1212 348 QUAESTIO
1243 301 1419 350 CXLIX,
1453 303 1752 341 ARTICULUS
1783 304 1831 340 lll

288 384 467 416 distinctiva
490 393 557 414 non
581 390 655 414 sunt
679 382 834 423 impedire
856 382 1015 411 rationem
1040 386 1070 410 et
1093 380 1248 420 impedire
1262 381 1361 410 ratio·
1386 382 1388 426 1
1417 380 1554 412 diversas
1577 382 1725 419 rationes,
1750 383 1927 414 secundum
1952 383 2042 424 quod
2066 389 2162 423 potus
2180 382 2372 413 delectabilis
2396 388 2488 413 natus

289 439 359 460 nem
384 439 448 469 per
466 429 713 469 fumositatem;
744 427 797 456 sed
830 432 904 455 sunt
927 424 1114 454 delectabile
1145 434 1186 454 ex
1209 424 1359 455 immode-

287 569 410 592 constat
433 561 522 602 quod
546 570 612 590 non
637 569 669 589 se
693 559 810 588 habent
826 557 907 587 sicut
923 556 1070 596 superius
1092 563 1123 587 et
1146 556 1287 592 inferius,
1305 557 1361 587 sed

285 661 343 681 nec
367 657 413 680 est
437 649 556 689 species
580 646 798 681 abstinentiae,
823 655 881 675 nec
905 645 1057 676 coincidit
1080 655 1156 675 cum
1179 645 1242 675 illa.

47 744 56 752 ·
65 742 134 763 Num.
147 747 173 768 ιι,
184 740 213 762 Si
223 740 259 761 di-

46 770 115 790 catur
285 738 437 773 lectabile‚
455 743 491 767 ut
507 735 674 766 subiuncta
691 734 828 765 obiectio
840 734 858 752 *
874 733 1027 775 opponit:
1046 734 1101 764 sed
1117 734 1254 765 dicimus
1270 734 1359 775 quod

286 790 418 822 utraque
443 781 542 810 virtus
566 787 612 809 est
636 779 716 809 circa
736 778 920 809 delectabile
935 778 968 808 in
985 785 1076 818 potu,
1102 779 1157 809 sed
1182 778 1361 809 secundum

1386 555 1388 599 ξ
1415 558 1542 596 guenda
1557 567 1575 588 a
1589 559 1674 598 gula,
1692 559 1748 589 sed
1763 560 1916 591 sobrietas
1936 561 1976 591 ab
2000 560 2190 591 abstinentia
2201 559 2229 591 *.
2253 560 2295 590 Et
2318 559 2408 600 quod
2433 558 2490 589 fal-

285 607 374 647 quod
398 604 541 645 specifice
565 604 645 634 inter
661 613 694 633 se
711 602 960 641 distinguuntur.
985 603 1032 631 Ac
1047 610 1103 641 per
1118 601 1191 637 hoc,
1207 601 1360 632 sobrietas
1386 606 1387 645 ᾗ

1386 428 1388 455 ἶ
1416 432 1463 455 est
1486 425 1615 456 diversis
1639 426 1814 458 rationibus
1837 427 1992 468 impedire
2015 427 2146 458 rationis
2170 428 2304 463 bonum,
2329 433 2364 457 ut
2387 426 2487 457 decla-

288 474 398 504 rantia
421 483 481 504 sua
506 472 680 512 impediens
704 471 876 506 rationem,
901 475 932 499 et
955 468 1142 498 delectabile
1163 478 1205 498 ex
1221 477 1258 498 eo
1277 468 1363 509 quod
1386 459 1388 504 l
1415 475 1522 500 ratum
1545 476 1592 500 est
1605 470 1633 501 *.

286 523 334 549 est
356 519 439 548 ratio
454 517 670 558 fumositatis,
695 520 764 551 etc„
789 513 962 553 impediens
985 513 1154 542 rationem.
1179 512 1271 549 Quae
1294 512 1360 542 duo
1386 509 1388 547 l

2518 465 2527 473 ⁶
2541 462 2612 485 Num.
2629 470 2661 485 ιιι.

1471 513 1519 543 Ex
1549 513 1666 554 quibus
1694 521 1781 555 patet
1811 516 1901 557 quod
1924 500 1991 547 non
2015 516 2122 547 solum
2146 515 2278 547 ebrietas
2310 521 2357 546 est
2381 514 2489 545 distin—

2518 560 2527 568 ·
2541 558 2577 580 ct.
2587 564 2651 580 num.
2663 564 2688 585 n,
2699 558 2732 580 Et

1415 610 1487 631 sum
1512 608 1559 632 est
1583 603 1672 644 quod
1695 603 1885 635 abstinentia
1904 612 2005 645 ponat
2019 611 2194 646 utrumque
2211 605 2346 640 bonum,
2371 602 2491 634 scilicet
2512 591 2559 613 per
2574 585 2640 606 '¹⁶²⁰'

1386 659 1387 664 ¹
1415 646 1603 686 oppositum
1628 646 1755 688 utrique
1778 648 1867 679 vitio.
1899 649 1994 680 Ponit
2017 649 2104 680 enim
2128 649 2328 680 moderatam
2356 647 2490 678 delecta-

342 694 435 724 Unde
451 699 537 733 patet
554 691 643 732 quod
659 700 725 721 non
743 699 898 730 negamus
914 689 1119 720 sobrietatem
1133 699 1199 720 esse
1213 689 1294 720 circa
1308 689 1360 720 de-
1386 693 1387 699 ¹

1413 689 1536 720 tionem
1559 690 1593 720 in
1617 697 1711 731 potu:
1737 692 1792 722 sed
1816 702 1882 723 non
1898 693 1991 733 ponit
2005 694 2162 724 rationem
2179 693 2356 734 expeditam
2374 703 2392 722 a
2409 700 2488 733 potu

1415 734 1591 766 delectabili
1616 742 1651 766 ut
1675 742 1722 766 est
1744 735 1825 766 ratio
1849 736 2053 776 fumositatis,
2071 738 2125 768 sed
2148 737 2358 769 solummodo
2374 747 2392 767 a
2409 744 2488 777 potu

1414 778 1591 810 delectabili
1615 779 1795 810 secundum
1818 790 1861 811 se.

1095 915 1419 958 ARTICULUS
1447 915 1680 958 TERTIUS

882 1012 1040 1043 UTRUM
1065 1011 1172 1042 usus
1196 1011 1284 1042 VINI
1309 1010 1567 1042 TOTALITER
1591 1011 1658 1042 alr
1683 1010 1897 1042 1LL1C1TUS

1173 1090 1182 1114 l
1205 1089 1243 1114 ad
1265 1089 1341 1119 Tim„
1361 1097 1418 1123 cap.
1438 1097 1462 1119 v,
1482 1090 1542 1115 lect.
1561 1097 1599 1115 111.

323 1193 379 1219 1,ae*}
405 1196 473 1237 μᾷ(

335 1269 339 1279 .
422 1234 467 1274 Μ

302 1315 323 1326 ’“
364 1326 409 1345 ἰω
454 1325 469 1354 χ

397 1350 425 1361 >,1
470 1355 472 1357 >

497 1184 520 1209 D
549 1183 709 1209 TERTmM
724 1183 778 1209 SIC
800 1183 1042 1209 paocam‘rua.
1067 1170 1228 1208 Videtur
1251 1169 1358 1219 quod
1383 1172 1385 1225 l
1412 1169 1506 1207 dum
1542 1170 1770 1208 sententiam
1809 1171 1968 1209 Domini
2005 1171 2184 1221 dicentis,
2215 1173 2351 1212 Matth.
2378 1187 2427 1213 xv
2447 1174 2489 1213 *z
2519 1183 2529 1193 ⁸
2545 1182 2651 1204 ven-¹¹·

498 1238 589 1262 usus
617 1225 696 1263 vini
724 1225 887 1264 totaliter
915 1225 961 1262 sit
988 1225 1148 1262 illicitus.
1179 1224 1270 1261 Sine
1299 1235 1358 1261 sa·
1383 1227 1385 1262 i
1411 1223 1522 1261 Nihil
1548 1224 1651 1272 quod
1677 1224 1795 1262 intrat
1819 1225 1857 1262 in
1887 1237 1941 1271 os,
1961 1226 2184 1275 coinquinat
2208 1227 2413 1266 hominem.
2443 1229 2492 1266 Et

434 1264 638 1328 '(pientia
667 1280 769 1317 enim
799 1291 878 1316 non
897 1286 1024 1328 potest
1051 1278 1188 1327 aliquis
1216 1289 1299 1315 esse
1318 1277 1358 1314 in
1411 1276 1499 1314 ideo
1529 1277 1660 1314 bibere
1687 1277 1836 1326 vinum,
1858 1278 2075 1316 secundum
2104 1292 2144 1317 se
2173 1281 2385 1330 loquendo,
2413 1293 2492 1319 non

1412 1337 1468 1367 est
1487 1330 1670 1368 illicitum.
1699 1332 1831 1369 Potest
1849 1339 1979 1369 tamen
2008 1332 2178 1371 illicitum
2207 1333 2316 1372 reddi
2344 1346 2414 1384 per
2432 1347 2493 1372 ac-

283 1385 488 1422 Neminem
517 1386 641 1437 diligit
665 1387 770 1424 Deus
795 1386 868 1422 nisi
893 1386 959 1435 qui
976 1397 1062 1423 cum
1090 1385 1274 1434 sapientia
1303 1385 1358 1421 in·
1383 1385 1386 1434 l
1413 1383 1554 1421 cidens.
1586 1384 1833 1436 Quandoque
1863 1385 2019 1435 quidem
2040 1398 2086 1424 ex
2115 1387 2336 1426 conditione
2359 1388 2493 1426 biben-

1385 1457 1386 1476 ι
1412 1437 1470 1485 tis,
1491 1437 1557 1486 qui
1576 1450 1599 1475 a
1617 1438 1710 1476 vino
1740 1438 1787 1476 de
1812 1439 1911 1477 sacili
1939 1439 2112 1488 laeditur,
2131 1441 2195 1478 vel
2213 1440 2280 1490 qui
2299 1438 2314 1471 β
2342 1453 2390 1479 ex
2408 1454 2494 1492 spe·
2620 1439 2635 1473 β

1414 1490 1496 1528 ciali
1531 1499 1626 1528 voto
1666 1492 1854 1541 obligatur
1889 1495 1938 1531 ad
1975 1493 2111 1531 vinum
2150 1506 2230 1532 non
2267 1494 2492 1533 bibendum.

283 1545 363 1583 vini
392 1546 552 1595 impedit
571 1547 817 1595 sapientiam:
849 1546 984 1584 dicitur
1009 1546 1112 1583 enirn
1131 1546 1256 1583 Eccle.
1278 1557 1301 1582 11
1320 1545 1358 1581 *z
1386 1542 1387 1591 ᾗ
1415 1544 1663 1594 Quandoque
1682 1554 1812 1583 autem
1833 1558 1878 1583 ex
1899 1546 2021 1584 modo
2041 1547 2218 1585 bibendi:
2244 1548 2334 1596 quia
2353 1548 2495 1586 scilicet

289 1599 467 1649 Cogitavi
478 1601 698 1638 abstrahere
711 1613 735 1638 a
754 1601 843 1638 vino
858 1612 1014 1637 carnem
1029 1611 1168 1646 meam,
1185 1605 1226 1636 ut
1239 1604 1359 1635 trans-
1385 1609 1388 1660 ἶ
1415 1610 1639 1636 mensuram
1658 1598 1697 1636 in
1717 1599 1887 1637 bibendo
1909 1600 2068 1638 excedit.
2095 1600 2493 1650 Quandoque'autem

45 1340 184 1361 ‘Vm-2⁸-
474 1340 595 1370 statu
633 1333 779 1370 salutis:
817 1332 953 1370 dicitur
991 1331 1094 1369 enim
1131 1332 1220 1380 Sap.
1249 1343 1298 1368 vu
1317 1330 1357 1367 *ε

45 1446 53 1453 ·
68 1444 134 1466 Vers·
151 1450 182 1471 ¹9·
283 1439 448 1483 habitat,·
476 1447 513 1476 et
532 1439 640 1487 infra,
662 1452 698 1477 ix
715 1440 755 1477 *ε
785 1440 859 1476 Per
876 1439 1099 1488 sapientiam
1127 1439 1253 1476 sanati
1273 1443 1362 1475 sunt

284 1493 510 1540 quicumque
531 1493 763 1542 placuerunt
789 1493 855 1530 tihi
880 1505 904 1530 a
927 1492 1128 1542 principio.
1161 1492 1239 1529 Sed
1267 1504 1359 1529 usus
1385 1523 1387 1537 ἱ

46 1558 54 1565 “
68 1556 134 1577 Vera.
150 1562 169 1584 3.

272 1654 425 1701 ferrem
445 1654 615 1690 animam
635 1666 761 1692 meam
782 1654 835 1691 ad
850 1653 1086 1702 sapientiam.
1117 1653 1219 1701 Ergo
1246 1659 1361 1702 potus

283 1706 363 1743 vini
392 1714 448 1743 est
475 1706 739 1744 universaliter
766 1706 924 1744 illicitus.

44 1766 54 1775 ⁸
70 1764 135 1785 Vers.
151 1770 180 1785 21.

284 1825 375 1849 num
404 1819 459 1850 est
493 1825 568 1850 non
605 1814 841 1850 manducare
875 1824 1031 1849 carnem
1059 1817 1096 1848 et
1131 1823 1206 1848 non
1236 1812 1363 1848 bibere

283 1866 432 1912 vinum,
463 1878 584 1915 neque
621 1867 658 1904 in
695 1878 769 1915 quo
786 1867 919 1915 frater
946 1871 1031 1902 tuus
1063 1864 1269 1915 offenditur
1296 1870 1365 1901 aut

282 1919 561 1968 scandalizatur
588 1926 656 1957 aut
682 1920 910 1967 infirmatur.
942 1918 1019 1956 Sed
1045 1930 1194 1955 cessare
1213 1931 1235 1955 a
1255 1918 1360 1955 bono
1388 1933 1389 1937 ¹

283 1973 430 2010 virtutis
460 1981 516 2010 est
543 1973 745 2011 vitiosum:
777 1981 813 2010 et
841 1972 1012 2010 similiter
1049 1971 1226 2009 fratribus
1255 1984 1362 2009 scan-

285 2027 414 2064 dalum
444 2039 603 2076 ponere.
634 2028 737 2075 Ergo
766 2027 820 2063 uti
847 2027 939 2063 vino
969 2034 1025 2064 est
1053 2025 1235 2063 illicitum.

46 2082 255 2105 ’⁶¹’²¹¹·¹⁰”‘'⁷¹·¹³¹³·
340 2082 374 2117 3.
396 2081 632 2127 ΡκΑΕτΕκΕΑ,
654 2081 918 2129 Hieronymus
943 2079 1032 2117 dicit
1050 2078 1071 2100 *
1100 2080 1205 2128 quod
1229 2079 1361 2116 vinum

44 2110 61 2131 1.
78 2121 88 2126 -
105 2110 139 2131 Cf.
158 2115 208 2130 can.
225 2109 256 2130 Ab

45 2136 215 2162 ‘⁸⁰rd1‘ffidss1*
227 2135 255 2156 V-
284 2146 370 2171 cum
400 2135 578 2171 carnibus
601 2140 690 2183 post
710 2134 894 2171 diluvium
915 2139 970 2170 est
986 2132 1221 2171 dedicatum:
1255 2133 1362 2171 Chri·
1388 2151 1389 2155 =

283 2194 360 2225 stus
387 2193 513 2225 autem
542 2188 644 2225 venit
670 2188 707 2224 in
725 2189 813 2236 fine
837 2186 1093 2232 saeculorum,
1123 2193 1159 2224 et
1185 2186 1363 2223 extremi-

143 2248 159 2265 α
285 2247 397 2279 tatem
433 2242 594 2278 retraxit
623 2247 639 2263 α
667 2241 720 2278 ad
747 2241 995 2290 principium.
1032 2243 1158 2288 Ergo,
1186 2247 1362 2289 tempore

287 2294 524 2332 Christianae
553 2294 657 2343 legis,
677 2294 830 2332 videtur
859 2306 944 2331 esse
972 2294 1143 2331 illicitum
1174 2293 1267 2331 vino
1296 2293 1362 2330 uti.

341 2350 416 2386 SED
436 2359 583 2386 CONTRA
603 2359 670 2385 EST
689 2348 796 2396 quod
816 2348 1028 2396 Apostolus
1047 2347 1148 2394 dicit,
1167 2348 1179 2383 1
1196 2347 1249 2384 ad
1266 2347 1362 2384 Tim.

286 2414 310 2439 v
328 2402 367 2439 *t
397 2401 493 2439 Noli
519 2402 644 2439 adhuc
671 2413 813 2450 aquam
843 2401 981 2447 bibere,
1006 2401 1074 2438 sed
1099 2400 1247 2437 modico
1275 2401 1363 2437 vino

288 2461 402 2502 utere,
417 2461 576 2504 propter
602 2456 838 2492 stomachum
868 2460 974 2491 tuum
1002 2460 1039 2491 et
1057 2455 1282 2503 frequentes
1310 2454 1365 2491 in-

276 2510 493 2558 firmitates.
524 2510 573 2546 Et
591 2509 708 2546 Eccli.
729 2520 813 2545 xxm
833 2507 852 2529 ²¹⁸
882 2507 1035 2546 dicitur:
1063 2508 1260 2545 Exultatio
1284 2508 1365 2544 ani-

288 2575 374 2600 mae
401 2568 437 2599 et
463 2562 587 2599 cordis
615 2562 746 2599 vinum
775 2562 969 2599 moderate
991 2567 1178 2610 potatum.

342 2617 570 2653 RssspoNnEo
591 2627 777 2653 Dici-:unum
798 2615 905 2663 quod
925 2615 1052 2652 nullus
1079 2615 1187 2651 cibus
1214 2615 1277 2651 vel
1296 2626 1366 2664 po-

287 2678 357 2717 tus,
379 2669 592 2706 secundum
614 2682 654 2706 se
676 2669 949 2715 consideratus,
968 2677 1022 2706 est
1041 2668 1208 2706 illicitus:
1231 2680 1365 2706 secun-

46 2405 55 2413 ·
71 2403 136 2425 Vers.
152 2410 184 2431 ²3-

47 2510 57 2519 ⁸
71 2508 138 2530 Vers.
154 2509 189 2537 36.

342 2783 369 2813 α)
390 2781 518 2806 retraxit.
533 2794 551 2800 —
571 2781 662 2806 traxit
681 2780 756 2805 BFK.

343 2816 367 2850 β)
388 2817 434 2850 qui
451 2824 496 2842 a...
516 2816 570 2850 qui.
585 2830 602 2835 -
621 2816 712 2848 quia...
731 2816 795 2849 quia
815 2816 845 2841 P.

340 2854 367 2887 γ)
387 2853 649 2885 scandalizarentur.
661 2866 681 2871 -
698 2852 923 2885 scandalizantur
943 2852 1037 2878 PDGa.

339 1772 374 1796 2.
396 1761 632 1807 PRAETEREA,
652 1761 862 1809 Apostolus
883 1759 983 1806 dicit,
1003 1760 1117 1796 Rom.
1138 1770 1199 1795 xtv
1217 1758 1256 1795 *τ
1286 1760 1362 1795 Βο-
1387 1790 1389 1794 .

1386 1662 1388 1705 ᾗ
1415 1663 1461 1688 ex
1489 1659 1597 1700 parte
1626 1652 1802 1701 aliorum,
1826 1653 1890 1703 qui
1920 1665 1966 1690 ex
1994 1654 2070 1691 hoc
2098 1654 2447 1694 scandalizarentur
2463 1659 2492 1694 Υ.
2619 1655 2635 1681 Υ

1468 1707 1528 1742 An
1558 1717 1696 1743 ramum
1725 1718 1824 1744 isaeo
1854 1718 2041 1744 memnon
2060 1709 2167 1757 quod
2196 1707 2382 1758 sapientia
2410 1715 2494 1758 pot-

1416 1765 1472 1794 est
1499 1758 1635 1796 haberi
1663 1759 1871 1808 dupliciter.
1901 1760 1990 1798 Uno
2019 1761 2153 1809 modo,
2173 1762 2387 1800 secundum
2409 1774 2493 1800 mo·

1417 1810 1511 1847 dum
1541 1823 1804 1860 communem,
1833 1821 1949 1862 prout
1977 1815 2118 1852 sufficit
2145 1816 2194 1853 ad
2232 1816 2407 1853 salutern.
2445 1815 2496 1853 Et

1415 1863 1469 1900 sic
1498 1876 1577 1902 non
1597 1865 1800 1914 requiritur
1828 1866 1876 1904 ad
1897 1867 2123 1915 sapientiam
2147 1869 2368 1907 habendam
2388 1869 2495 1918 quod

1416 1916 1552 1965 aliquis
1573 1929 1596 1954 a
1624 1918 1716 1955 vino
1746 1919 1908 1957 omnino
1929 1919 2130 1969 abstineat,
2149 1921 2218 1959 sed
2246 1918 2352 1971 quod
2381 1922 2494 1961 absti-

1415 1978 1504 2008 neat
1532 1971 1581 2008 ab
1611 1971 1868 2010 immoderato
1899 1985 1971 2011 usu
1999 1973 2092 2011 vini.
2113 1995 2138 2002 -
2166 1973 2253 2011 Alio
2282 1975 2417 2023 modo,
2437 1988 2495 2014 se·

1417 2024 1588 2062 cundum
1609 2026 1806 2074 quendam
1825 2026 2069 2075 perfectionis
2087 2027 2263 2076 gradum.
2293 2029 2344 2065 Et
2366 2027 2420 2066 sic
2438 2041 2496 2066 re-

1416 2077 1576 2126 quiritur
1603 2078 1641 2116 in
1666 2079 1866 2129 aliquibus,
1888 2080 1937 2118 ad
1965 2081 2133 2130 perfecte
2156 2081 2382 2131 sapientiam
2410 2093 2497 2132 per—

1417 2131 1648 2181 cipiendam,
1678 2134 1783 2182 quod
1813 2133 1974 2171 omnino
2003 2146 2026 2171 a
2053 2134 2147 2172 vino
2175 2135 2410 2173 abstineant:
2438 2147 2496 2174 se-

1388 2191 1390 2230 5
1417 2185 1590 2223 cundum
1626 2186 1865 2225 conditiones
1894 2188 2137 2238 quarundam
2174 2201 2431 2239 personarum
2460 2197 2498 2228 et

1417 2239 1606 2278 locorum.

1471 2295 1531 2330 An
1569 2305 1762 2331 SECUNDUM
1799 2306 1986 2332 Dicannum
2023 2295 2131 2344 quod
2169 2297 2381 2346 Apostolus
2415 2307 2496 2334 non

1419 2346 1638 2396 simpliciter
1676 2347 1765 2384 dicit
1802 2347 1951 2385 bonum
1982 2360 2065 2385 esse
2102 2349 2293 2386 abstinere
2322 2362 2345 2387 a
2379 2349 2494 2388 vino:

1419 2400 1487 2438 sed
1515 2400 1554 2437 in
1583 2412 1673 2437 casu
1693 2400 1731 2438 in
1760 2413 1839 2450 quo
1869 2413 1915 2438 ex
1942 2402 2017 2439 hoc
2036 2401 2151 2452 aliqui
2178 2402 2494 2441 scandalizantur.

1472 2455 1531 2491 AD
1568 2465 1730 2492 ‘ram-mm
1764 2466 1949 2492 DicENDUM
1988 2455 2095 2503 quod
2133 2454 2306 2493 Christus
2343 2455 2497 2494 retrahit

1390 2538 1392 2549 ,
1418 2519 1490 2544 nos
1510 2519 1533 2544 a
1561 2507 1793 2555 quibusdam
1813 2508 1909 2546 sicut
1931 2508 2093 2546 omnino
2116 2508 2269 2546 illicitis:
2299 2521 2322 2546 a
2340 2509 2497 2558 quibus-

1420 2561 1510 2598 dam
1538 2573 1633 2598 vero
1654 2561 1750 2598 sicut
1778 2562 1827 2598 ab
1847 2561 2133 2611 impedimentis
2161 2562 2417 2611 perfectionis.
2446 2563 2498 2601 Et

1391 2647 1393 2655 ,
1418 2615 1494 2652 hoc
1522 2614 1641 2652 modo
1663 2615 1817 2652 retrahit
1845 2614 1994 2665 aliquos
2012 2613 2026 2638 ὅ
2055 2627 2077 2653 a
2104 2615 2198 2653 vino
2218 2615 2345 2653 studio
2372 2617 2496 2666 perfe-
2622 2612 2638 2639 ⁸

1419 2668 1575 2716 ctionis,
1606 2668 1702 2706 sicut
1730 2675 1766 2705 et
1794 2681 1816 2706 a
1845 2668 1984 2706 divitiis
2014 2676 2051 2706 et
2077 2668 2159 2706 aliis
2187 2668 2422 2707 huiusmodi.

1473 2779 1498 2813 δ)
1518 2781 1663 2814 aliquos.-
1681 2788 1730 2806 nos
1749 2780 1880 2806 BDFK.-
1898 2780 1950 2806 Pro
1969 2780 2068 2810 studio,
2083 2783 2200 2814 propter
2223 2781 2343 2807 studium
2363 2781 2442 2815 PGa3
2462 2783 2499 2810 Et

1419 2817 1495 2842 hoc...
1511 2816 1688 2851 perfectionis
1707 2824 1760 2842 om.
1781 2816 1799 2841 l.

968 2932 1308 2965 commentaria
1330 2932 1586 2966 cardinalis
1608 2931 1816 2966 Caietam

321 3023 340 3042 N
357 3012 490 3043 articulo
514 3012 608 3043 tertio
632 3011 777 3042 eiusdem
801 3012 1008 3053 quaestionis,
1034 3013 1066 3043 in
1091 3013 1301 3053 responsione
1325 3013 1365 3043 ad

53 3066 262 3097 Quaesobriez„
293 3025 475 3097 Iprimum,
490 3056 616 3087 adverte
633 3057 722 3097 quod
739 3056 905 3093 Martinus,
920 3057 975 3087 ubi
991 3067 1087 3097 supra
1099 3057 1125 3093 *,
1144 3057 1235 3088 dicit:
1265 3070 1279 3085 ι
1298 3057 1365 3088 Nec

52 3093 262 3146 ssflrss'fflfffsscom
290 3101 392 3142 placet
416 3101 494 3132 mihi
519 3101 631 3141 opinio
655 3101 802 3131 Thomae
826 3101 957 3132 dicentis
980 3102 1080 3143 quod,
1104 3101 1177 3133 licet
1193 3102 1232 3133 ad
1256 3102 1365 3143 acqui-

290 3146 426 3176 rendum
449 3145 637 3186 sapiet-itiam
661 3152 819 3186 quantum
843 3145 959 3177 sufficit
978 3146 1017 3176 ad
1041 3146 1188 3183 salutem,
1212 3156 1278 3177 non
1302 3146 1365 3177 exi-

290 3197 381 3230 gatur
410 3190 546 3221 omnino
579 3189 734 3221 abstinere
763 3201 781 3221 a
803 3190 894 3227 vino;
920 3191 959 3221 ad
993 3191 1224 3232 acquirendum
1258 3198 1364 3222 tamen

291 3245 361 3265 earn
387 3235 565 3266 secundum
595 3235 758 3276 quendam
788 3235 992 3275 perfectionis
1021 3236 1171 3276 gradum,
1196 3235 1367 3277 requiritur

291 3279 323 3308 in
341 3279 499 3320 aliquibus
515 3280 605 3320 quod
629 3280 764 3310 omnino
788 3280 981 3311 abstineant:
1006 3280 1066 3311 nisi
1081 3281 1156 3312 velit
1171 3281 1291 3311 salvare
1311 3290 1367 3321 per

293 3323 354 3354 hoc
377 3325 466 3363 quod
489 3324 642 3364 adiungit,
658 3324 835 3356 secundum
852 3325 1050 3356 conditiones
1065 3325 1270 3366 quarundam
1289 3335 1366 3366 per-

293 3376 446 3398 sonarum
471 3374 501 3399 et
524 3369 678 3400 Iocorum.
708 3370 793 3407 Quia
821 3379 887 3400 non
911 3369 1036 3400 videtur
1066 3369 1144 3401 mihi
1175 3370 1265 3411 quod
1288 3380 1367 3401 usus

294 3411 390 3442 sobrii
414 3412 478 3442 vini
503 3421 616 3444 noceat
639 3413 840 3454 acquisitioni
864 3414 1043 3445 excellentis
1067 3414 1248 3455 sapientiae.
1262 3426 1276 3442 ²

351 3456 400 3486 Ad
425 3456 507 3487 hanc
531 3457 689 3497 siquidem
706 3458 833 3489 Martini
858 3459 1073 3490 obiectionem
1091 3469 1157 3490 non
1178 3465 1306 3499 oportet
1321 3468 1368 3489 re-

295 3500 461 3540 spondere.
493 3501 580 3531 Turn
609 3501 684 3542 quia
711 3502 811 3533 littera
836 3503 917 3534 clare
941 3503 1031 3540 dicit,
1054 3503 1231 3535 secundum
1259 3503 1367 3534 condi·

295 3546 397 3575 tiones
419 3554 656 3584 personarum:
679 3553 709 3576 et
725 3556 790 3577 non
811 3547 886 3578 dicit
909 3548 1054 3579 absolute
1077 3548 1167 3590 quqd
1187 3554 1284 3588 potus
1302 3546 1366 3577 vini

1418 3012 1572 3053 impediat
1595 3023 1613 3043 a
1637 3012 1775 3054 perfecta
1806 3013 1971 3054 sapientia.
2004 3013 2097 3044 Unde
2119 3013 2182 3044 hoc
2205 3023 2270 3044 non
2300 3022 2346 3045 est
2376 3014 2495 3046 salvare

1420 3056 1608 3093 doctrinam,
1633 3057 1725 3098 quasi
1748 3057 1988 3099 periclitantem,
2014 3064 2050 3089 ut
2072 3066 2208 3098 arguens
2230 3065 2341 3089 sonat:
2366 3059 2421 3090 sed
2437 3069 2495 3090 sua

1419 3101 1557 3132 obiectio
1575 3109 1621 3133 est
1636 3101 1804 3134 manifesta
1821 3102 1935 3133 divisio
1960 3108 2136 3134 contextus.
2152 3119 2173 3126 -
2190 3102 2278 3133 Tum
2296 3102 2381 3144 quia,
2399 3103 2495 3135 etiam

1419 3146 1445 3176 si
1465 3149 1588 3177 Auctor
1607 3156 1673 3178 non
1690 3147 1903 3178 subiunxisset
1917 3146 1971 3178 illa
1986 3147 2090 3183 verba,
2105 3146 2282 3178 secundum
2297 3148 2496 3180 conditiones

1415 3200 1647 3231 personarum,
1671 3198 1740 3228 etc„
1759 3201 1796 3223 ex
1823 3201 1892 3233 quo
1922 3190 2040 3222 dixerat
2063 3191 2153 3232 quod
2177 3191 2239 3222 hoc
2267 3192 2438 3233 requiritur
2461 3194 2495 3224 in

1419 3235 1590 3276 aliquibus,
1616 3236 1690 3267 satis
1714 3246 1748 3267 se
1771 3242 2023 3277 praesentaverat
2041 3235 2081 3266 ab
2105 3236 2335 3268 universaliter
2358 3244 2389 3269 et
2411 3246 2495 3269 com-

1421 3281 1574 3311 munirer.

1476 3325 1609 3355 Prodest
1624 3334 1700 3365 ergo
1717 3323 1918 3365 acquisitioni
1943 3323 2116 3364 sapientiae
2135 3324 2290 3365 perfectae
2307 3325 2496 3357 abstinentia

1421 3379 1439 3399 a
1454 3369 1530 3399 vino
1547 3368 1724 3410 aliquibus:
1742 3367 1860 3410 quibus
1876 3368 1994 3399 scilicet
2009 3368 2165 3400 abstinere
2181 3379 2198 3399 a
2214 3369 2290 3400 vino
2307 3376 2355 3401 est
2370 3371 2495 3402 bonum

1421 3412 1721 3454 supererogationis,
1745 3412 1826 3443 sicut
1848 3412 2004 3444 ieiunium
2024 3420 2055 3444 et
2078 3413 2138 3444 alia
2161 3413 2358 3446 huiusmodi.
2383 3414 2424 3446 Et
2439 3423 2496 3455 per

1420 3457 1620 3498 oppositum,
1645 3457 1760 3488 talibus
1785 3467 1849 3487 non
1875 3457 2030 3488 abstinere
2054 3468 2071 3488 a
2094 3458 2170 3489 vino
2194 3466 2299 3497 nocet,
2323 3459 2405 3490 sicut
2428 3468 2494 3490 non

1420 3501 1577 3532 ieiunare:
1594 3501 1670 3542 quia
1686 3501 1820 3541 impedit
1835 3511 2040 3543 progressum
2053 3502 2093 3533 ad
2109 3502 2282 3543 perfectam
2294 3503 2493 3544 sapientiam,
2523 3518 2531 3526 ·
2545 3515 2626 3539 Mam.
2646 3522 2696 3544 ap.
2712 3522 2734 3543 v,

1421 3555 1485 3586 qua
1508 3545 1593 3576 beati
1610 3546 1752 3587 pacifici,
1776 3547 1831 3587 qui
1848 3546 1913 3587 filii
1936 3547 1998 3578 Dei
2022 3548 2223 3579 vocabuntur
2236 3547 2263 3579 ¹⁸¹.
2521 3549 2580 3565 “²¹'’
2595 3549 2617 3572 ⁹·
