2768 4198
43 505 257 533 Homil.1„xl¹1‚a1,

43 533 125 560 LXIV,
136 533 161 555 in
171 522 256 555 Maitn.

56 549 145 581 Vera.
161 565 196 586 24.

43 664 114 686 ⁸Loe.
125 663 164 685 cit.
172 663 195 685 in
207 669 256 691 arg.

138 773 156 799 λ

43 828 52 837 ·
66 825 132 848 νει-ι.
148 832 171 853 9.

41 1306 51 1316 ⁴
65 1305 132 1333 Resp.
148 1305 183 1326 ad.
199 1311 221 1331 4.

290 268 367 306 492

287 336 404 383 Quod
434 336 591 385 quidem
619 333 906 382 intelligendum
937 340 992 369 est
1021 332 1068 369 de
1097 344 1143 368 eo
1175 331 1239 379 qui
1267 338 1353 368 actu

285 391 401 427 habet
430 389 595 427 divitias:
635 399 724 424 nam
760 387 806 423 de
836 398 882 422 eo
917 385 981 433 qui
1014 385 1194 421 affectum
1231 384 1269 421 in
1299 385 1353 422 di-

284 443 383 480 vitiis
407 443 525 503 ponit,
556 441 644 479 dicit
671 441 746 476 hoc
767 451 847 475 esse
868 438 1117 486 impossibile,
1139 439 1352 475 secundum

286 497 562 546 expositionem
584 491 895 541 Chrysostom1*,
925 503 1013 527 cum
1043 491 1169 528 subdit
1187 490 1245 527 **:
1278 492 1354 528 Fa-

284 551 390 587 cilius
404 555 458 586 est
470 547 654 585 camelum
671 546 934 594 perforamen
950 556 1041 580 acus
1056 544 1218 581 transire
1237 556 1352 592 quam

283 604 433 640 divitem
461 603 603 638 intrare
630 600 667 635 in
697 609 859 647 regnum
889 597 1095 634 caelorum.

337 657 385 693 Et
403 655 490 692 ideo
511 665 588 690 non
608 651 828 700 simpliciter
848 650 955 687 dives
976 650 1140 687 dicitur*
1160 663 1243 687 esse
1264 651 1352 687 bea-

283 718 362 746 tus:
401 708 488 754 sed,
523 706 589 754 qui
620 706 791 742 inventus
818 709 872 740 est
902 704 984 740 sine
1019 704 1173 741 macula
1206 710 1242 741 et
1266 709 1355 752 post

281 773 419 799 aurum
450 772 523 796 non
553 759 654 796 abiit.
691 759 745 794 Et
767 758 863 802 hoc,
893 757 983 806 quia
1003 755 1016 778 λ
1045 769 1128 794 rem
1158 757 1351 794 difficilem

281 815 386 851 fecit:
417 813 519 849 unde
549 811 722 848 subditur
739 810 777 847 *τ
812 810 903 851 Quis
931 816 986 847 est
1010 810 1088 856 hic,
1119 816 1155 846 et
1181 810 1350 847 laudabi-

281 880 363 905 mus
392 866 510 903 eum?
540 865 647 902 Fecit
673 865 772 901 enim
800 863 992 900 mirabilia
1022 864 1059 900 in
1087 864 1164 901 vita
1191 876 1281 910 sua,
1311 871 1353 901 ut

280 921 430 966 scilicet,
452 920 548 955 inter
567 917 716 956 divitias
741 918 898 966 posituS,
922 917 1072 955 divitias
1093 930 1171 954 non
1193 925 1350 955 amaret.

331 976 390 1010 AD
424 984 587 1014 QUINTUM
621 982 807 1008 mcENDUM
841 971 948 1019 quod
976 979 1093 1008 status
1123 971 1352 1020 episcopalis

279 1039 356 1064 non
377 1026 574 1063 ordinatur
593 1025 642 1061 ad
663 1024 937 1073 perfectionem
960 1025 1263 1074 adipiscendam,
1284 1025 1352 1063 sed

278 1081 403 1130 potius
430 1087 472 1116 ut
500 1091 545 1116 ex
575 1078 808 1127 perfectione
838 1090 956 1128 quam
986 1078 1071 1128 quis
1099 1079 1227 1125 habet,
1257 1078 1352 1115 alios

277 1135 474 1182 gubernet,
504 1145 584 1170 non
612 1132 736 1168 solum
766 1131 1016 1170 ministrando
1042 1132 1260 1180 spiritualia,
1282 1133 1350 1170 sed

278 1187 391 1224 etiarn
421 1185 656 1235 temporalia.
697 1185 815 1232 Quod
846 1187 1008 1235 pertinet
1036 1187 1084 1223 ad
1112 1185 1233 1223 vitam
1262 1186 1351 1223 acti-

277 1253 389 1286 vam,
426 1242 463 1277 in
493 1252 568 1288 qua
597 1239 717 1275 multa
745 1240 943 1287 operanda
980 1247 1186 1276 occurrunt
1213 1239 1349 1277 instru-

277 1294 490 1331 mentaliter
518 1306 587 1342 per
615 1292 777 1338 divitias,
807 1301 849 1330 ut
878 1293 1021 1330 dictum
1046 1301 1103 1330 est
1121 1293 1153 1331 ²¹⁸.
1184 1294 1232 1330 Et
1260 1293 1348 1331 ideo

277 1350 324 1386 ab
355 1347 555 1396 episcopis,
586 1346 651 1397 qui
679 1346 908 1395 profitentur
926 1346 1246 1395 gubernationem
1266 1359 1348 1395 gre-

276 1403 330 1450 gis
360 1401 518 1447 Christi,
549 1413 627 1438 non
657 1399 816 1448 exigitur
849 1401 955 1449 quod
983 1400 1140 1450 proprio
1170 1409 1346 1449 careant,

277 1456 370 1493 sicut
399 1454 556 1503 exigitur
574 1459 593 1483 ¹⁸
621 1466 642 1491 a
666 1454 862 1502 religiosis,
892 1454 958 1504 qui
986 1455 1215 1504 profitentur
1238 1455 1347 1493 disci-

277 1510 419 1559 plinam
449 1508 691 1557 perfectionis
720 1508 989 1558 acquirendae.

330 1641 357 1674 λ)
377 1642 480 1674 quia.-
499 1641 558 1666 ideo
576 1641 641 1673 quia
660 1641 707 1666 Pa.

331 1678 359 1712 μ)
380 1677 544 1711 exigiturae
562 1677 624 1702 Om.
645 1676 691 1702 Pa.

330 1715 353 1745 ν)
372 1713 509 1739 asserin-
527 1713 626 1738 asseris
647 1712 734 1743 PlLa;
754 1720 801 1745 pro
821 1715 942 1741 utantur,
963 1715 1078 1737 utuntur
1097 1712 1204 1744 PBCpK
1218 1717 1243 1736 et
1256 1719 1289 1741 a;
1307 1719 1356 1744 pro

278 1750 409 1778 dividant,
429 1749 557 1774 dividunt
575 1749 652 1773 PCH.

908 254 1176 300 QUAESTIO
1207 253 1454 299 CLXXXVI,
1484 254 1784 291 ARTICULUS
1815 255 1864 291 III

1463 333 1523 368 AD
1556 344 1700 370 SEXTUM
1733 345 1920 370 mcENDUM
1950 334 2055 381 quod
2085 333 2365 371 abrenuntiatio
2393 346 2481 383 pro-

1408 384 1578 432 priarum
1613 385 1830 423 divitiarum
1868 394 2112 435 comparatur
2140 388 2189 424 ad
2220 387 2482 435 eleemosyna-

1409 449 1494 474 rum
1523 438 1764 485 largitionem
1794 439 1891 476 sicut
1918 440 2134 477 universale
2163 440 2213 477 ad
2241 440 2480 489 particulare,

1409 498 1445 527 et
1472 491 1741 528 holocaustum
1770 492 1819 529 ad
1848 493 2088 530 sacrificium.
2126 493 2239 531 Unde
2274 493 2482 541 Gregorius

1409 543 1509 591 dicit,
1538 556 1652 593 super·
1677 545 1812 593 Ezech.
1833 545 1866 593 *,
1896 547 2003 595 quod
2037 547 2093 584 illi
2123 547 2190 596 qui
2220 559 2270 583 ex
2301 547 2482 595 possessis

1407 598 1520 634 rebus
1538 598 1706 635 subsidia
1728 599 1924 647 egentibus
1952 600 2178 646 ministrant,
2199 601 2237 637 in
2258 600 2365 637 bonis
2384 611 2483 648 quae

1393 651 1554 699 faciunt
1578 651 1809 698 sacrificium
1839 651 2016 701 offerunt,
2037 654 2127 702 quia
2146 654 2291 702 aliquid
2309 654 2391 690 Deo
2412 653 2480 690 im-

1406 704 1563 751 molant,
1593 710 1627 741 et
1654 705 1800 753 aliquid
1825 705 1897 742 sibi
1923 712 2139 744 reservant:
2172 708 2239 755 qui
2264 718 2356 744 vero
2389 706 2484 743 nihil

1404 757 1477 794 sihi
1512 763 1728 804 reservant,
1767 758 1937 807 offerunt
1973 760 2254 806 holocaustum,
2292 760 2395 809 quod
2429 765 2485 797 est

1406 811 1530 847 maius
1557 811 1758 859 sacrificio.
1784 811 1898 848 Unde
1917 812 2033 849 etiam
2053 811 2328 862 Hieronymus,
2349 819 2481 850 contra

1412 864 1639 914 Vigilantq
1607 864 1627 887 ³²
1665 864 1774 902 dicit.
1808 865 1919 907 Quod
1934 871 2060 903 autem
2081 867 2240 903 asserit*
2259 878 2322 903 eos
2349 867 2519 904 melius·

1395 918 1535 966 facere
1562 918 1629 966 qui
1656 924 1811 955 utantur
1830 919 1941 956 rebus
1959 920 2037 956 suis
2064 925 2101 956 et
2120 919 2309 969 paulatim
2325 921 2482 968 fructus

1400 972 1683 1019 possessionum
1708 973 1942 1021 pauperibus
1969 973 2159 1010 dividant:
2188 985 2264 1010 non
2284 985 2308 1010 a
2328 985 2390 1009 me
2417 973 2481 1019 eis,

1405 1025 1472 1062 sed
1498 1037 1521 1062 a
1550 1026 1634 1062 Deo
1662 1026 1928 1074 respondetur.-
1955 1027 1998 1064 Si
2019 1027 2075 1063 vis
2094 1027 2285 1075 perfectus
2303 1037 2394 1072 esse,
2410 1033 2481 1064 etc.

1407 1079 1456 1116 Et
1483 1086 1620 1127 postea
1648 1079 1798 1116 subdit:
1827 1081 1904 1116 Iste
1930 1091 2042 1129 quem
2063 1080 2269 1126 uelandus,
2297 1079 2484 1117 secundus

1406 1138 1443 1169 et
1459 1133 1589 1170 tertius
1607 1133 1755 1183 gradus
1774 1138 1848 1170 est:
1868 1145 1980 1182 quem
2000 1139 2037 1170 et
2054 1145 2122 1170 nos
2141 1134 2355 1182 recipimus,
2375 1134 2483 1170 dum-

1405 1186 1518 1223 modo
1552 1187 1718 1224 sciamus
1748 1187 1878 1235 prima
1910 1187 2084 1224 secundis
2119 1193 2157 1224 et
2188 1187 2303 1224 tertiis
2329 1187 2484 1236 praefe-

1405 1240 1537 1277 renda.
1577 1241 1627 1277 Et
1653 1239 1760 1286 ideo,
1791 1240 1840 1277 ad
1870 1241 2151 1278 excludendum
2181 1252 2354 1277 errorem
2383 1240 2483 1288 vigi-

1402 1293 1517 1339 lantii,
1550 1293 1685 1331 dicitur
1712 1293 1750 1331 in
1779 1293 1875 1331 libro
1904 1294 1951 1331 de
1976 1294 2247 1331 Ecclesiasticis
2281 1293 2483 1344 Dogmati-

1403 1347 1471 1384 bus
1499 1344 1511 1371 Ε
1534 1346 1571 1384 *ε
1601 1349 1754 1384 Bonum
1782 1353 1838 1384 est
1854 1347 2062 1396 facultates
2089 1359 2177 1384 cum
2209 1347 2484 1396 dispensatione

1395 1401 1631 1449 pauperibus
1649 1412 1835 1451 erogare.-
1864 1401 1998 1438 melius
2024 1407 2089 1448 est,
2104 1413 2179 1450 pro
2202 1401 2406 1438 intentione
2430 1413 2484 1438 se-

1401 1455 1540 1504 quendi
1565 1455 1788 1501 Dominum,
1817 1455 1972 1492 insimul
1997 1455 2160 1502 donare,
2189 1460 2240 1501 et,
2270 1455 2482 1492 absolutum

1399 1508 1658 1555 sollicitudine,
1678 1520 1792 1559 egere
1819 1520 1906 1546 cum
1940 1509 2098 1546 Christo.

1463 1638 1487 1673 ξ)
1509 1641 1730 1674 Dogmatfbus.-
1748 1640 1810 1667 Om.
1829 1640 2047 1673 ABCDEFLpK5
2068 1647 2116 1673 pro
2140 1646 2264 1673 erogare,
2285 1639 2398 1673 erogari
2414 1639 2484 1665 Aen

1409 1677 1534 1705 EFKLa;
1553 1683 1602 1710 pro
1619 1676 1810 1707 sollicitudine,
1831 1676 1858 1702 in
1876 1676 2024 1702 solitudine
2043 1676 2090 1702 Pa.

961 1837 1299 1870 Commentaria
1321 1836 1578 1870 cardinalis
1599 1836 1806 1869 Caietam

308 1929 327 1949 u
352 1917 486 1948 articulo
511 1916 604 1947 tertio
629 1916 773 1946 eiusdem
796 1915 1003 1957 quaestionis,
1028 1915 1060 1946 in
1085 1915 1294 1956 responsione
1314 1916 1354 1946 ad

282 1931 471 2003 Iquartum‚
497 1961 632 1992 dubium
657 1960 794 1991 occurrit
817 1959 897 1991 circa
921 1960 1017 1991 illud:
1042 1961 1135 1991 Bona
1160 1961 1353 2001 temporalia

278 2007 505 2048 impedimenta
520 2005 663 2037 suntad
678 2005 939 2046 speculationem.
963 2005 1048 2036 Nam
1063 2006 1148 2036 bona
1165 2005 1354 2046 temporalia

278 2053 441 2082 moderata
464 2050 639 2081 necessaria
654 2056 729 2080 sunt
751 2049 791 2080 ad
808 2049 990 2080 felicitatem
1006 2050 1250 2091 speculativam:
1274 2060 1352 2090 pau—

278 2106 333 2137 per
358 2096 445 2126 enim
467 2095 640 2136 impeditur
664 2105 682 2125 a
705 2094 996 2134 contemplatione,
1022 2094 1100 2125 dum
1125 2101 1254 2135 oportet
1277 2103 1353 2126 eum

279 2141 452 2172 sollicitum
476 2150 543 2171 esse
567 2139 648 2170 circa
672 2146 857 2180 opportuna
881 2138 920 2169 ad
944 2139 1075 2170 victum.

334 2185 384 2216 Ad
408 2185 470 2215 hoc
493 2184 607 2215 dicitur
631 2183 721 2225 quod
737 2183 867 2214 felicitas
884 2183 1077 2224 speculativa
1094 2183 1261 2224 dupliciter
1277 2194 1352 2215 con-

279 2230 445 2260 sideratur:
477 2229 527 2259 vel
551 2229 727 2259 secundum
752 2236 801 2264 se;
831 2227 882 2258 vel
913 2228 946 2258 in
973 2228 1028 2259 tali
1051 2228 1211 2265 subiecto,
1235 2228 1354 2259 scilicet

279 2274 421 2304 homine.
453 2273 493 2304 Et
517 2273 542 2303 si
566 2272 782 2303 consideratur
807 2272 986 2303 secundum
1011 2282 1059 2309 se,
1084 2272 1259 2312 impeditur
1281 2279 1312 2304 et
1334 2282 1353 2303 a

279 2317 508 2358 temporalibus
532 2317 635 2353 bonis,
660 2324 691 2347 et
714 2317 752 2347 ab
776 2316 876 2356 ipsius
895 2316 1036 2348 hominis
1053 2317 1246 2354 conditione,
1271 2326 1353 2358 quae

281 2370 350 2403 eget
374 2362 455 2398 cibo,
481 2368 572 2402 potu,
597 2370 724 2397 somno,
749 2360 855 2401 quiete
886 2367 917 2391 et
945 2361 1148 2392 huiusmodi:
1177 2371 1253 2392 nam
1276 2361 1353 2392 haec

281 2407 391 2437 omnia
413 2416 431 2436 a
455 2404 726 2446 contemplatione
751 2405 914 2436 abducunt
937 2405 1087 2442 animam,
1113 2412 1148 2436 ut
1175 2405 1354 2446 experimur

281 2451 443 2482 continue.
475 2450 507 2481 Si
531 2459 606 2480 vero
634 2449 852 2480 consideratur
880 2449 1011 2481 felicitas
1039 2450 1288 2491 contemplativa
1318 2457 1354 2481 ut

281 2503 327 2526 est
350 2495 500 2531 hominis,
526 2494 570 2525 sic
593 2494 678 2524 bona
701 2493 891 2534 temporalia
914 2501 990 2525 sunt
1012 2494 1201 2531 necessaria,
1227 2504 1293 2525 non
1318 2501 1354 2525 ut

281 2540 424 2579 eligenda
454 2546 584 2579 propter
607 2538 913 2580 contemplationem
937 2538 1070 2575 directe,
1102 2539 1156 2570 sed
1184 2546 1220 2570 ut
1243 2549 1352 2569 conse-

280 2584 410 2625 quentia
433 2593 470 2614 ex
494 2583 677 2614 necessitate
701 2583 860 2619 materiae,
885 2583 1003 2614 scilicet
1017 2583 1174 2614 hominis:
1200 2584 1239 2614 ad
1255 2583 1353 2614 vitam

280 2629 401 2670 quippe
425 2627 615 2669 speculantis
640 2627 780 2658 hominis
800 2628 1061 2664 conservandam,
1086 2628 1230 2668 eligenda
1246 2637 1354 2660 occur-

280 2681 354 2705 runt
368 2672 565 2713 temporalia.
590 2672 632 2703 Et
655 2679 832 2714 propterea,
848 2679 969 2714 quanto
986 2672 1148 2713 pauciora,
1165 2672 1354 2704 sufficientia
1379 2690 1381 2697 ν

279 2725 397 2754 tamen,
422 2717 591 2757 eliguntur,
617 2723 706 2748 tanto
730 2717 837 2748 minus
862 2717 1092 2758 contemplatio
1115 2717 1299 2758 impeditur.

337 2762 373 2793 11.
399 2762 434 2792 In
458 2762 569 2793 eadem
594 2761 802 2802 responsione
825 2761 865 2792 ad
888 2768 1049 2803 quartum,
1074 2761 1188 2794 collata
1211 2772 1285 2792 cum
1305 2771 1353 2792 re-

281 2806 455 2847 sponsione
478 2806 518 2837 ad
541 2806 710 2847 quintum,
743 2806 880 2837 dubium
904 2806 1040 2837 occurrit
1065 2806 1145 2837 circa
1168 2806 1266 2837 illud:
1295 2806 1354 2837 Di-

282 2852 378 2883 vitiae
407 2851 534 2882 habitae
559 2861 623 2892 per
649 2860 684 2882 se
714 2856 812 2882 natae
841 2856 918 2882 sunt
941 2851 1174 2892 perfectionem
1206 2851 1355 2883 caritatis

281 2896 446 2936 impedire.
471 2895 555 2933 Quia
579 2895 605 2926 si
626 2902 715 2926 natae
732 2902 807 2926 sunt
831 2905 886 2936 per
909 2905 942 2926 se
966 2895 1100 2927 caritatis
1124 2895 1353 2936 perfectionem

282 2940 451 2980 impedire,
477 2949 568 2981 ergo,
594 2940 811 2971 communiter
838 2940 1020 2981 loquendo,
1051 2940 1083 2971 in
1107 2940 1197 2971 omni
1221 2939 1354 2971 homine

283 2992 372 3015 natae
389 2990 463 3015 sunt
479 2983 613 3015 caritatis
630 2983 857 3025 perfectionem
874 2984 1044 3025 impedire:
1069 2985 1158 3025 quod
1175 2984 1262 3015 enirn
1278 2994 1354 3016 con-

282 3029 367 3059 venit
390 3039 446 3069 per
469 3039 518 3065 se,
544 3029 693 3060 convenit
715 3036 770 3059 aut
793 3029 902 3065 omni,
927 3037 982 3060 aut
1005 3029 1037 3060 in
1062 3029 1206 3070 pluribus
1230 3029 1352 3061 saltem.

282 3074 376 3104 Tunc
400 3073 498 3104 ultra:
522 3073 622 3104 Natae
645 3081 720 3105 sunt
743 3073 972 3114 perfectionem
989 3073 1124 3105 caritatis
1143 3073 1297 3115 impedire
1320 3074 1353 3105 in

283 3117 372 3148 omni
403 3117 550 3154 homine,
576 3118 790 3148 communiter
817 3118 999 3159 loquendo:
1036 3128 1111 3159 ergo
1143 3128 1209 3149 non
1238 3119 1355 3150 debent

283 3162 465 3202 regulariter
493 3162 589 3192 simul
622 3169 702 3193 stare
733 3172 807 3193 curn
837 3162 944 3204 aliquo
976 3169 1058 3194 statu
1088 3162 1291 3203 perfectionis
1321 3163 1354 3194 in

284 3206 423 3238 homine.
448 3207 603 3238 Probatur
625 3207 771 3248 sequela:
797 3207 871 3248 quia
894 3207 1095 3248 incompacta
1118 3208 1226 3248 regula
1250 3215 1296 3239 est
1320 3214 1355 3239 ut

1406 1922 1507 1947 status
1531 1915 1646 1957 aliquis
1670 1915 1873 1956 perfectionis
1898 1914 1956 1952 sit,
1981 1922 2012 1946 et
2040 1925 2106 1946 non
2136 1915 2238 1956 exigat
2267 1915 2484 1948 exclusionem

1406 1960 1715 2001 impedimentorum
1739 1959 1952 2001 perfectionis.
1977 1962 2024 1991 Ac
2041 1969 2097 2001 per
2111 1959 2184 1996 hoc,
2210 1959 2337 1992 divitiae
2359 1959 2485 1993 habitae

1407 2005 1640 2036 contrariantur
1663 2004 1758 2036 statui
1782 2004 1966 2046 episcopali.

1462 2050 1514 2081 Ad
1538 2050 1600 2081 hoc
1624 2049 1740 2081 dicitur
1761 2050 1868 2091 quod,
1900 2049 1976 2090 quia
1999 2048 2087 2079 aliud
2110 2055 2158 2080 est
2179 2048 2336 2080 iudicium
2361 2049 2400 2080 de
2423 2046 2485 2082 ho-

1407 2094 1548 2126 minibus
1569 2094 1793 2132 communiter,
1818 2101 1850 2125 et
1872 2094 1959 2125 aliud
1983 2094 2022 2124 de
2039 2093 2227 2126 hominibus
2241 2093 2484 2132 excellentibus;

1407 2145 1438 2170 et
1461 2138 1610 2170 homines
1636 2139 1692 2180 qui
1716 2139 1749 2170 in
1773 2138 1948 2180 episcopali
1972 2145 2047 2170 sunt
2071 2146 2171 2176 statu,
2195 2145 2289 2177 sunt,
2316 2148 2383 2170 nou
2405 2149 2486 2181 qua-

1405 2183 1603 2225 lescumque,
1628 2184 1684 2214 sed
1708 2183 1895 2215 excellentes
1918 2183 1951 2214 in
1976 2182 2185 2224 perfectione,
2209 2190 2323 2224 utpote
2345 2183 2484 2216 aliorum

1405 2227 1613 2268 perfectores:
1647 2228 1736 2265 ideo,
1762 2228 1835 2259 licet
1863 2227 1988 2259 divitiae
2011 2227 2136 2259 habitae
2160 2234 2252 2259 natae
2275 2234 2350 2259 sunt
2372 2237 2429 2270 per
2451 2236 2485 2260 se

1407 2272 1531 2303 allicere
1559 2280 1590 2303 et
1623 2272 1795 2304 distrahere
1828 2272 1975 2303 homines
2006 2271 2240 2310 communiter,
2265 2279 2296 2304 et
2325 2282 2382 2313 per
2410 2272 2484 2311 hoc,

1407 2324 1498 2348 natae
1530 2323 1606 2348 sunt
1638 2316 1793 2357 impedire
1825 2317 2055 2358 perfectionem
2087 2317 2223 2348 caritatis
2255 2317 2484 2355 communken

1407 2371 1473 2392 non
1491 2368 1598 2392 tamen
1622 2361 1702 2393 tanti
1725 2368 1800 2392 sunt
1824 2368 1859 2392 ut
1882 2361 2007 2392 allicere
2030 2360 2155 2402 possint
2177 2361 2335 2402 perfectos
2358 2361 2485 2396 animos

1406 2406 1447 2436 ad
1463 2405 1512 2436 sui
1529 2415 1682 2437 amorem.
1706 2406 1747 2437 Et
1763 2413 1930 2447 propterea
1947 2405 2062 2437 habere
2077 2405 2202 2437 divitias
2215 2405 2484 2447 impedimentum

1407 2458 1454 2482 est
1478 2450 1644 2481 exclusum
1668 2461 1686 2481 a
1709 2457 1792 2482 statu
1813 2450 2048 2490 religiosorum,
2073 2456 2186 2491 utpote
2210 2450 2359 2481 nondum
2382 2450 2484 2492 perfe-

1407 2502 1543 2531 ctorum,
1568 2495 1623 2526 sed
1646 2495 1686 2526 ad
1710 2494 1940 2535 perfectionem
1963 2494 2182 2526 tendentium:
2215 2504 2280 2525 non
2305 2502 2352 2526 est
2375 2501 2484 2527 autem

1406 2539 1675 2580 impedimentum
1699 2539 1934 2570 excludendum
1957 2549 1975 2570 a
1999 2546 2082 2570 statu
2105 2538 2345 2580 episcoporum,
2370 2546 2484 2581 utpote

1406 2583 1632 2624 perfectorum.

1462 2629 1555 2660 Unde
1579 2628 1620 2659 ad
1634 2628 1857 2660 'obiectionem
1872 2628 1906 2659 in
1922 2628 2122 2669 oppositum,
2139 2635 2281 2668 negetur,
2299 2638 2355 2659 seu
2373 2628 2483 2661 distin·

1406 2679 1523 2713 guntur
1539 2673 1669 2714 sequela
1684 2672 1754 2704 illa:
1778 2672 1872 2715 Ergo
1892 2673 2025 2705 divitiae
2038 2673 2167 2704 habitae
2186 2683 2249 2704 non
2266 2673 2381 2704 debent
2394 2678 2485 2706 stare

1406 2717 1506 2748 simul
1534 2727 1606 2748 cum
1637 2717 1746 2759 aliquo
1771 2717 1984 2760 perfectionis
2011 2723 2110 2749 statu.
2142 2717 2308 2756 Quoniam
2335 2717 2375 2749 de
2398 2725 2483 2750 statu

1407 2761 1611 2803 perfectionis
1634 2761 1806 2799 accessive,
1830 2772 1904 2793 vera
1927 2769 1990 2799 est,
2015 2772 2091 2793 cum
2114 2771 2172 2793 sua
2195 2761 2403 2803 probatione:
2427 2762 2483 2794 sed

1407 2806 1486 2837 nihil
1509 2807 1593 2838 valet
1617 2806 1730 2838 ultima
1753 2806 1853 2837 illatio
1877 2807 1916 2838 de
1941 2813 2023 2838 statu
2049 2806 2240 2848 episcopali,
2265 2806 2321 2847 qui
2346 2815 2412 2837 non
2436 2813 2483 2838 eet

1406 2851 1584 2882 accessivus
1611 2851 1651 2882 ad
1679 2851 1920 2892 perfectionem.
1953 2851 2001 2882 De
2029 2858 2112 2882 statu
2140 2858 2250 2882 autem
2279 2850 2482 2891 perfectionis

1407 2895 1558 2933 effective,
1582 2895 1662 2927 nihil
1677 2896 1770 2933 valet,
1795 2905 1870 2927 cum
1886 2906 1944 2927 sua
1959 2895 2158 2937 probatione.
2182 2895 2297 2927 Talem
2312 2905 2388 2927 vero
2403 2905 2480 2928 con-

1407 2947 1468 2972 stat
1491 2950 1558 2971 esse
1582 2947 1701 2972 statum
1724 2940 1951 2982 episcopalem.

1463 2985 1553 3016 Patet
1576 2991 1684 3016 autem
1708 2995 1745 3016 ex
1768 2985 1871 3016 littera
1894 2985 1962 3022 hac,
1986 2985 2020 3016 in
2035 2984 2244 3026 responsione
2261 2984 2302 3015 ad
2318 2983 2480 3025 quintum,

1380 3027 1382 3030 ⁴
1408 3028 1586 3060 doctrinam
1610 3029 1692 3061 hanc
1715 3029 1865 3061 Auctoris
1889 3039 1973 3066 esse,
2004 3029 2083 3060 dum
2111 3038 2149 3060 ex
2172 3028 2300 3060 duobus
2324 3027 2481 3069 capitibus

1381 3081 1382 3097 1
1408 3074 1547 3105 ostendit
1570 3083 1643 3105 non·
1651 3073 1731 3114 exigi
1752 3074 1791 3105 ab
1807 3073 2036 3114 episcoporum
2051 3079 2132 3104 statu
2158 3072 2387 3114 perfectionem
2402 3082 2481 3114 pau-

1408 3118 1552 3159 pertatis:
1571 3118 1688 3159 primo,
1705 3128 1743 3150 ex
1758 3118 1941 3150 excellentia
1956 3117 2168 3159 perfectionis,
2183 3117 2259 3158 quia
2274 3117 2392 3149 scilicet
2406 3125 2482 3150 suat

1407 3163 1545 3194 aliorum
1561 3162 1767 3204 perfectores;
1793 3163 1946 3199 secundo,
1962 3162 2038 3204 quia
2053 3161 2243 3203 episcopalis
2259 3169 2359 3194 status
2374 3169 2422 3194 est
2436 3169 2480 3195 et-

1406 3207 1471 3238 iam
1487 3207 1714 3248 gubernativus
1729 3207 1838 3249 quoad
1850 3206 2078 3248 temporalium
2093 3205 2411 3244 administrationem,
2422 3212 2480 3239 etc.

2509 552 2724 607 {affinio-iffa&

2533 875 2604 898 Num.
2620 881 2652 903 ¹⁴·-

2510 1419 2540 1441 al.
2510 1391 2728 1442 egil-mlxix·-

2509 1445 2650 1476 01³9-ch-
