2768 4198
26 995 35 1004 ⁸
48 993 129 1021 Eclog.
154 993 234 1014 homil.

25 1019 115 1045 V11‚de
128 1009 233 1041 human.

23 1046 106 1067 Animi.

26 1074 35 1084 ⁸
48 1072 115 1094 Vers.
131 1079 162 1099 ¹4·

119 1422 134 1455 β

22 1475 103 1524 scili?
116 1480 171 1522 1¹÷0¹1¹5
183 1480 214 1522 1¹1⁵?
224 1484 234 1489 “

22 1634 32 1643 ¹·
55 1632 130 1654 Serm.
153 1630 235 1658 LXIX,

21 1660 50 1681 al.
66 1659 140 1681 Serm.
164 1657 185 1679 X
207 1657 236 1679 de

22 1685 233 1734 'VerlzDonfficap

21 2060 30 2069 ⁸
44 2059 110 2080 Vern.
127 2064 152 2080 ιι.

21 2220 31 2230 ·
45 2219 101 2246 Cap.
117 2225 161 2240 xvi.

22 2384 31 2393 '⁶
47 2383 112 2404 Vera.
128 2389 164 2410 29.

24 2490 34 2499 ·
48 2489 106 2510 Part.
129 2488 169 2515 111,
183 2494 234 2516 cap.

25 2522 40 2542 r,
51 2515 161 2537 admonit.
175 2521 234 2537 xvtu.

268 304 343 340 300

265 392 320 412 seu
345 382 485 421 impulsu
511 381 608 412 animi
632 382 670 411 ad
695 391 826 420 magna,
853 377 1031 419 principalis
1056 386 1130 406 vero
1157 383 1244 406 actus
1268 376 1327 406 hu-

265 426 405 457 militatis
430 426 572 456 consistit
587 426 618 455 in
636 425 842 455 refrenatione
859 423 954 453 animi
972 422 1010 451 ad
1027 431 1141 460 magna
1161 420 1327 451 tendentis.

945 298 1211 346 QUAESTIO
1242 298 1379 344 CLXI,
1410 298 1708 336 ARTICULUS
1737 300 1772 336 V

1356 375 1357 381 ¹
1383 376 1465 416 prie,
1490 387 1548 408 nec
1572 378 1633 408 hoc
1657 381 1779 409 Auctor
1802 379 1918 410 voluit:
1950 380 2005 410 sed
2029 380 2149 420 accepit
2172 387 2383 421 temperatum
2408 390 2455 410 se-

1355 450 1357 455 ,
1382 422 1525 451 cundum
1553 422 1699 453 modum.
1732 423 1772 454 Et
1796 423 1857 454 hoc
1881 431 1927 455 est
1950 425 1990 455 ad
2021 425 2242 465 propositum:
2275 427 2351 465 quia
2379 424 2453 455 hinc

320 471 367 501 De
391 470 574 501 auctoritate
601 480 675 500 vero
700 467 875 499 Aristotelis
905 466 995 497 tertio
1015 465 1089 495 loco
1114 464 1223 500 allata,
1249 465 1328 495 bene
1355 467 1358 497 Ι
1383 464 1604 496 testimonium
1628 467 1782 498 habemus
1799 468 1889 508 quod
1905 478 1941 499 ex
1957 469 2057 499 modo
2082 469 2201 500 accedit
2217 469 2288 510 quis
2312 469 2352 499 ad
2376 476 2454 499 tem-

265 515 378 546 dicitur
401 515 489 556 quod
505 514 687 544 Aristoteles
705 523 769 542 non
787 511 905 550 accepit
924 510 966 540 ibi
990 509 1230 549 temperantiam
1256 519 1329 549 pro·
1355 523 1357 545 l
1383 509 1483 548 perati
1507 519 1636 541 nomen.

1051 645 1370 687 ARTICULUS
1401 646 1661 696 QUINTUS

850 731 1004 762 UTRUM
1028 730 1268 761 HUMILITAS
1291 729 1358 761 srr
1382 729 1612 761 ΡοΤιεειΜΑ
1635 731 1870 763 VIRTUTUM

1031 801 1064 826 1V
1084 801 1168 830 Sent„
1189 800 1248 826 dist.
1267 808 1353 831 xxxin,
1373 808 1419 833 qu.
1437 808 1475 830 111,
1495 806 1542 826 art.
1563 800 1587 831 3,
1607 801 1639 826 ad
1658 800 1683 827 6.

298 901 316 919 s
328 902 339 908 “
348 894 354 905 ¹
376 893 432 922 2¹2<

471 888 493 912 D
514 885 675 917 Qumrum
700 885 753 910 stc
782 884 1023 910 moelem-rua.
1044 872 1205 909 Videtur
1223 871 1329 921 quod

288 916 450 988 ³&th
471 927 662 965 humilitas
692 927 736 963 sit
764 926 964 975 potissima
997 926 1194 963 virtutum.
1229 925 1329 962 Dicit

277 979 325 1038 55
357 1018 359 1020 ,
413 969 575 1018 enirn
614 979 974 1029 Chrysostomus*,
1005 992 1201 1028 exponens
1237 979 1328 1016 illud

261 1097 296 1126 et
315 1087 533 1137 publicano,
556 1088 672 1137 quod,
687 1088 722 1124 si
738 1088 858 1125 mixta
885 1087 1025 1124 delictis
1043 1087 1232 1124 humilitas
1251 1092 1327 1124 tam

249 1142 373 1191 facile
409 1143 530 1180 currit
570 1147 610 1178 ut
645 1142 822 1178 iustitiam
855 1142 1054 1190 superbiae
1090 1141 1328 1178 coniunctam

261 1201 445 1242 transeat,
474 1197 508 1233 si
541 1196 701 1232 iustitiae
737 1195 980 1232 coniunxeris
1017 1207 1120 1241 eam,
1150 1206 1224 1243 quo
1253 1206 1327 1231 non

261 1249 356 1286 ibit?
381 1250 538 1287 Assistet
555 1250 627 1298 ipsi
652 1249 833 1285 tribunali
858 1249 985 1286 divino
1006 1249 1043 1286 in
1069 1249 1192 1286 medio
1212 1260 1329 1298 ange·
1356 1277 1358 1283 ,

260 1303 397 1340 lorum.
436 1305 485 1340 Et
514 1303 566 1340 sic
594 1309 697 1352 patet
724 1302 831 1350 quod
859 1302 1051 1339 humilitas
1080 1303 1288 1351 praefertur
1313 1306 1330 1323 α

260 1356 432 1394 iustitiae.
465 1357 540 1393 Sed
561 1356 699 1393 iustitia
717 1356 779 1393 vel
810 1363 866 1392 est
884 1355 1186 1404 praeclarissima
1212 1355 1331 1393 virtu-

261 1417 356 1457 tum,
375 1411 438 1446 vel
457 1408 473 1439 β
501 1410 658 1447 includit
676 1410 714 1446 in
743 1422 783 1446 se
803 1421 940 1446 omnes
962 1409 1139 1446 virtutes:
1169 1417 1210 1445 ut
1228 1416 1332 1458 patet

261 1476 330 1512 per
367 1464 664 1512 Philosophum,
694 1463 731 1500 in
759 1463 794 1500 V
816 1463 936 1500 Ethic.
962 1462 982 1485 ’¹‘
1010 1464 1111 1511 Ergo
1141 1462 1330 1499 humilitas

263 1525 318 1554 est
346 1529 513 1554 maxima
540 1525 737 1554 V1rtutum.

317 1582 352 1607 2.
373 1572 609 1617 PRAETEREA,
626 1570 858 1618 Augustinus
874 1569 973 1615 dicit,
990 1569 1028 1606 in
1044 1569 1140 1606 libro
1155 1570 1201 1606 de
1221 1569 1329 1606 Verb.

262 1625 375 1661 Dom.
402 1624 442 1661 *τ
477 1625 632 1674 Cogitas
668 1635 852 1673 magnam
879 1623 1078 1671 fabricam
1116 1628 1332 1659 construere

263 1677 518 1715 celsitudinis?
545 1678 605 1714 De
620 1678 877 1725 fundamento
890 1677 1002 1725 prius
1030 1676 1155 1726 cogita
1183 1676 1331 1713 humili-

263 1731 362 1768 tatis.·
389 1732 444 1767 Ex
474 1743 551 1780 quo
584 1730 736 1768 videtur
764 1731 868 1779 quod
906 1729 1096 1766 humilitas
1125 1729 1171 1766 sit
1199 1729 1332 1766 funda-

263 1793 436 1821 mentum
458 1783 632 1821 omnium
654 1784 847 1820 virtutum.
870 1783 972 1830 Ergo
993 1783 1145 1819 videtur
1161 1795 1243 1819 esse
1262 1795 1331 1831 po-

262 1839 334 1875 tior
362 1838 454 1874 aliis.

318 1892 351 1928 3.
383 1892 625 1936 PRAETEREA,
661 1888 796 1926 maiori
838 1888 966 1925 virtuti
1011 1888 1135 1925 maius
1172 1888 1333 1925 debetur

260 1944 489 1993 praemium.
512 1943 589 1979 Sed
604 1942 804 1979 humilitati
820 1942 981 1979 debetur
995 1941 1208 1978 maximum
1223 1954 1332 1991 prae-

261 1997 404 2034 mium:
434 1996 524 2045 quia
552 1996 618 2045 qui
639 2008 679 2032 se
705 1996 889 2042 humiliat,
911 1995 1151 2042 exaltabitur,
1171 2003 1213 2032 ut
1241 1995 1330 2033 dici-

259 2058 320 2087 tur
348 2051 440 2087 Luc.
462 2062 534 2087 xw.
554 2049 575 2071 '¹‘
603 2050 705 2098 Ergo
743 2049 937 2086 humilitas
971 2057 1027 2086 est
1061 2049 1229 2086 maxima
1256 2049 1332 2087 vir-

261 2111 397 2141 tutum.

312 2170 350 2205 4.
380 2158 615 2203 Pmnrnnm,
646 2155 742 2192 sicut
769 2156 1002 2205 Augustinus
1032 2155 1141 2203 dicit,
1168 2155 1206 2193 in
1235 2156 1332 2194 libro

261 2213 306 2248 de
330 2212 428 2248 Vera
456 2210 582 2260 Relig.
602 2210 634 2257 ²¹⁶,
656 2215 731 2246 tota
769 2210 845 2247 vita
879 2209 1019 2247 Christi
1045 2210 1081 2246 in
1111 2211 1236 2256 terris,
1260 2222 1334 2260 per

260 2266 449 2302 hominem
479 2276 589 2312 quem
617 2264 805 2312 suscipere
832 2264 1011 2314 dignatus
1038 2268 1108 2309 est,
1138 2263 1333 2313 disciplina

261 2331 411 2356 morum
421 2318 514 2367 suit.
544 2317 753 2367 Praecipue
778 2317 1030 2354 humilitatem
1053 2329 1165 2354 suam
1185 2317 1334 2355 imitan-

263 2373 352 2410 dam
372 2371 583 2421 proposuit,
605 2371 746 2418 dicens,
773 2371 908 2408 Matth.
930 2383 964 2408 xi
984 2370 1024 2407 *z
1054 2370 1195 2408 Discite
1218 2383 1242 2408 a
1261 2383 1332 2419 me,

263 2427 351 2475 quia
388 2425 487 2462 mitis
523 2437 605 2461 sum
635 2431 671 2461 et
696 2425 846 2462 humilis
874 2425 999 2462 corde.
1038 2424 1087 2461 Et
1126 2425 1334 2474 Gregorius

264 2479 363 2526 dicit,
384 2479 421 2516 in
440 2478 626 2515 Pastor-al.
645 2478 677 2524 ³¹³,
699 2480 802 2528 quod
823 2483 1093 2528 argumentum
1113 2479 1335 2529 redemptio-

263 2534 319 2570 nis
348 2539 498 2570 nostrae
527 2533 676 2569 inventa
705 2538 760 2569 est
790 2533 980 2570 humilitas
1009 2532 1094 2569 Dei.
1133 2534 1236 2582 Ergo
1265 2534 1334 2571 hu-

263 2587 399 2624 militas
427 2586 578 2622 videtur
607 2598 690 2622 esse
719 2586 887 2623 maxima
914 2587 1110 2624 virtutum.

318 2641 391 2677 SED
415 2651 562 2676 CONTRA
588 2651 654 2676 EST
674 2639 779 2688 quod
808 2639 942 2677 caritas
969 2639 1180 2690 praefertur
1209 2641 1332 2678 omni—

264 2694 334 2730 bus
363 2693 584 2730 virtutibus:
615 2693 828 2731 secundum
850 2693 940 2731 illud
974 2693 1115 2731 Coloss.
1137 2705 1172 2730 111
1194 2694 1233 2730 *ε
1263 2694 1331 2731 Su-

256 2760 329 2796 per
357 2747 497 2793 omnia,
517 2746 712 2784 caritatem
730 2748 874 2784 habete.
903 2748 996 2785 Non
1021 2759 1111 2795 ergo
1141 2747 1331 2785 humilitas

264 2809 318 2838 est
346 2800 515 2837 maxima
541 2799 738 2838 virtutum.

317 2855 543 2891 Responnsso
559 2865 742 2891 Dicennum
758 2854 864 2902 quod
885 2855 1032 2891 bonum
1048 2854 1242 2891 humanae
1256 2855 1331 2891 vir-

263 2908 350 2944 tutis
370 2907 408 2943 in
428 2907 561 2944 ordine
583 2907 736 2944 rationis
758 2908 935 2945 consistit.
962 2908 1039 2956 Qui
1059 2907 1214 2957 quidem
1230 2908 1332 2957 prin-

265 2960 430 3010 cipaliter
458 2960 661 2997 attenditur
690 2969 863 3010 respectu
892 2961 989 2999 finis.
1028 2961 1140 2999 Unde
1173 2961 1332 2999 virtutes

264 3013 514 3062 theologicae,
530 3026 628 3063 quae
648 3014 790 3052 habent
805 3014 980 3052 ultimum
1001 3015 1120 3052 finem
1137 3027 1207 3064 pro
1228 3015 1333 3053 obie-

266 3076 338 3114 cto,
359 3075 446 3104 sunt
473 3074 706 3115 potisfflmae.

319 3120 555 3158 Secundario
586 3128 714 3158 autem
745 3120 950 3158 attenditur
976 3129 1092 3170 prout
1119 3122 1330 3159 secundum

267 3174 452 3211 rationem
471 3174 559 3211 finis
579 3174 805 3211 ordinantur
825 3186 869 3211 ea
898 3186 996 3223 quae
1017 3182 1103 3211 sunt
1123 3176 1171 3212 ad
1200 3176 1331 3212 finem.

268 3228 315 3264 Et
342 3228 436 3264 haec
474 3227 629 3277 quidem
658 3227 847 3265 ordinatio
887 3227 1131 3265 essentialiter
1166 3229 1335 3267 consistit

268 3281 307 3316 in
341 3280 422 3329 ipsa
458 3281 603 3318 ratione
647 3281 869 3318 ordinante:
908 3281 1169 3331 participative
1203 3290 1336 3320 autem.

268 3333 306 3370 in
343 3334 510 3382 appetitu
547 3347 615 3383 per
643 3335 828 3372 rationem
866 3335 1053 3372 ordinato.
1093 3336 1222 3382 Quam
1253 3336 1333 3385 qui·

269 3387 357 3424 dem
379 3387 659 3425 ordinationem
675 3388 937 3426 universaliter
956 3389 1042 3426 facit
1061 3389 1210 3435 iustitia,
1225 3401 1334 3438 prae-

323 3501 350 3532 α)
365 3501 532 3533 praefertur.
544 3513 562 3519 ·-
577 3501 700 3533 praefert
719 3501 835 3534 AEFpA.

323 3534 348 3568 β)
368 3535 409 3560 vel
427 3538 492 3560 est...
511 3535 560 3560 vel.
572 3549 590 3554 -
608 3536 649 3560 vel
667 3539 732 3561 est...
753 3540 782 3561 ut
801 3537 996 3570 ABEFILpCK.
1017 3538 1057 3563 vel
1075 3541 1140 3563 est...
1157 3541 1206 3563 aut
1224 3538 1255 3568 D.
1269 3541 1335 3564 est...

268 3574 295 3596 et
313 3572 346 3601 Η,
365 3574 405 3596 est
418 3571 638 3603 praeclarissima
657 3571 776 3596 omnium
796 3572 927 3597 virtutum
951 3577 978 3598 et
997 3573 1042 3598 Pa.

322 3607 349 3640 γ)
363 3609 548 3639 praevertens.
561 3620 579 3625 —
592 3609 750 3638 pervertens
769 3608 806 3631 Pa
825 3612 851 3632 et
870 3608 986 3637 codicem
1006 3616 1053 3640 pro
1076 3608 1214 3641 coniugae,
1231 3608 1337 3634 vincere

270 3642 322 3671 Pa,·
341 3650 388 3675 pro
402 3649 458 3674 par
476 3642 583 3671 videbis,
601 3641 753 3673 pervidebis
772 3643 811 3667 ed.
832 3649 857 3671 a,
878 3643 977 3667 videbis
996 3643 1023 3668 P.

428 1024 575 1084 &quod
606 1034 741 1072 dicitur
769 1035 861 1071 Luc.
887 1045 972 1070 xvm
996 1033 1017 1055 ‘¹‘
1045 1034 1092 1071 de
1126 1033 1327 1082 pharisaeo
1355 1046 1357 1055 ·

1384 871 1513 908 sertim
1542 872 1681 920 legalis.
1713 872 1954 910 Ordinationi
1982 882 2111 912 autem
2140 875 2228 913 facit
2253 877 2454 914 hominem

1384 926 1483 962 bene
1512 925 1725 962 subiectum
1755 926 1946 963 humilitas
1968 927 2006 964 in
2034 928 2239 966 universali
2269 938 2454 979 quantum

1384 979 1433 1016 ad
1462 979 1614 1016 omnia:
1645 979 1838 1027 quaelibet
1865 987 1993 1017 autern
2024 981 2096 1018 alia
2119 982 2240 1020 virtus
2269 991 2455 1032 quantum

1384 1033 1433 1069 ad
1462 1032 1629 1082 aliquam
1666 1033 1866 1070 materiam
1903 1034 2120 1083 specialem.
2158 1035 2207 1072 Et
2242 1035 2330 1074 ideo
2368 1045 2456 1086 post

1382 1086 1541 1123 virtutes
1557 1087 1810 1135 theologicas;
1832 1095 1869 1124 et
1883 1087 2041 1125 virtutes
2058 1088 2341 1138 intellectuales,
2357 1102 2455 1139 quae

1384 1140 1591 1189 respiciunt
1609 1140 1732 1189 ipsam
1754 1141 1959 1188 rationem3
1981 1150 2019 1178 et
2032 1150 2120 1191 post
2138 1142 2330 1191 iustitiam,
2346 1155 2455 1192 prae-

1385 1194 1511 1230 sertim
1540 1194 1720 1242 legalem3
1751 1194 1877 1243 potior
1905 1195 2038 1232 ceteris
2068 1203 2123 1233 est
2150 1197 2342 1234 humilitas
2363 1197 2394 1235 *.

1437 1249 1495 1284 An
1516 1259 1654 1285 ptumum
1674 1260 1772 1285 ERGO
1792 1260 1978 1286 monimum
1999 1249 2104 1298 quod
2132 1250 2326 1288 humilitas
2355 1250 2457 1288 iusti-

1384 1300 1456 1337 tiae
1486 1314 1564 1338 non
1584 1301 1806 1350 praefertur,
1827 1302 1895 1339 sed
1915 1303 2076 1340 iustitiae
2094 1303 2158 1340 cui
2172 1305 2349 1354 superbia
2369 1316 2456 1342 con-

1385 1355 1575 1404 iungitur,
1606 1367 1706 1403 quae
1733 1355 1810 1392 iam
1843 1355 1980 1393 desinit
2019 1369 2102 1394 esse
2129 1357 2262 1395 virtus.
2302 1357 2408 1396 Sicut
2436 1371 2456 1396 e

1385 1409 1574 1446 contrario
1612 1416 1813 1458 peccatum
1842 1422 1912 1458 per
1946 1410 2200 1448 humilitatem
2237 1411 2455 1449 remittitur:

1386 1474 1476 1498 nam
1506 1470 1543 1499 et
1571 1462 1618 1499 de
1647 1462 1851 1511 publicano
1881 1463 2033 1510 dicitur,
2063 1465 2156 1502 Luc.
2183 1476 2269 1502 xvur
2288 1465 2320 1513 ⁸¹²,
2350 1466 2455 1514 quod

1386 1516 1521 1552 merito
1542 1515 1759 1553 humilitatis
1788 1517 1974 1554 descendit
1992 1517 2211 1566 iustificatus
2239 1518 2276 1556 in
2301 1519 2456 1556 domum

1385 1581 1506 1607 suam.
1546 1569 1658 1607 Unde
1688 1577 1724 1606 et
1761 1570 2062 1618 Chrysostomus
2096 1571 2242 1609 dicit*:
2277 1572 2458 1610 Geminas

1386 1623 1496 1673 bigas
1515 1623 1609 1660 mihi
1634 1624 1917 1661 accommodes:
1945 1624 2104 1661 alteram
2125 1625 2273 1674 quidem
2298 1626 2458 1664 iustitiae

1358 1717 1359 1727 η
1386 1682 1423 1713 et
1447 1677 1667 1724 superbiae;
1694 1677 1854 1714 alteram
1883 1689 1974 1714 vero
1989 1679 2137 1726 peccati
2163 1684 2200 1715 et
2224 1679 2454 1717 humilitatis.

1385 1730 1437 1766 Et
1461 1730 1602 1767 videbis
1623 1736 1823 1778 peccatum
1846 1737 2093 1779 praevertens
2112 1736 2128 1760 Υ
2155 1732 2345 1780 iustitiam,
2380 1745 2455 1771 non

1381 1783 1571 1831 propriis,
1597 1783 1664 1819 sed
1688 1784 1906 1821 humilitatis
1934 1785 2123 1834 coniugae
2154 1786 2319 1823 viribus.-
2353 1786 2460 1824 aliud

1386 1848 1476 1873 vero
1499 1848 1578 1885 par
1605 1835 1745 1874 videbis
1772 1837 1978 1882 devictum,
2018 1850 2093 1875 non
2110 1839 2330 1889 fragilitate
2357 1839 2458 1877 iusti-

1386 1890 1471 1935 tiae,
1491 1890 1558 1927 sed
1583 1889 1683 1926 mole
1709 1895 1746 1926 et
1770 1895 1919 1942 tumore
1944 1891 2154 1939 superbiae.

1441 1944 1500 1979 AD
1521 1954 1714 1980 SECUNDUM
1733 1953 1920 1981 montinum
1940 1945 2058 1992 quod,
2075 1944 2173 1981 sicut
2191 1944 2365 1982 ordinata
2383 1945 2458 1984 vir-

1387 2003 1511 2033 tutum
1550 1995 1793 2044 congregatio
1830 2009 1900 2046 per
1934 1997 2131 2046 quandam
2170 1997 2457 2037 similitudinem

1388 2049 1564 2087 aedificio
1599 2057 1865 2099 comparatur,
1899 2050 1950 2088 ita
1983 2051 2099 2088 etiam
2132 2050 2224 2089 illud
2258 2051 2364 2100 quod
2403 2059 2460 2090 est

1387 2103 1558 2153 primum
1602 2102 1640 2140 in
1678 2103 1922 2152 acquisitione
1962 2104 2169 2152 virtutum,
2207 2104 2458 2144 fundamento

1389 2165 1646 2206 comparatur,
1675 2157 1781 2205 quod
1810 2157 1978 2206 primum
1998 2155 2013 2179 ὅ
2041 2157 2080 2195 in
2110 2157 2284 2196 aedificio
2314 2158 2458 2198 iacitur.

1387 2211 1553 2248 Virtutes
1581 2218 1710 2248 autem
1737 2222 1855 2248 verae
1893 2210 2143 2249 infunduntur
2162 2223 2183 2248 a
2212 2211 2310 2249 Deo.
2345 2212 2459 2251 Unde

1389 2264 1558 2314 primum
1597 2263 1635 2301 in
1673 2263 1921 2312 acquisitione
1957 2265 2140 2303 virtutum
2176 2273 2302 2314 potest
2339 2265 2461 2317 accipi

1390 2318 1600 2368 dupliciter.
1639 2317 1727 2355 Uno
1756 2317 1898 2364 modo,
1928 2330 1998 2367 per
2034 2317 2197 2355 modum
2227 2319 2460 2358 removentis

1388 2372 1609 2422 prohibens.
1640 2371 1690 2408 Et
1709 2370 1762 2408 sic
1781 2370 1972 2409 humilitas
1999 2371 2169 2420 primum
2189 2371 2318 2409 locum
2339 2380 2458 2411 tenet:

1388 2426 1616 2474 inquantum
1647 2423 1788 2462 scilicet
1817 2424 1967 2474 expellit
1994 2423 2235 2474 superbiam,
2265 2424 2324 2462 cui
2352 2426 2459 2464 Deus

1390 2479 1546 2526 resistit,
1578 2485 1614 2515 et
1641 2478 1799 2527 praebet
1833 2478 2032 2515 hominem
2070 2477 2264 2516 subditum
2295 2486 2332 2516 et
2360 2491 2459 2517 sem-

1389 2545 1458 2583 per
1486 2533 1660 2582 patulum
1679 2536 1692 2553 ⁸
1717 2532 1765 2569 ad
1786 2531 2070 2581 suscipiendum
2091 2531 2278 2569 influxum
2308 2532 2459 2570 divinae

1389 2586 1550 2635 gratiae,
1590 2585 1815 2633 inquantum
1855 2593 2017 2623 evacuat
2052 2584 2288 2622 inflationem
2329 2597 2459 2635 super-

1388 2641 1494 2686 biae;
1524 2647 1565 2676 ut
1603 2638 1738 2676 dicitur
1776 2640 1849 2676 Iac.
1881 2651 1916 2676 ιν
1940 2638 1982 2685 *,
2012 2638 2119 2687 quod
2155 2639 2260 2676 Deus
2290 2640 2461 2688 superbis
2487 2645 2497 2656 ⁴

1387 2693 1531 2740 resistit,
1561 2691 1762 2730 humilibus
1789 2698 1915 2730 autem
1944 2692 2008 2729 dat
2033 2692 2214 2742 gratiam.
2248 2692 2298 2729 Et
2325 2705 2460 2730 secun-

1387 2748 1480 2785 dum
1523 2747 1618 2794 hoc,
1657 2746 1849 2784 humilitas
1888 2745 2022 2784 dicitur
2059 2745 2260 2795 spiritualis
2295 2745 2459 2784 aedificii
2487 2791 2497 2801 ι

1387 2801 1680 2838 fundamentum
1703 2799 1734 2837 ²¹².

1440 2854 1525 2891 Alio
1546 2854 1664 2891 modo
1686 2861 1742 2890 est
1765 2852 1906 2902 aliquid
1926 2852 2094 2902 primum
2115 2852 2152 2889 in
2175 2851 2376 2888 virtutibus
2405 2851 2460 2889 di-

1387 2915 1508 2945 recte:
1538 2919 1607 2956 per
1626 2906 1732 2957 quod
1761 2905 1901 2944 scilicet
1927 2906 2003 2943 iam
2033 2905 2083 2943 ad
2102 2906 2230 2943 Deum
2250 2904 2455 2942 acceditur.

1388 2962 1540 2999 Primus
1570 2968 1699 2998 autem
1720 2972 1896 2998 accessus
1921 2959 1970 2997 ad
1997 2960 2125 2996 Deum
2145 2966 2201 2996 est
2228 2970 2296 3007 per
2314 2958 2456 2996 fidem:

1390 3015 1603 3052 secundum
1623 3014 1714 3052 illud
1741 3013 1843 3052 Heb.
1864 3025 1899 3051 ιιι
1918 3012 1959 3050 *ε
1987 3012 2236 3050 Accedentem
2263 3011 2315 3049 ad
2331 3012 2458 3050 Deum

1389 3074 1535 3118 oportet
1561 3068 1725 3105 credere.
1756 3068 1804 3104 Et
1824 3065 2037 3104 secundum
2065 3066 2152 3113 hoc,
2178 3065 2275 3102 fides
2304 3065 2459 3113 ponitur

1389 3122 1681 3159 fundamentum
1700 3120 1732 3163 ¹⁸⁸,
1754 3119 1929 3157 nobiliori
1959 3118 2079 3156 modo
2105 3129 2222 3168 quarn
2251 3118 2456 3156 humilitas.

1442 3177 1500 3212 An
1520 3186 1681 3212 TERTIUM
1700 3185 1886 3212 monimum
1907 3171 2011 3223 quod
2031 3171 2289 3209 contemnenti
2310 3179 2459 3213 terrena

1388 3228 1659 3277 promittuntur
1687 3226 1883 3264 caelestia:
1914 3225 2009 3262 sicut
2044 3223 2375 3263 contemnentibus
2403 3225 2458 3264 di-

1388 3282 1498 3319 vitias
1518 3290 1686 3319 terrenas
1705 3279 1977 3330 promittuntur
1996 3278 2176 3315 caelestes
2201 3278 2379 3326 thesauri,
2400 3291 2458 3316 se-

1391 3335 1560 3373 cundum
1581 3334 1674 3371 illud
1693 3333 1828 3370 Matth.
1848 3344 1884 3369 νι
1903 3331 1941 3368 *ε
1971 3331 2100 3368 Nolite
2119 3332 2373 3381 thesaurizare
2394 3343 2461 3370 νο-

1391 3389 1445 3426 bis
1473 3389 1667 3425 thesauros
1694 3386 1732 3422 in
1761 3391 1876 3431 terra,
1895 3385 1962 3422 sed
1986 3385 2232 3434 thesaurizate
2259 3385 2364 3422 vobis
2382 3386 2458 3423 the·

1443 3500 1468 3534 ὃ)
1483 3501 1645 3533 primurm-
1658 3499 1750 3531 primo
1773 3498 1802 3530 P,
1821 3501 1962 3530 peccatum
1988 3498 2008 3523 L
2015 3506 2022 3529 ;
2042 3506 2089 3531 pro
2115 3498 2226 3528 iacitur,
2238 3498 2312 3532 facit
2336 3498 2458 3531 ΑΕΗΡΚ,

1391 3537 1455 3562 tacit
1473 3535 1535 3567 BFI,
1555 3535 1616 3560 iecit
1634 3534 1680 3565 sK,
1692 3535 1728 3568 fit
1747 3534 1778 3564 D,
1797 3534 1871 3559 cadit
1889 3534 1925 3564 ις
1946 3533 1999 3560 abr.
2019 3534 2065 3566 pC.

1443 3571 1466 3603 ε)
1485 3578 1590 3603 semper
1605 3570 1738 3603 patulum.
1752 3583 1770 3588 -
1789 3576 1873 3601 supra
1887 3569 2038 3602 patibulum
2058 3569 2221 3602 DFpABCK
2234 3576 2317 3601 supra
2326 3568 2457 3602 periclum

1391 3607 1409 3637 1,
1428 3613 1511 3639 supra
1531 3606 1657 3638 patulum
1682 3605 1768 3630 HsAK
1794 3611 1820 3630 et
1844 3613 1870 3635 a,
1891 3606 2017 3637 patulum
2046 3605 2072 3636 P,
2091 3605 2285 3638 susceptibilem
2311 3604 2399 3635 LsBC,
2418 3603 2458 3629 tta

1388 3642 1541 3674 passibilem
1561 3642 1590 3666 E.

2483 1205 2495 1216 ⁴
2508 1205 2536 1227 D.
2551 1210 2593 1233 7¹¹,
2608 1205 2659 1233 898.

2484 1451 2576 1492 ’νει-ἶ.
2591 1474 2623 1497 ¹4

2484 1567 2562 1602 μοχ
2596 1574 2597 1577 ¹

2484 1604 2638 1656 fflssx'tf‘·
2688 1623 2698 1634 ¹

2622 2806 2629 2819 ι
2657 2790 2700 2819 6Ιῆ

2485 3023 2494 3032 ·
2509 3022 2576 3045 ven.
2590 3023 2613 3046 ⁶.

2486 3129 2495 3139 ⁵
2509 3128 2538 3151 D.
2553 3127 2603 3158 ⁶57.

2486 3345 2496 3355 ·
2510 3343 2576 3366 Vere.
2591 3349 2624 3373 19,
2633 3349 2670 3367 ao.
