2768 4198
131 477 139 485 ·
154 475 220 496 Vers.
237 481 268 502 ¹⁴·

138 2594 149 2606 ⁸
162 2593 199 2617 Cf.
213 2599 278 2616 num.
291 2599 324 2616 iv.

137 2642 150 2654 ·
162 2641 198 2665 (X.
213 2648 277 2664 num.
292 2648 315 2665 v.

145 3529 154 3538 ⁴
175 3528 211 3549 De
227 3528 285 3556 Reg.
301 3528 356 3559 lurp,

145 3561 288 3603 [ἕξω-ηιμ
300 3571 306 3581 ,
334 3560 357 3576 m

2 3792 6 3798 <
0 3666 9 3765 -uv-v-
5 3634 8 3639 .

985 290 1254 335 QUAEST1O
1285 291 1547 337 CLXXXVII,
1578 292 1875 329 ARTICULUS
1905 293 1956 329 IV

373 367 487 414 unali,
517 380 597 404 non
616 367 916 404 scandalizantur
937 379 982 404 ex
1005 369 1080 404 hoc
1099 368 1251 416 infirmi,
1273 370 1340 406 sed
1361 381 1441 406 ma-

2484 298 2555 334 515

1467 370 1470 436 ]
1497 370 1630 407 exinde
1657 371 1828 418 generari
1847 376 1864 399 μ
1893 371 2115 408 scandalum
2135 372 2310 409 infirmis:
2341 375 2444 421 quod
2465 385 2562 413 esset

373 420 500 468 litiosi‚
530 433 640 458 more
669 421 985 458 Pharisaeorum:
1025 434 1191 470 quorum
1221 423 1443 459 scandalum
1468 444 1470 469 ς
1496 423 1709 461 vitandum.

1764 426 1868 461 Idem
1916 432 2045 461 tamen
2092 425 2314 462 scandalum
2361 427 2559 465 imminere

374 474 702 511 contemnendum
723 474 915 510 Dominus
936 475 1059 522 docet,
1083 476 1216 512 Matth.
1238 488 1285 512 xv
1303 475 1334 512 ³¹⁸.
1366 476 1443 513 Sed
1469 471 1471 504 i
1498 484 1622 524 potest
1642 477 1689 513 de
1713 477 1769 514 his
1789 477 1854 527 qui
1873 477 2113 514 facultatibus
2134 480 2405 517 communibus
2427 481 2562 518 otiosiv

374 527 404 564 si
434 539 512 564 non
543 534 641 564 esset
670 527 828 564 evidens
858 527 1061 564 necessitas
1082 536 1118 565 et
1137 529 1284 575 utilitas,
1314 537 1445 578 posset
1498 537 1667 567 utuntur.

429 655 457 686 μ.)
476 652 614 686 generari.
626 665 646 671 —
663 659 796 685 generare
815 652 979 685 ABEFLpK.

1558 654 1582 685 ν)
1603 654 1692 679 otiosi.
1705 667 1724 672 -
1742 654 1826 678 otiose
1845 654 1924 679 PGH.

1059 733 1394 766 Commentaria.
1417 732 1670 766 Cardinalis
1693 735 1892 767 Caietani

377 820 425 884 In
455 810 589 841 articulo
617 818 731 851 quarto
762 811 905 842 eiusdem
929 812 1144 852 quaestionis,
1168 819 1244 843 nota
1267 816 1443 843 Auctorem
1469 819 1470 855 1
1496 812 1662 852 religiosus
1685 820 1810 844 tenetur
1833 815 1872 844 ad
1896 814 2145 845 restitutionem:
2177 826 2251 846 cum
2274 816 2460 847 huiusmodi
2484 818 2565 847 elee-

406 855 485 885 duas
508 855 627 886 radices
651 856 764 886 docere
792 856 870 886 liciti
893 856 995 887 victus
1019 866 1056 886 ex
1078 856 1171 887 bonis
1195 857 1443 896 temporalibus:
1469 866 1470 870 ¹

374 899 492 930 scilicet
513 899 563 930 vel
587 900 626 930 de
650 909 729 935 suo;
754 900 804 930 vel
828 901 866 930 de
890 900 950 931 sibi
966 900 1083 931 debito.
1108 900 1170 932 Ubi
1187 901 1322 931 dubium
1339 901 1444 932 statim
1469 911 1471 916 ⁸

374 944 510 975 occurrit
533 944 613 974 circa
637 944 875 975 distinctionem
897 945 1015 975 horum
1038 946 1272 976 membrorum:
1298 945 1373 986 quia
1397 955 1444 975 se-

375 989 518 1019 cundum
542 988 691 1019 coincidit
713 988 888 1019 necessario
913 999 987 1019 cum
1011 989 1126 1029 primo.
1162 990 1246 1020 Nam
1273 997 1446 1030 quantum-

374 1077 458 1108 licite
481 1078 566 1108 vivet
589 1077 629 1108 de
652 1077 725 1107 illo:
750 1077 893 1118 alioquin
916 1078 1023 1108 liceret
1045 1078 1149 1109 vivere
1165 1079 1204 1108 de
1220 1078 1336 1109 alieno.
1360 1096 1381 1102 -
1406 1079 1446 1110 Et

375 1121 593 1153 confirmatur.
630 1121 715 1159 Quia
742 1121 823 1152 sicut
849 1122 955 1152 vivere
983 1132 1020 1152 ex
1050 1122 1270 1163 eleemosyna,
1300 1123 1389 1163 quod
1412 1123 1446 1153 in

375 1165 480 1207 primo
511 1166 643 1205 ponitur
672 1166 834 1202 membro,
867 1173 943 1197 tunc
973 1173 1020 1196 est
1045 1166 1169 1196 licitum
1199 1177 1273 1197 cum
1297 1167 1329 1197 id
1358 1168 1447 1208 quod

375 1294 616 1340 quandofffflud
640 1299 730 1340 quod
762 1299 894 1330 debetur
923 1299 1043 1330 factum
1071 1306 1118 1330 est
1149 1308 1262 1335 suum;
1298 1306 1334 1329 ut
1363 1306 1449 1339 patet

375 1343 582 1374 discurrendo
606 1343 640 1373 in
663 1343 796 1383 singulis
820 1350 960 1384 quatuor
984 1343 1108 1374 casibus
1131 1343 1324 1374 enumeratis
1347 1343 1380 1374 in
1399 1344 1449 1374 lit-

375 1394 450 1424 tera,
469 1394 528 1418 etc.

432 1432 483 1463 Ad
506 1432 569 1462 hoc
593 1432 715 1463 dicitur.
730 1433 820 1472 quod
842 1432 876 1462 in
900 1431 1003 1462 littera
1026 1442 1094 1463 non
1117 1431 1323 1472 distinguitur
1345 1431 1450 1462 vivere

376 1486 414 1508 ex
437 1487 498 1507 suo
522 1482 634 1507 contra
648 1477 753 1507 vivere
769 1486 806 1507 ex
822 1486 978 1513 non-suo,
994 1483 1030 1507 ut
1046 1476 1184 1507 obiectio
1209 1476 1448 1517 interpretatur:

376 1521 432 1552 sed
455 1520 660 1561 distinguitur
682 1521 788 1551 vivere
818 1530 855 1551 ex
884 1530 944 1551 suo
975 1520 1130 1557 absolute,
1152 1528 1262 1552 contra
1285 1521 1389 1551 vivere
1413 1530 1451 1551 ex

376 1575 436 1596 suo
453 1576 491 1596 ex
507 1565 626 1596 debito.
653 1564 699 1595 lta
715 1565 805 1606 quod
820 1564 996 1596 formaliter
1011 1564 1046 1595 fit
1061 1564 1222 1596 distinctio
1242 1565 1323 1596 inter
1339 1576 1450 1596 causas

376 1610 494 1652 quibus
509 1609 583 1640 licet
593 1609 699 1639 vivere
715 1619 752 1639 ex
769 1608 894 1650 aliquo:
911 1616 943 1639 et
958 1609 1147 1640 discernitur
1161 1610 1243 1641 inter
1259 1620 1326 1640 esse
1342 1621 1449 1647 suum,

376 1664 436 1696 pro
450 1665 515 1686 una
529 1664 634 1690 causa,
648 1663 715 1684 non
728 1653 960 1684 considerando
975 1654 1059 1684 unde
1071 1655 1122 1685 vel
1135 1653 1271 1695 qualiter
1287 1655 1327 1686 sit
1342 1665 1450 1692 suurn,

377 1699 433 1730 sed
448 1705 515 1730 tota
530 1698 611 1729 ratio
626 1697 711 1729 licite
722 1698 850 1728 vivendi
863 1698 968 1741 exxillo
981 1706 1028 1730 est
1041 1698 1116 1740 quia
1132 1707 1179 1730 est
1193 1708 1307 1736 suum;
1325 1706 1355 1730 et
1370 1699 1451 1731 inter

377 1753 445 1775 esse
469 1753 566 1774 suum
590 1753 628 1773 ex
651 1742 768 1774 debito.
794 1743 840 1773 Ita
859 1743 948 1784 quod
972 1743 1051 1774 ratio
1067 1743 1195 1774 vivendi
1212 1743 1263 1775 hic
1278 1745 1451 1775 attenditur

377 1798 444 1820 non
460 1797 557 1829 penes
571 1786 720 1818 effectum
735 1787 828 1818 illum
846 1797 1054 1818 communem
1067 1787 1123 1829 qui
1136 1795 1184 1819 est
1195 1798 1262 1819 esse
1275 1799 1382 1825 suum,
1396 1790 1451 1820 sed

376 1843 475 1874 penes
490 1842 630 1868 causam,
648 1832 710 1862 hoc
727 1838 783 1868 est,
801 1842 898 1872 penes
915 1832 1070 1863 rationem
1088 1832 1195 1864 debiti.
1219 1833 1260 1864 Et
1283 1840 1451 1874 propterea

377 1887 444 1908 non
468 1877 645 1908 nominavit
668 1875 701 1906 in
725 1876 867 1907 secundo
891 1877 1038 1907 membro
1062 1879 1186 1908 Auctor
1208 1877 1240 1918 ly
1262 1887 1370 1915 suum,
1396 1878 1451 1909 sed

377 1922 588 1953 solummodo
621 1921 681 1952 sibi
707 1921 867 1952 debitum:
896 1921 1081 1962 respiciebat
1111 1921 1198 1952 enim
1222 1922 1262 1952 ad
1285 1922 1450 1959 formalia,

378 1976 475 2008 penes
499 1976 582 2007 quae
605 1965 778 1996 attenditur
801 1965 972 1997 distinctio.
996 1966 1071 1996 Non
1095 1966 1281 1997 coincidunt
1297 1977 1371 2007 ergo
1389 1967 1452 1998 dis-

377 2010 540 2042 tinctionis
563 2010 716 2047 membra,
737 2009 911 2042 formaliter
937 2010 1096 2041 intellecta
1119 2011 1157 2041 de
1177 2011 1295 2042 causis:
1321 2012 1375 2042 sed
1395 2012 1452 2042 do-

378 2065 488 2087 cemur
511 2055 601 2097 quod
625 2054 728 2085 vivere
743 2054 830 2085 mihi
854 2054 928 2086 licet
951 2065 988 2086 ex
1007 2055 1116 2096 aliquo
1141 2055 1260 2095 duplici
1284 2057 1323 2086 de
1340 2065 1450 2093 causa;
1477 2070 1479 2098 3

377 2100 428 2131 vel
452 2099 528 2141 quia
550 2109 663 2130 meum
686 2106 749 2135 est,
779 2099 858 2129 nihil
881 2099 967 2131 aliud
991 2099 1242 2137 considerando,
1271 2101 1326 2131 sed
1349 2101 1452 2132 solam
1477 2103 1479 2120 2

378 2145 460 2176 hanc
483 2154 693 2176 communem
717 2143 885 2180 rationem,
910 2144 985 2185 quia
1008 2155 1119 2175 meum
1143 2152 1206 2181 est;
1230 2145 1280 2175 vel
1303 2145 1379 2186 quia
1403 2146 1454 2176 de-

377 2189 483 2221 bitum
506 2195 554 2220 est
575 2188 667 2225 mihi,-
691 2188 754 2219 hoc
777 2196 834 2225 est,
859 2188 903 2219 sic
927 2199 1038 2220 meum
1058 2197 1114 2226 est,
1138 2189 1255 2220 scilicet
1279 2200 1316 2220 ex
1331 2190 1451 2221 debito.

433 2234 502 2265 Nec
524 2233 618 2264 refert
640 2232 674 2263 in
698 2232 866 2274 proposito
890 2243 931 2263 an
955 2240 1101 2264 sumatur
1123 2243 1218 2265 suum
1243 2243 1303 2273 pro
1319 2244 1379 2265 suo
1403 2242 1452 2265 to-
1478 2253 1480 2259 r

378 2278 490 2315 taliter,
513 2278 564 2308 vel
587 2287 646 2318 pro
671 2287 731 2308 suo
755 2277 863 2318 quoad
878 2285 1078 2318 praesentem
1094 2288 1199 2309 usum.
1225 2277 1347 2310 Sufficit
1363 2289 1453 2309 nam-

378 2333 442 2365 que
465 2322 634 2363 proposito
658 2321 737 2353 ratio
753 2323 806 2353 sui
828 2321 893 2352 sive
916 2322 979 2353 hoc
1002 2322 1067 2353 sive
1081 2322 1138 2353 illo
1155 2323 1272 2353 modo:
1297 2323 1452 2363 quoniam

379 2367 554 2409 unicuique
577 2366 682 2397 vivere
706 2366 778 2398 licet
802 2367 841 2397 de
865 2377 925 2397 suo
950 2367 1048 2398 altero
1064 2367 1201 2398 istorum
1218 2367 1402 2405 modorum,
1419 2375 1456 2399 ut

402 2419 476 2444 atet.

377 2421 400 2454 P
435 2456 474 2487 ΙΙ.
499 2456 534 2486 In
558 2455 675 2486 eodem
698 2455 832 2486 articulo
857 2462 990 2496 quart0,
1022 2456 1103 2487 circa
1126 2455 1222 2492 illud,
1250 2456 1455 2488 Redderetur

379 2501 543 2542 religiosis
562 2509 641 2531 usus
649 2500 895 2540 praedictorum
911 2500 1069 2531 donorum
1086 2500 1218 2531 illicitus
1232 2502 1262 2532 si
1275 2501 1315 2532 ab
1330 2502 1455 2533 actibus

379 2546 543 2587 religiosis
571 2545 780 2583 desisterent,
803 2546 880 2586 quia
895 2551 970 2581 etc.‚
996 2544 1133 2575 dubium
1157 2545 1304 2582 occurrit,
1329 2546 1452 2586 primo:

379 2601 419 2621 an
442 2589 513 2621 talis
537 2599 615 2620 usus
638 2588 766 2619 illicitus
791 2589 831 2619 sit
853 2596 1021 2628 peccatum
1044 2589 1179 2619 mortale
1193 2589 1220 2620 *.
1244 2607 1266 2612 -
1289 2590 1453 2621 Secundo:

379 2645 419 2666 an
444 2633 564 2674 obliget
586 2633 626 2663 ad
650 2633 886 2664 restitutionem
909 2633 954 2663 sic
977 2633 1083 2664 illicite
1103 2640 1227 2664 utentes
1242 2633 1269 2664 *.

435 2678 530 2710 Ratio
554 2677 649 2718 primi
673 2677 761 2708 dubii
785 2684 832 2708 est
855 2677 931 2718 quia
954 2677 1028 2708 hinc
1047 2684 1177 2718 apparet
1200 2678 1290 2719 quod
1312 2685 1358 2709 est
1381 2689 1454 2719 pec-

380 2730 489 2756 catum
513 2721 662 2753 mortale:
688 2732 725 2752 ex
748 2732 787 2752 eo
812 2721 930 2753 scilicet
952 2722 1042 2763 quod
1066 2729 1112 2753 est
1128 2729 1216 2753 actus
1236 2721 1354 2753 fraudis
1369 2723 1402 2754 in
1421 2733 1454 2754 re

379 2767 522 2799 notabili.
547 2766 663 2798 Omnis
687 2766 774 2798 enirn
798 2765 996 2797 defraudatio
1020 2766 1167 2806 proximi,
1185 2773 1216 2797 et
1232 2766 1336 2798 multo
1352 2767 1454 2808 magis

379 2811 606 2848 benefactoris,
638 2811 671 2841 in
695 2821 727 2841 re
751 2811 883 2842 notabili
913 2818 959 2842 est
987 2821 1024 2842 ex
1052 2821 1112 2841 suo
1140 2821 1253 2851 genere
1286 2819 1454 2852 peccatum

380 2857 531 2888 mortale:
557 2855 632 2897 quia
656 2862 703 2886 est
726 2862 836 2886 contra
860 2855 1063 2886 dilectionem
1087 2855 1235 2896 proximi.
1259 2855 1336 2892 Sed,
1361 2863 1397 2888 ut
1420 2857 1454 2887 in

379 2902 482 2933 littera
505 2900 629 2936 dicitur,
654 2900 792 2940 religiosi
816 2900 999 2931 desistentes
1017 2911 1033 2930 a
1050 2899 1204 2940 religiosis
1227 2900 1347 2931 actibus
1372 2900 1456 2932 frau-

381 2947 467 2983 dant,
492 2952 651 2987 quantum
675 2955 712 2975 ex
735 2951 822 2985 parte
846 2954 904 2974 sua
927 2951 983 2980 est,
1007 2954 1084 2974 suos
1109 2944 1324 2975 benefactores
1346 2944 1379 2975 in
1397 2955 1454 2976 no-

380 2991 468 3023 tabili
500 2991 604 3022 bono:
630 2996 696 3020 tam
726 2989 911 3029 temporali,
942 2989 1031 3030 quod
1056 2996 1240 3029 susceptum
1264 2996 1310 3019 est
1333 2996 1364 3020 et
1386 3000 1453 3031 quo

380 3037 573 3070 abutuntur;
598 3044 697 3076 quam
721 3033 885 3074 spirituali,
910 3034 998 3074 quod
1015 3034 1213 3063 reddendum
1229 3040 1286 3064 est.

435 3080 512 3110 Inde
529 3086 638 3110 autem
655 3085 785 3119 apparet
808 3078 898 3119 quod
914 3087 980 3108 non
997 3085 1043 3108 est
1059 3078 1208 3108 mortale:
1233 3077 1309 3118 quia
1324 3087 1391 3108 non
1407 3078 1454 3108 in-

381 3124 515 3155 tervenit
526 3123 577 3154 hic
588 3123 674 3154 fraus
686 3122 869 3159 formaliter,
879 3123 933 3152 sed
945 3122 1186 3163 interpretative.
1198 3122 1255 3152 Est
1267 3122 1354 3153 enim
1366 3132 1455 3163 prae-

381 3174 429 3199 ter
440 3168 651 3199 intentionem
665 3167 852 3198 huiusmodi
867 3167 1090 3207 religiosorum
1102 3167 1171 3197 talis
1189 3166 1284 3197 fraus.
1297 3184 1318 3188 -
1329 3167 1396 3197 Nec
1408 3174 1455 3198 est

382 3220 515 3243 eventus
543 3212 634 3243 istius
664 3212 783 3243 fraudis
814 3212 949 3243 omnino
977 3211 1162 3252 inopinatus
1188 3210 1453 3242 benefactoribus.

383 3256 549 3294 Quoniam
579 3256 669 3287 facile
693 3267 787 3287 nosse
815 3263 951 3297 possunt
974 3257 1128 3286 donantes
1161 3262 1314 3296 perpetua
1337 3255 1454 3286 immo-

383 3300 458 3332 bilia
481 3300 572 3341 quod
593 3299 682 3332 fluxu
698 3301 853 3342 temporis
869 3301 986 3332 cadunt
1004 3307 1103 3331 status
1118 3299 1353 3340 religiosorum:
1378 3310 1454 3331 cum

383 3345 525 3376 humana
549 3343 659 3375 omnia
682 3346 801 3376 caduca
824 3356 891 3376 esse
915 3352 1047 3376 constet.
1074 3345 1115 3376 Et
1139 3344 1183 3375 sic
1205 3344 1330 3375 videtur
1353 3344 1453 3384 quod,

384 3389 536 3420 donando
560 3389 680 3429 absque
703 3390 888 3429 provisione
911 3390 1000 3431 quod
1024 3389 1233 3420 devolvantur
1257 3388 1296 3418 ad
1311 3388 1390 3419 alios
1405 3388 1453 3418 in-

384 3434 554 3464 servientes
577 3433 731 3474 religiosis
754 3434 892 3471 actibus,
922 3434 1074 3475 implicite
1098 3440 1300 3474 acceptarunt
1327 3442 1360 3463 se
1388 3432 1454 3463 fru-

384 3478 530 3510 strandos
553 3478 749 3518 quandoque
773 3488 832 3508 suo
856 3478 995 3510 intento:
1020 3478 1129 3509 scienti
1153 3484 1259 3509 autem
1283 3484 1314 3508 et
1335 3477 1454 3508 volenti

384 3533 451 3554 non
474 3521 510 3553 fit
533 3521 633 3559 fraus,
656 3522 739 3553 sicut
761 3532 820 3553 nec
842 3522 999 3554 iniuria-*.

442 3567 494 3598 111.
519 3566 613 3597 Ratio
637 3566 768 3597 secundi
791 3566 880 3597 dubii
901 3573 948 3597 est
970 3567 1055 3608 quia,
1071 3567 1154 3598 sicut
1169 3567 1260 3597 miles
1275 3572 1399 3597 tenetur
1414 3566 1454 3596 ad

385 3611 533 3653 stipendii
557 3610 789 3642 restitutionem
813 3610 839 3641 si
862 3610 982 3642 desistit
1003 3621 1022 3642 a
1045 3611 1233 3643 militaribus
1257 3611 1387 3648 actibus,
1412 3610 1454 3641 ita

1497 867 1650 898 mosynae
1683 858 1744 888 sint
1768 858 1858 898 quasi
1890 858 2046 898 stipendia
2073 859 2227 899 ipsorum.
2243 877 2261 882 -
2285 860 2326 891 Et
2349 860 2565 893 confirmatur.

1498 901 1582 938 Quia
1612 901 1693 932 sicut
1723 901 1918 942 stipendium
1942 903 2075 933 militare
2099 913 2164 933 non
2189 904 2280 934 datur
2304 905 2362 935 nisi
2386 905 2565 936 militaturis

1497 945 1530 975 in
1552 945 1690 982 veritate,
1715 946 1757 976 ita
1781 946 1973 986 stipendium
1997 948 2232 978 sustentationis
2256 949 2476 988 religiosorum
2500 960 2565 981 non

1470 1005 1472 1029 l
1498 990 1590 1020 datur
1614 990 1673 1020 nisi
1696 990 1840 1030 religiose
1860 991 1962 1021 vivere
1985 992 2175 1028 volentibus,
2200 1002 2265 1022 non
2288 992 2490 1032 fingentibus.
2522 995 2566 1026 lta

374 1042 514 1073 cumque
543 1033 663 1073 aliquid
694 1033 733 1063 sit
760 1033 853 1063 alicui
883 1034 1044 1070 debiturn,
1073 1034 1133 1064 nisi
1156 1033 1210 1065 fiat
1233 1044 1345 1070 suum,
1379 1044 1445 1064 non
1470 1036 1472 1063 ἶ
1498 1035 1603 1074 quod,
1635 1034 1715 1065 sicut
1739 1035 1852 1065 milites
1883 1043 2018 1066 armatae
2043 1036 2172 1067 militiae
2196 1047 2260 1067 non
2290 1037 2430 1068 efficiunt
2453 1048 2564 1075 suum,

1499 1079 1554 1108 sed
1577 1085 1724 1109 tenentur
1746 1078 1825 1109 illud
1848 1079 2018 1116 restituere,
2034 1080 2059 1110 si
2077 1080 2139 1111 ficti
2155 1081 2330 1121 suscipiunt
2347 1090 2400 1112 aut
2415 1081 2478 1113 ficti
2494 1093 2566 1123 pro-

1472 1145 1473 1152 .
1500 1130 1692 1163 sequuntur;
1722 1123 1765 1153 ita
1796 1123 1897 1153 clerici
1928 1131 1958 1154 et
1988 1124 2142 1164 religiosi,
2166 1125 2192 1155 si
2220 1133 2274 1156 aut
2304 1125 2367 1156 ficti
2391 1126 2567 1167 suscipiunt

374 1210 404 1242 el
559 1210 614 1240 alit
671 1210 690 1239 d
712 1217 723 1240 t
821 1217 832 1240 t
855 1209 870 1240 f
907 1218 918 1242 t
1138 1211 1160 1241 *t
1223 1211 1229 1217 ι
1404 1211 1444 1242 ‘b'
1473 1181 1474 1211 ;
1500 1174 1555 1197 aut
1577 1166 1640 1198 ficti
1664 1174 1912 1208 prosequuntur,
1933 1178 1998 1198 non
2023 1168 2162 1200 efficiunt
2185 1169 2339 1209 stipendia
2362 1180 2428 1206 sua,
2446 1171 2499 1201 sed
2524 1179 2567 1201 te-

405 1219 558 1251 eemosyn
615 1220 648 1240 er
692 1220 711 1240 a
726 1220 762 1240 ur
786 1220 819 1240 es
869 1220 904 1241 ac
920 1221 975 1241 um
1000 1219 1112 1240 suum:
1136 1221 1147 1240 1
1162 1221 1179 1240 a
1201 1221 1304 1241 vrvere
1325 1221 1361 1241 ex
1388 1222 1413 1241 si
1437 1221 1447 1241 ι
1473 1226 1475 1230 f

376 1254 494 1291 debito,
518 1255 608 1296 quod
632 1254 764 1295 ponitur
786 1254 818 1284 in
839 1255 980 1285 secundo
998 1255 1154 1291 membro,
1171 1262 1246 1285 tunc
1263 1262 1310 1285 est
1324 1255 1448 1286 licitum
1473 1251 1475 1257 ’

1501 1219 1616 1242 nentur
1639 1213 1679 1241 ad
1703 1211 1947 1243 restitutionem.

1558 1256 1592 1285 In
1617 1256 1806 1296 oppositum
1829 1254 1935 1287 au'tem
1953 1265 1999 1288 est
2015 1257 2090 1298 quia
2113 1258 2216 1288 durus
2232 1263 2279 1288 est
2293 1259 2345 1289 hic
2359 1268 2464 1289 sermo
2479 1259 2511 1289 *z
2537 1267 2566 1290 et

1501 1306 1549 1330 tot
1572 1300 1720 1330 ecclesiae
1744 1300 1916 1331 declinasse
1939 1301 2086 1332 videntur
2110 1312 2127 1332 a
2150 1302 2296 1342 religiosa
2318 1302 2381 1333 vita
2405 1310 2454 1338 ut,
2479 1303 2504 1333 si
2529 1304 2568 1334 ad

1502 1344 1735 1374 restitutionem
1759 1352 1949 1382 tenerentur,
1974 1353 2135 1386 oporteret
2158 1357 2306 1386 magnam
2331 1347 2569 1378 damnationem

1502 1388 1660 1419 inducere.

1560 1432 1612 1462 IV.
1630 1433 1680 1462 Ad
1697 1432 1886 1464 evidentiam
1901 1433 2029 1470 horum,
2044 1434 2308 1464 considerandum
2325 1442 2370 1465 est
2386 1436 2475 1475 quod
2490 1435 2570 1466 inter

1503 1476 1668 1515 religiosos
1693 1483 1723 1506 et
1746 1477 1920 1518 principes,
1945 1488 2000 1508 seu
2025 1488 2247 1519 quoscumque
2271 1478 2349 1508 alios
2379 1479 2434 1519 qui
2457 1487 2568 1510 contu—

1503 1520 1608 1551 lerunt
1624 1521 1842 1562 eleemosynas
1858 1522 1912 1558 eis,
1927 1532 1991 1552 non
2008 1529 2054 1553 est
2069 1522 2222 1553 habitudo
2240 1523 2416 1553 secundum
2431 1523 2570 1563 aliquem

1504 1572 1703 1596 contractum
1727 1565 1864 1597 iustitiae
1887 1566 2015 1606 proprie
2039 1566 2156 1603 dictae,
2188 1567 2242 1597 sed
2266 1567 2371 1597 solum
2395 1568 2571 1598 secundum

1504 1610 1647 1640 debitum
1676 1610 1891 1650 gratitudinis:
1928 1621 2002 1641 nam
2031 1611 2186 1642 donantes
2217 1610 2405 1641 beneficium
2434 1612 2572 1647 eleemo-

1504 1664 1600 1695 synae
1617 1654 1800 1691 conferunt;
1821 1663 1852 1686 et
1868 1655 2004 1695 religiosi
2021 1655 2154 1686 naturali
2169 1655 2237 1686 iure
2252 1662 2398 1686 tenentur
2414 1656 2466 1686 tali
2485 1657 2572 1687 dono

1503 1699 1636 1739 gratiam
1659 1699 1830 1730 retribuere
1846 1700 1911 1730 suis
1928 1699 2081 1739 religiosis
2097 1699 2235 1736 actibus;
2260 1700 2415 1740 quoniam
2430 1710 2496 1731 non
2512 1701 2572 1731 alia

1503 1744 1542 1774 ab
1567 1743 1611 1773 eis
1635 1750 1816 1784 expectatur
1839 1744 2014 1775 retributio.
2041 1744 2133 1775 Unde
2150 1744 2227 1774 etin
2246 1744 2347 1775 littera
2364 1745 2402 1774 de
2418 1744 2571 1776 beneficio

1504 1788 1657 1828 donoque
1681 1788 1802 1818 mentio
1825 1787 1869 1825 fit,
1895 1799 1976 1829 quae
1994 1795 2116 1820 constat
2140 1789 2180 1819 ad
2202 1789 2318 1828 gratiae
2338 1789 2486 1819 virtutem
2502 1799 2571 1829 spe-

1504 1839 1586 1864 ctare
1597 1833 1682 1864 *AEt
1697 1833 1779 1879 quig
1787 1833 1904 1872 gratiae
1921 1833 2127 1863 contrariatur
2143 1833 2346 1872 ingratitudo,
2363 1833 2478 1864 idcirco
2496 1841 2571 1865 tunc

1503 1877 1612 1908 solum
1627 1876 1794 1908 intervenit
1810 1877 1843 1907 in
1858 1877 2045 1908 huiusmodi
2058 1877 2233 1908 omissione
2248 1885 2413 1918 peccatum
2427 1878 2569 1914 mortale,

1477 1944 1478 1964 ἢ
1504 1921 1634 1962 quando
1657 1921 1812 1961 contingit
1827 1921 2019 1962 ingratitudo
2037 1922 2189 1952 mortalis.
2215 1922 2258 1952 Ut
2273 1928 2379 1952 autem
2397 1932 2433 1952 ex
2449 1933 2543 1962 supra
2555 1922 2572 1942 *

1504 1966 1594 1997 dictis
1618 1966 1656 1996 de
1681 1966 1904 2006 ingratitudine
1928 1973 2022 2007 patet,
2039 1966 2072 1996 in
2089 1966 2217 1997 duobus
2236 1966 2360 1997 casibus
2378 1966 2570 2006 ingratitudo

1504 2010 1664 2041 invenitur
1687 2018 1853 2051 peccatum
1877 2011 2026 2042 mortale:
2050 2011 2100 2041 vel
2122 2010 2305 2046 formaliter,
2330 2021 2403 2041 cum
2427 2018 2570 2042 contem-

1505 2062 1578 2096 ptus
1609 2055 1739 2086 interior
1766 2055 1854 2086 adest
1882 2054 2041 2091 beneficii;
2071 2055 2120 2085 vel
2150 2055 2364 2092 materialiter,
2395 2065 2469 2086 curn
2493 2056 2572 2086 illud

1504 2099 1662 2130 omittitur
1685 2100 1774 2140 quod
1797 2100 1867 2130 talis
1892 2107 1937 2130 est
1960 2099 2152 2130 conditionis
2175 2100 2264 2140 quod
2287 2100 2462 2130 necessario
2487 2100 2571 2130 exhi-

1504 2145 1647 2175 bendum
1671 2151 1716 2174 est
1739 2143 1903 2180 beneficio.
1935 2144 1976 2175 Et
1998 2151 2166 2185 propterea
2189 2144 2221 2174 in
2245 2143 2426 2184 proposito,
2452 2144 2478 2174 si
2500 2145 2570 2174 reli-

1504 2189 1585 2229 giosi
1610 2189 1642 2219 in
1659 2196 1881 2228 contemptum
1905 2196 2121 2228 prorumpunt
2137 2188 2273 2228 suscepti
2290 2187 2442 2224 beneficii,
2460 2188 2572 2228 ingrati

1506 2233 1679 2264 mortaliter
1695 2240 1726 2263 et
1745 2232 1919 2264 formaliter
1934 2240 2017 2264 sunt.
2038 2233 2079 2263 Et
2096 2233 2121 2263 si
2138 2233 2291 2263 omittunt
2306 2232 2469 2273 religiosos
2485 2241 2572 2264 actus

1507 2278 1547 2308 ad
1570 2288 1653 2318 quos
1677 2277 1716 2308 de
1741 2277 1923 2308 necessitate
1947 2277 2104 2318 praecepti
2128 2284 2283 2314 tenentur,
2307 2277 2419 2317 ingrati
2442 2287 2572 2318 quoque

1507 2322 1681 2353 mortaliter
1711 2329 1802 2355 sunt.
1838 2321 2038 2352 materialiter
2068 2328 2184 2352 tamen.
2221 2321 2253 2352 Si
2283 2328 2391 2352 autem
2422 2322 2574 2352 omittunt

1508 2367 1633 2408 aliquos
1657 2366 1822 2406 religiosos
1846 2373 1933 2396 actus
1965 2366 2004 2396 ad
2028 2375 2110 2406 quos
2139 2375 2205 2396 non
2228 2372 2376 2396 tenentur
2403 2367 2462 2396 sub
2486 2376 2573 2406 prae-

1508 2418 1618 2452 cepto,
1646 2410 1759 2450 ingrati
1782 2410 1943 2441 venialiter
1971 2420 2006 2441 ac
2036 2410 2236 2441 materialiter
2266 2417 2350 2441 sunt.
2383 2410 2424 2440 Et
2446 2410 2518 2441 ideo
2542 2410 2574 2440 in

1506 2456 1608 2487 littera
1630 2455 1752 2496 optime
1776 2455 1889 2486 dicitur
1913 2455 2057 2485 absolute
2072 2455 2160 2495 quod
2178 2455 2309 2485 illicitus
2324 2454 2515 2485 redderetur
2530 2456 2575 2485 eis

1508 2510 1587 2532 usus
1603 2500 1846 2540 praedictorum
1871 2499 2028 2530 donorum
2049 2500 2078 2529 si
2100 2499 2140 2529 ab
2162 2499 2285 2529 actibus
2308 2499 2469 2539 religiosis
2491 2500 2573 2530 desi-

1506 2550 1637 2577 sterent.
1662 2561 1682 2567 —
1706 2544 1747 2575 Et
1770 2554 1826 2584 per
1848 2543 1924 2574 haec
1948 2550 2034 2584 patet
2057 2543 2175 2574 solutio
2199 2543 2293 2583 primi
2317 2543 2404 2573 dubii
2419 2543 2446 2574 *-

1563 2589 1614 2620 Ad
1644 2588 1858 2620 obiectionem
1892 2595 2000 2618 autem
2034 2587 2066 2618 in
2098 2587 2285 2627 oppositum
2319 2587 2433 2617 dicitur
2466 2588 2571 2627 quod,

1506 2634 1637 2675 quando
1662 2633 1748 2664 deest
1771 2639 1973 2673 contemptus
1997 2632 2173 2662 reddendae
2196 2631 2312 2671 gratiae
2344 2641 2399 2662 seu
2431 2631 2573 2661 solvendi

1507 2678 1651 2709 debitum
1674 2676 1838 2713 beneficio,
1862 2686 1928 2706 non
1945 2683 1991 2707 est
2014 2675 2098 2706 fraus
2115 2676 2174 2706 nisi
2191 2675 2405 2706 materialiter:
2431 2685 2469 2706 eo
2484 2676 2572 2716 quod

1507 2733 1574 2754 non
1598 2732 1635 2753 ex
1657 2721 1834 2752 intentione
1857 2720 2073 2760 ingratitudini
2097 2730 2193 2760 opera
2218 2720 2318 2750 datur.
2343 2720 2442 2750 Fraus
2465 2727 2572 2750 autem

1506 2767 1540 2798 in
1563 2766 1722 2798 reddenda
1745 2766 1843 2806 gratia
1867 2764 2067 2796 materialiter
2097 2775 2163 2795 non
2193 2774 2318 2804 semper
2345 2771 2390 2794 est
2413 2763 2570 2800 mortalis,

1506 2812 1570 2847 sed,
1597 2818 1632 2842 ut
1655 2810 1776 2841 dictum
1799 2817 1855 2846 est,
1880 2810 1965 2840 iuxta
1989 2809 2206 2840 conditionem
2222 2808 2331 2839 omissi
2355 2815 2570 2838 mensuratur:

1506 2856 1595 2897 quod
1618 2855 1651 2885 in
1674 2854 1841 2895 proposito
1865 2861 1911 2884 est
1935 2861 2021 2884 actus
2041 2853 2205 2893 religiosus
2229 2860 2423 2893 praeceptus,
2440 2853 2490 2883 vel
2507 2862 2571 2882 non

1506 2907 1702 2941 praeceptus.
1727 2899 1811 2930 Nam
1834 2905 2019 2939 praeceptus
2043 2905 2140 2934 actus,
2165 2897 2190 2927 si
2214 2897 2383 2933 omittitur,
2407 2897 2566 2937 ingratitu-

1507 2944 1588 2975 dinis
1613 2943 1757 2974 fraudem
1786 2943 1954 2974 mortalem
1977 2942 2111 2973 inducit:
2144 2942 2168 2972 si
2194 2951 2268 2972 vero
2297 2941 2454 2971 omittitur
2483 2948 2571 2971 actus

1507 2989 1650 3025 debitus,
1679 2989 1734 3021 sed
1762 2998 1828 3018 non
1859 2994 2063 3027 praeceptus,
2095 2987 2250 3016 venialem
2280 2992 2404 3016 tantum
2427 2985 2571 3015 fraudem

1506 3033 1639 3064 inducit.
1662 3033 1703 3063 Et
1727 3032 1771 3063 sic
1794 3042 1919 3072 semper
1942 3031 2026 3062 fraus
2049 3031 2080 3061 in
2105 3031 2153 3061 his
2177 3030 2322 3061 illicitum
2338 3040 2433 3060 usum
2457 3036 2571 3059 morta-

1506 3078 1576 3108 liter
1598 3077 1648 3108 vel
1670 3076 1833 3107 venialiter
1855 3075 1967 3106 reddit.

1563 3122 1602 3153 V.
1626 3122 1677 3152 Ad
1693 3121 1871 3152 secundum
1887 3127 1994 3151 autem
2014 3119 2148 3150 dubium
2162 3119 2179 3138 *
2195 3119 2307 3149 dicitur
2322 3118 2411 3159 quod
2434 3117 2571 3158 religiosi

1507 3166 1690 3196 desistentes
1721 3175 1739 3195 a
1769 3164 1922 3205 religiosis
1946 3164 2083 3199 actibus,
2108 3163 2202 3194 etiam
2226 3163 2413 3203 praeceptis,
2439 3172 2503 3192 non
2527 3169 2571 3192 te-

1507 3217 1622 3240 nentur
1645 3210 1684 3240 ad
1708 3209 1952 3240 restitutionem:
1978 3209 2032 3239 sed
2056 3207 2198 3248 privandi
2223 3214 2305 3243 sunt,
2330 3206 2500 3246 superioris
2516 3216 2571 3236 au-

1507 3254 1665 3290 ctoritate,
1696 3263 1756 3284 usu
1780 3253 1892 3284 talium
1916 3253 2097 3290 bonorum,
2121 3252 2146 3282 si
2170 3261 2188 3281 a
2210 3251 2382 3291 praeceptis
2406 3251 2570 3281 desistunt.

1506 3299 1547 3329 Et
1569 3298 1648 3329 ratio
1672 3307 1771 3338 quare
1786 3307 1852 3327 non
1868 3304 2015 3327 tenentur
2033 3297 2072 3327 ad
2086 3295 2328 3332 restitutionem,
2345 3302 2391 3326 est
2409 3295 2485 3336 quia
2503 3304 2572 3335 pec-

1506 3350 1613 3374 catum
1637 3352 1751 3373 eorum
1774 3341 1916 3372 consistit
1938 3341 1971 3371 in
1994 3342 2094 3371 abusu
2118 3340 2162 3370 rei
2186 3350 2271 3376 suae,
2296 3347 2326 3370 et
2349 3349 2416 3370 non
2433 3339 2466 3370 in
2481 3349 2571 3370 usur-

1505 3387 1635 3427 patione
1659 3385 1762 3422 alieni„
1790 3385 1881 3416 Bona
1904 3384 2061 3426 siquidem
2085 3384 2128 3415 eis
2152 3384 2425 3425 eleemosynaliter
2447 3383 2570 3419 collata,

1505 3431 1586 3462 facta
1609 3431 1673 3461 iam
1698 3437 1771 3461 sunt
1794 3440 1851 3460 sua
1881 3439 1917 3460 ex
1941 3430 2028 3460 dono
2053 3428 2249 3468 largitorum.
2280 3429 2321 3460 Et
2348 3435 2516 3469 propterea
2538 3427 2570 3457 in

1505 3476 1608 3506 littera
1631 3475 1745 3506 dicitur
1767 3474 1856 3515 quod
1879 3473 1991 3504 talium
2015 3473 2176 3503 donorum
2201 3482 2279 3504 usus
2293 3472 2336 3503 eis
2359 3472 2486 3503 illicitus
2502 3472 2568 3501 red-

1507 3521 1641 3551 deretur.
1666 3537 1687 3543 -
1711 3519 1804 3550 Ratio
1828 3525 1936 3549 autem
1959 3527 2056 3559 quare
2079 3517 2218 3548 tollenda
2241 3523 2316 3548 sunt
2338 3527 2356 3547 a
2378 3517 2492 3547 talibus
2521 3525 2568 3544 re-

1506 3564 1626 3605 ligiosis
1650 3563 1835 3594 huiusmodi
1859 3563 1954 3599 bona,
1977 3562 2010 3592 in
2034 3569 2187 3603 promptu
2211 3570 2272 3593 est:
2298 3568 2334 3592 ut
2349 3561 2466 3592 scilicet
2480 3568 2569 3598 supe—

1506 3609 1596 3640 rioris
1620 3608 1805 3640 auctoritate
1828 3607 1997 3648 impleatur
2019 3606 2153 3638 intentio
2177 3606 2229 3647 pia
2253 3616 2364 3636 eorum
2394 3604 2449 3645 qui
2473 3604 2568 3633 dona-

2595 1262 2604 1270 ·
2623 1261 2686 1282 loan.
2706 1266 2755 1288 cap.

2596 1293 2654 1309 vera.
2670 1287 2699 1308 6¹.

2619 1836 2653 1859 Cf.
2665 1843 2703 1865 qu.
2712 1843 2756 1862 cvi,

2600 1925 2607 1932 ·
2620 1923 2666 1950 Qu.
2675 1929 2728 1949 σπι,
2738 1927 2768 1945 art

2602 2543 2610 2551 ⁸
2625 2541 2694 2563 Num.
2709 2547 2733 2562 ιι.

2600 3121 2607 3129 “
2623 3119 2681 3141 Ibid.
