2768 4198
27 562 36 571 ⁸
50 561 85 583 De
100 561 216 582 Fortitua.

27 589 47 636 ⁸6⁸
63 588 171 609 Conclus.
182 593 203 613 ι,
214 594 238 614 4,

26 779 36 788 ⁸
52 779 161 800 Conclus.
175 785 199 804 4.

27 824 35 832 ⁸
52 822 161 843 Conclus.
176 828 196 843 2.

25 1051 33 1059 ”
43 1049 137 1075 Ps.v1n,
148 1055 204 1071 vers.
215 1055 233 1070 2.

24 1138 34 1148 ⁸
42 1138 77 1159 Ps.
87 1143 138 1163 xcv,
147 1143 204 1158 vers.
212 1137 233 1158 6.

24 1182 33 1190 ⁸
47 1181 113 1202 Vers.
130 1187 155 1202 ιι.

24 1361 33 1369 ’·
48 1359 113 1380 Vers.
129 1365 161 1380 ιο.

23 1541 33 1549 ⁸
47 1540 82 1562 Ct.
98 1544 139 1561 art,
154 1546 174 1568 3,
187 1546 236 1567 arg.

23 1566 71 1588 Sed
84 1568 176 1588 contra.

24 2156 32 2164 ·
39 2153 234 2176 Videcomment.

24 2180 95 2202 Caiet.
117 2184 177 2209 post.
192 2185 234 2203 art.

22 2213 38 2229 ι.

26 2794 237 2822 ⁸Qu.cxxix,art.1,

32 3060 40 3067 ⁸
57 3058 120 3079 Vers.
138 3064 161 3079 ιι.

32 3115 40 3123 ·
50 3114 85 3135 l’s.
95 3119 146 3136 xcv.
156 3119 213 3136 vers.
220 3114 241 3135 6.

33 3221 101 3268 ἐρα.
112 3226 190 3247 cxxxi,
201 3224 243 3242 art.

35 3360 42 3367 ·
62 3357 137 3379 ΕιΙιιε.
158 3357 196 3379 lib.
219 3357 247 3383 ll,

34 3391 88 3433 cap¹2
109 3390 154 3410 νιι,
174 3390 196 3405 n.
219 3384 246 3409 6:

34 3418 44 3432 s
90 3411 111 3432 h.
128 3411 179 3432 lect.
195 3416 247 3432 νιιιι

35 3438 73 3459 lib.
94 3438 134 3463 lv,
155 3443 204 3465 cap.
222 3443 247 3465 n,

35 3471 56 3486 n.
74 3471 94 3489 ις
110 3464 246 3486 s.·l·h.1ect.

35 3497 64 3513 νι.

272 279 322 314 90

917 267 1187 315 QUAESTIO
1218 268 1429 316 CXXXIV,
1460 270 1758 308 ARTICULUS
1789 272 1818 307 ΙΙ

946 390 1283 422 Commentaria
1306 390 1560 424 Cardinalis
1582 393 1785 426 Caietam

271 480 317 543 IN
342 470 527 510 quaestione
556 470 1008 510 centesimatrigesimaquarta‚
1033 469 1071 499 de
1095 468 1339 508 magnificentia,
1365 473 1367 523 ᾗ

299 514 379 545 circa
406 522 467 545 tres
498 515 619 555 primos
653 514 801 548 articulos
832 513 944 551 simul,
970 513 1107 543 dubium
1137 513 1274 544 occurrit
1304 523 1340 544 ex

266 559 414 595 Martino,
432 559 463 589 in
481 559 566 589 dicto
583 566 715 589 tractatu
725 558 751 594 *‚
768 568 823 601 qu.
842 558 880 587 de
895 556 1128 597 Magnificentia
1138 557 1182 593 **‚
1199 564 1339 598 ponente

266 604 427 644 quandam
456 603 550 633 aliam
582 602 847 643 magnificentiam
879 602 1049 642 specialem
1079 602 1248 639 virtutem,
1273 612 1339 632 non

267 648 347 678 circa
370 655 517 687 sumptus
541 657 694 687 magnOS,
719 647 773 676 sed
794 647 874 677 circa
898 656 995 686 opera
1020 656 1135 686 magna
1158 657 1241 688 quae
1265 653 1340 677 sunt

265 691 298 721 in
322 691 457 732 publicis
480 691 817 726 administrationibus,
842 698 878 721 ut
900 698 975 721 sunt
997 690 1212 731 pontificatus,
1237 691 1338 731 impe-

266 736 358 771 rium,
384 746 527 776 regnum,
553 735 764 775 episcopatus,
782 735 927 771 ducatus,
944 735 1072 776 legatio,
1090 742 1121 766 et
1139 735 1338 766 huiusmodi.
1364 743 1366 751 ⁴*

264 780 305 810 Et
328 780 428 810 vult*
451 780 538 820 quod
564 779 702 815 Tullius,
727 779 907 810 Macrobius
932 787 962 810 et
985 780 1189 811 Andronicus
1219 781 1258 810 de
1281 780 1340 810 hac

264 824 362 854 locuti
387 824 512 854 fuerint.
538 824 654 854 Probat
676 823 772 863 igitur
786 823 804 843 *
827 834 894 854 non
913 834 1045 855 omnem
1070 824 1339 865 magnificentiam

264 878 345 908 quae
370 875 418 898 est
440 867 583 907 specialis
607 868 706 898 virtus
730 878 798 898 esse
822 869 902 899 circa
925 876 1075 909 sumptus
1099 879 1253 910 magnos,
1279 870 1337 899 du-

263 912 393 952 pliciter.
418 912 536 942 Primo.
562 913 597 942 In
622 911 750 943 Christo
768 912 828 945 fuit
848 914 1109 945 excellentissima
1132 913 1337 954 magnificen-

263 957 314 987 tia.
348 957 389 986 Et
412 966 479 986 non
503 956 584 987 circa
607 967 741 997 magnos
769 965 929 999 sumptus,
962 959 1069 999 Igitur.
1094 977 1115 982 -
1139 959 1339 990 Antecedens

264 1001 415 1041 probatur
438 1011 494 1041 per
516 1001 612 1032 illud:
644 1002 782 1033 Elevata
811 1008 858 1034 est
882 1004 1124 1044 magnificentia
1155 1009 1211 1035 tua
1241 1013 1340 1044 super

263 1045 369 1076 caelos
387 1043 417 1081 *,
442 1046 532 1087 quod
556 1047 595 1077 de
619 1046 747 1078 Christo
773 1048 900 1084 dicitur,
927 1049 1110 1079 denotando
1134 1047 1339 1089 magnificen-

262 1090 338 1120 tiam
363 1090 430 1120 eius
455 1100 521 1120 esse
546 1101 675 1123 causam
699 1102 775 1122 suae
799 1092 983 1124 elevationis
1008 1103 1103 1134 super
1127 1093 1242 1124 caelos.

319 1134 477 1171 Secundo,
496 1145 552 1175 per
574 1136 655 1167 illud
674 1136 792 1167 Psalmi
811 1137 840 1167 *1
866 1138 1029 1169 Sanctitas
1050 1143 1080 1168 et
1097 1138 1339 1180 magnificentia

263 1180 294 1209 in
311 1179 564 1218 sanctificatione
587 1182 675 1219 eius;
699 1188 729 1212 et
750 1182 854 1213 Exod.
869 1183 955 1212 xv*:
981 1183 1183 1225 Magnificus
1207 1184 1238 1213 in
1262 1192 1339 1214 san-

263 1224 381 1255 ctitate.
407 1223 542 1255 Constat
566 1226 651 1256 enim
676 1227 765 1267 quod
796 1227 873 1258 haec
903 1226 1136 1267 magnificentia
1166 1237 1232 1258 non
1263 1237 1340 1258 con—

263 1268 343 1299 sistit
361 1268 395 1299 in
418 1269 542 1309 magnis
563 1271 754 1311 sumptibus,
773 1272 827 1302 sed
851 1272 883 1302 in
908 1272 1094 1303 executione
1110 1272 1215 1313 operis
1240 1272 1339 1303 sancti

264 1313 364 1350 ardui,
390 1320 446 1344 etc.
472 1314 512 1344 Et
527 1314 601 1345 ideo
626 1316 723 1356 paulo
748 1323 822 1356 post
837 1317 869 1347 in
887 1318 1000 1348 eodem
1027 1317 1152 1357 psalmo
1172 1317 1284 1348 invitat
1300 1318 1340 1348 ad

263 1358 393 1388 laudem
422 1358 517 1389 huius
543 1359 809 1400 magnificentiae,
835 1362 974 1393 subdens
990 1362 1025 1392 *ε
1049 1362 1156 1393 Dicite
1179 1363 1211 1393 in
1237 1363 1339 1393 natio-

264 1402 357 1433 nibus
379 1404 454 1444 quia
479 1403 639 1436 Dominus
662 1407 814 1446 regnavit
836 1416 856 1436 a
882 1407 983 1448 ligno.

320 1447 356 1478 Il.
378 1448 429 1478 Ad
453 1448 514 1478 hoc
536 1449 671 1480 breviter
687 1450 800 1481 dicitur
824 1451 914 1491 quod
933 1454 1056 1483 Auctor
1071 1451 1276 1482 Aristotelem
1293 1461 1338 1482 se-

264 1493 382 1533 quitur,
397 1492 454 1534 qui
469 1493 646 1531 manifeste,
664 1494 745 1525 inter
759 1489 897 1526 virtutes‘
914 1497 1051 1527 morales
1070 1495 1339 1536 magnificentiam

263 1546 444 1574 numerans,
470 1538 561 1578 ponit
584 1539 688 1580 ipsam
711 1540 792 1571 circa
815 1550 950 1581 magnos
974 1548 1123 1582 sumptus
1138 1541 1165 1572 *.
1191 1541 1257 1572 Nec
1281 1551 1338 1582 op-

264 1581 406 1622 positum
437 1583 631 1614 credendum
662 1591 709 1615 est
739 1584 873 1616 sensisse
903 1586 1051 1617 Tullium
1082 1593 1113 1617 et
1143 1585 1237 1616 alios:
1266 1586 1340 1618 licet

264 1625 344 1657 forte
369 1626 635 1667 magnificentiam
653 1629 858 1660 communius
879 1631 1075 1672 quandoque
1099 1630 1287 1671 acceperint,
1305 1638 1340 1662 ut

264 1681 329 1701 non
355 1678 401 1702 est
424 1672 566 1712 specialis
590 1673 699 1704 virtus.

320 1716 412 1747 Unde
436 1716 530 1747 istam
561 1717 667 1748 fictam
696 1718 979 1758 magnificentiam,
1006 1729 1081 1750 cum
1111 1719 1182 1751 ficta
1210 1719 1340 1751 materia

1394 471 1662 510 magnanimitatis
1678 472 1696 491 *
1719 480 1750 503 et
1772 472 1884 512 ipsius,
1902 472 2066 513 fugiendo,
2084 480 2115 504 et
2131 473 2334 514 peripatetica
2354 474 2405 504 via
2419 474 2466 504 in-

1394 515 1548 551 cedendo,
1565 516 1605 545 ad
1628 524 1814 556 argumenta
1829 517 1956 548 Martini
1980 517 2095 548 dicitur
2109 517 2226 558 primo,
2243 518 2332 559 quod
2347 518 2466 548 mirum

1393 566 1440 589 est
1456 559 1545 599 quod
1561 559 1830 599 magnificentiam
1845 561 1939 592 istam
1962 571 2055 592 suam
2071 572 2089 592 a
2105 569 2153 593 tot
2169 562 2370 603 philosophis
2389 563 2467 593 hau-

1393 602 1482 639 serit,
1507 610 1642 633 etcum
1673 605 1713 634 ad
1742 606 1947 644 probandum
1971 616 2043 636 eam
2067 606 2208 644 venitur,
2233 607 2404 638 recurritur
2427 608 2466 638 ad

1393 646 1501 678 solum
1525 646 1700 678 Christum.

1448 691 1572 722 Dicitur
1595 692 1752 727 secundo,
1777 693 1866 732 quod
1889 693 2066 734 Scriptura,
2091 695 2131 726 ad
2153 695 2307 733 litteram,
2332 706 2399 726 non
2422 695 2466 726 vi—

1393 736 1485 767 detur
1509 746 1635 766 sumere
1662 745 1788 776 semper
1810 736 2078 777 magnificentiam
2102 749 2161 780 pro
2185 741 2313 781 speciali
2337 741 2466 772 virtute:

1393 781 1447 811 sed
1471 781 1669 822 quandoque
1686 782 1910 818 communiter,
1927 789 1964 812 ut
1985 782 2139 823 importat
2161 784 2263 816 facere
2278 796 2393 826 magna
2407 786 2467 816 vir-

1393 826 1470 856 tutis
1494 835 1592 866 opera
1614 825 1873 866 quomodolibet,
1890 831 1926 856 ut
1949 825 1982 856 in
2005 826 2108 858 littera
2125 830 2257 860 secundi
2281 831 2404 862 articuli
2421 831 2467 862 di—

1394 870 1483 901 citur.
1516 870 1616 907 Quod
1639 876 1726 910 patet
1749 879 1787 900 ex
1809 869 1866 900 illo
1890 869 1996 901 Exod.
2019 880 2076 902 xv:
2106 873 2308 915 Magnificus
2335 877 2368 906 in
2391 885 2466 907 san-

1393 916 1511 946 ctitate.
1536 915 1588 946 Ad
1603 914 1740 945 litteram
1757 913 1844 944 enim
1860 914 1984 945 videtur
1999 915 2122 947 laudari
2140 918 2229 949 Deus
2245 919 2284 950 de
2299 920 2362 950 hoc
2377 921 2467 962 quod

1392 969 1508 1000 magna
1531 959 1605 990 facit
1627 959 1661 989 in
1680 958 1730 989 his
1753 968 1836 999 quae
1859 959 1899 989 ad
1923 959 2122 991 sanctitatem
2145 969 2296 1002 spectant.
2322 964 2421 1002 Quod
2442 965 2467 995 si

1392 1003 1481 1035 fieret
1497 1014 1553 1045 per
1576 1011 1735 1044 sumptus,
1753 1010 1908 1044 spectaret
1930 1004 1971 1033 ad
1986 1004 2256 1044 magnificentiam
2278 1009 2407 1049 proprie
2423 1010 2468 1040 di—

1394 1056 1487 1080 ctam.
1505 1067 1526 1072 -
1549 1049 1591 1079 Et
1613 1049 1652 1078 de
1676 1047 1864 1078 huiusmodi
1889 1049 2105 1080 communiter
2128 1050 2211 1082 dicta
2234 1052 2468 1092 magnificentia

1364 1113 1366 1115 ·
1393 1100 1500 1134 potest
1521 1092 1719 1134 interpretari
1742 1092 1839 1123 illud:
1863 1092 2001 1124 Elevata
2025 1099 2072 1125 est
2095 1095 2336 1137 magnificentia
2361 1103 2427 1129 tua.
2447 1117 2468 1122 -

1393 1138 1475 1169 Illud
1500 1145 1624 1174 autem,
1649 1137 1813 1168 Sanctitas
1835 1142 1866 1168 et
1889 1138 2149 1179 magnificentia,
2175 1140 2213 1171 de
2238 1141 2364 1182 proprie
2388 1143 2469 1174 dicta

1393 1182 1629 1224 magnificentia
1657 1182 1780 1223 optime
1809 1182 2008 1223 intelligitur:
2039 1183 2131 1224 quia,
2162 1192 2198 1216 ut
2225 1185 2258 1215 in
2290 1185 2332 1215 1v
2357 1186 2471 1218 dicitur

1392 1228 1496 1259 Ethic.
1513 1228 1541 1266 *,
1567 1226 1755 1267 magnificus
1781 1227 1938 1268 expendet
1962 1228 1994 1258 in
2018 1228 2067 1259 his
2090 1238 2173 1270 quae
2195 1229 2239 1260 ad
2257 1230 2363 1261 Deum
2383 1238 2469 1263 sunt.

1448 1273 1572 1304 Dicitur
1588 1272 1692 1309 tertio,
1709 1272 1799 1313 quod
1816 1271 1849 1302 in
1867 1271 1996 1304 Christo
2016 1272 2077 1303 fuit
2093 1273 2327 1314 magnificentia
2342 1276 2470 1317 proprie

1393 1317 1475 1348 dicta
1499 1317 1580 1348 circa
1603 1325 1763 1358 sumptus,
1785 1317 1981 1349 eminentius
1996 1324 2104 1349 tamen
2128 1329 2227 1360 quarn
2251 1327 2400 1362 sumptus
2420 1331 2471 1352 ex-

1391 1362 1546 1394 teriorum
1571 1372 1679 1394 rerum
1703 1372 1783 1404 quas
1807 1363 2023 1403 possidemus,
2040 1372 2123 1404 quae
2147 1365 2315 1396 communi
2339 1366 2471 1397 nomine

1392 1407 1594 1448 appellantur
1616 1407 1788 1448 pecuniae:
1819 1407 1902 1439 sicut
1923 1407 1984 1439 fuit
2007 1407 2136 1449 proprie
2161 1408 2289 1450 sanguis
2305 1419 2384 1442 suus
2399 1419 2470 1451 pre—

1391 1452 1474 1483 tium
1497 1452 1671 1493 emptionis
1695 1459 1837 1489 nostrae,
1862 1453 1903 1484 ad
1926 1452 2184 1485 constituendam
2207 1454 2344 1486 domum
2367 1465 2470 1491 suam.

1393 1507 1476 1538 quae
1492 1502 1539 1528 est
1554 1497 1699 1529 Ecclesia
1709 1497 1737 1536 *‚
1755 1497 1842 1528 iuxta
1853 1497 1950 1529 illud:
1967 1498 2078 1540 Empti
2089 1499 2165 1530 estis
2170 1501 2280 1540 pretio
2294 1509 2418 1542 magno
2425 1500 2470 1533 ⁸¹⁸².

1393 1542 1427 1572 In
1452 1541 1515 1572 hoc
1539 1552 1615 1583 ergo
1638 1543 1728 1583 quod
1745 1541 1893 1574 Christus
1906 1543 2065 1574 maximos
2088 1551 2238 1584 sumptus
2261 1544 2425 1586 sanguinis
2441 1551 2473 1577 et

1393 1596 1572 1627 poenarum
1596 1597 1729 1619 suarum
1744 1587 1827 1624 fecit,
1847 1589 1888 1619 ad
1911 1589 2091 1620 maximum
2107 1598 2193 1630 opus
2207 1590 2334 1622 divinae
2353 1590 2472 1622 domus

1393 1638 1423 1662 et
1447 1631 1545 1662 divini
1576 1632 1724 1670 honoris,
1748 1633 1937 1673 magnificus
1960 1634 2030 1666 fuit.
2062 1635 2103 1666 Et
2130 1642 2299 1676 propterea
2331 1635 2473 1669 elevatus

1393 1683 1439 1707 est
1463 1686 1559 1717 super
1583 1678 1702 1709 caelos:
1727 1677 1814 1709 iuxta
1837 1679 1931 1710 illud:
1955 1680 2093 1720 Propter
2114 1680 2201 1721 quod
2222 1686 2253 1712 et
2275 1681 2366 1712 Deus
2382 1682 2472 1714 exal-

1393 1721 1474 1752 tavit
1497 1721 1602 1760 illum,
1627 1728 1657 1753 et
1680 1723 1768 1754 dedit
1792 1723 1841 1754 illi
1864 1734 1979 1755 nomen
1996 1724 2023 1755 *.

1039 1890 1362 1934 ARTICULUS
1393 1891 1697 1935 SECUNDUS

839 1983 996 2015 UTRUM
1022 1984 1370 2017 MAGNIFICENTIA
1394 1985 1462 2017 sn·
1492 1985 1708 2018 spsscmms
1732 1987 1891 2019 viatus

867 2062 941 2094 Infra,
962 2071 1007 2096 qu.
1026 2071 1088 2095 cui,
1108 2070 1155 2089 art.
1177 2064 1206 2095 33
1227 2064 1260 2089 lV
1280 2064 1364 2094 Sent„
1385 2065 1444 2090 dist.
1462 2072 1523 2095 xvn,
1543 2073 1589 2098 qu.
1607 2073 1645 2095 111.
1665 2071 1712 2091 art.
1733 2073 1757 2098 2,
1777 2066 1828 2099 qu·
1849 2065 1873 2091 3.

354 2157 455 2203 vm«
478 2154 500 2179 ι)
543 2154 735 2180 SECUNDUM
766 2155 820 2180 stc
854 2155 1088 2182 paoeenrrua
1113 2144 1144 2182 ²¹⁸.
1183 2145 1344 2182 Videtur
1370 2169 1371 2175 κ

479 2196 586 2244 quod
629 2196 915 2245 magnificentia
959 2210 1038 2235 non
1081 2198 1127 2236 sit
1169 2198 1371 2248 specialis

283 2250 406 2326 ,Ϋζὲη
428 2252 449 2287 6
478 2249 612 2286 virtus.
643 2250 703 2287 Ad
743 2250 1070 2299 magnificentiam
1106 2251 1208 2290 enirn
1239 2251 1344 2290 vide-

267 2357 343 2394 Sed
365 2357 488 2393 facere
509 2357 651 2405 aliquid
672 2369 858 2406 magnum
886 2366 1013 2408 potest
1038 2359 1245 2397 convenire
1266 2360 1344 2397 cui-

266 2410 356 2447 libet
388 2410 536 2458 virtuti,
567 2410 597 2447 si
626 2410 672 2447 sit
700 2423 861 2460 magna:
891 2412 987 2450 sicut
1015 2412 1080 2462 qui
1109 2413 1226 2451 habet
1262 2425 1344 2451 ma-

266 2476 382 2512 gnam
411 2463 591 2501 virtutem
623 2465 909 2514 temperantiae,
934 2466 1022 2503 facit
1042 2478 1227 2516 magnum
1247 2474 1344 2504 tem-

266 2518 461 2567 perantiae
482 2530 592 2567 opus.
616 2519 719 2567 Ergo
739 2519 1024 2568 magnificentia
1044 2532 1122 2558 non
1144 2528 1199 2558 est
1218 2520 1343 2570 aliqua

266 2571 438 2620 specialis
462 2571 603 2619 virtus,
634 2572 702 2609 sed
735 2573 922 2621 significat
961 2581 1100 2611 statum
1130 2575 1342 2624 perfectum

266 2624 466 2662 cuiuslibet
494 2625 654 2663 virtutis.

322 2690 356 2715 2.
380 2679 622 2726 PRAETEREA,
650 2679 821 2717 eiusdem
850 2680 1003 2718 videtur
1040 2682 1164 2719 facere
1201 2681 1344 2732 aliquid

268 2740 303 2769 et
331 2732 488 2769 tendere
518 2732 556 2770 in
585 2733 687 2771 illud.
729 2734 807 2771 Sed
836 2734 993 2772 tendere
1023 2735 1060 2772 in
1089 2735 1232 2785 aliquid
1262 2747 1342 2773 ma-

267 2798 385 2834 gnum
422 2786 583 2835 pertinet
617 2787 665 2824 ad
702 2788 1077 2836 magnanimitatem,
1112 2798 1152 2826 ut
1190 2789 1344 2839 supra*

269 2839 411 2882 dictum
440 2848 507 2877 est.
539 2841 640 2888 Ergo
671 2849 708 2878 et
735 2841 859 2879 facere
881 2842 1023 2892 aliquid
1044 2855 1228 2892 magnum
1259 2855 1344 2893 per-

268 2894 359 2931 tinet
379 2893 427 2930 ad
448 2894 814 2942 magnanimitatem.
837 2896 929 2933 Non
950 2908 1040 2944 ergo
1061 2897 1343 2946 magnificentia

270 2955 325 2984 est
353 2946 473 2984 virtus
503 2947 676 2985 distincta
705 2961 727 2985 a
756 2949 1079 2997 magnanimitate.

325 3002 359 3038 3.
391 3001 635 3048 PRAETEREA,
666 3002 948 3050 magnificentia
984 3003 1137 3041 videtur
1174 3004 1223 3042 ad
1259 3017 1343 3042 san-

271 3054 435 3091 ctitatem
457 3055 666 3103 pertinere:
697 3056 833 3093 dicitur
853 3057 955 3094 enim
976 3058 1101 3095 Exod.
1122 3070 1170 3095 xv
1188 3057 1224 3095 *ε
1254 3059 1343 3096 Μα-

269 3108 432 3157 gnificus
461 3108 498 3145 in
526 3109 743 3154 sanctitate;
772 3117 808 3146 et
835 3110 873 3147 in
903 3111 1058 3148 Psalmo
1085 3111 1125 3148 *:
1160 3112 1345 3149 Sanctitas

271 3167 306 3198 et
333 3162 615 3212 magnificentia
644 3163 682 3200 in
707 3164 1003 3211 sanctificatione
1031 3165 1121 3202 eius.
1153 3165 1230 3202 Sed
1260 3178 1345 3203 san-

274 3215 378 3252 ctitas
416 3214 519 3253 idem
558 3224 614 3253 est
653 3216 845 3265 religioni,
886 3226 926 3254 ut
968 3230 1083 3267 supra
1115 3218 1135 3240 ’⁸‘
1172 3218 1345 3256 habitum

274 3276 339 3304 est.
376 3269 478 3316 Ergo
515 3270 797 3318 magnificentia
830 3271 983 3309 videtur
1017 3284 1100 3309 esse
1134 3272 1235 3310 idem
1266 3266 1374 3315 reli-i

274 3321 387 3380 gioni.
419 3322 508 3358 Non
539 3335 628 3372 ergo
659 3332 715 3361 est
734 3324 853 3362 virtus
882 3325 1055 3374 specialis
1084 3326 1132 3363 ab
1162 3325 1244 3363 aliis
1272 3326 1346 3365 dis·

274 3382 400 3411 tincta.

331 3428 405 3464 SED
422 3439 567 3466 CONTRA
587 3441 653 3466 EST
681 3431 785 3478 quod
815 3431 1073 3482 Philosophus
1096 3440 1348 3470 connumerat

277 3493 363 3518 eam
393 3482 472 3518 aliis
501 3482 701 3520 virtutibus
730 3485 959 3532 specialibus
979 3485 1010 3523 ²⁸.

334 3618 362 3649 a)
382 3618 623 3651 magnificentia.-
642 3619 854 3652 magnanimitas
874 3621 1107 3654 ABDEFHKLpC.

323 2317 334 2332 e
358 2294 422 2331 ²43³)
439 2292 539 2340 tur
577 2304 766 2352 pertinere
800 2305 923 2342 facere
963 2304 1105 2354 aliquid
1142 2318 1342 2354 magnum.
1370 2323 1371 2326 ¹

1452 2146 1680 2183 Rssponnsso
1714 2158 1900 2185 mesanum
1933 2148 2040 2196 quod
2069 2148 2119 2186 ad
2147 2148 2474 2199 magnificentiam

1398 2199 1563 2248 pertinet
1586 2201 1727 2249 facere
1761 2200 1905 2250 aliquid
1940 2213 2145 2252 magnum:
2183 2202 2279 2241 sicut
2317 2216 2361 2242 ex
2390 2205 2474 2254 ipso

1398 2253 1554 2290 nomine
1583 2261 1754 2303 apparet.
1785 2254 1929 2291 Facere
1957 2262 2088 2293 autem
2118 2256 2318 2306 dupliciter
2348 2266 2475 2308 potest

1398 2306 1537 2356 accipi:
1567 2318 1646 2344 uno
1676 2307 1808 2355 mod0‚
1838 2307 2010 2357 proprie;
2040 2308 2115 2346 alio
2144 2310 2279 2359 modo,
2301 2323 2475 2350 commu·

1398 2359 1505 2397 niter.
1535 2360 1695 2410 Proprie
1716 2368 1846 2398 autem
1867 2361 1991 2399 facere
2008 2361 2143 2400 dicitur
2162 2364 2313 2413 operari
2332 2365 2475 2415 aliquid

1399 2413 1436 2450 in
1466 2413 1640 2451 exteriori
1661 2414 1842 2452 materia:
1873 2415 1968 2452 sicut
1987 2415 2112 2453 facere
2141 2416 2304 2456 domum
2325 2419 2388 2456 vel
2408 2419 2474 2457 ali-

1398 2467 1490 2516 quid
1511 2467 1612 2505 aliud
1632 2468 1865 2506 huiusmodi.
1897 2469 2166 2507 Communiter
2185 2479 2315 2509 autem
2337 2472 2475 2511 dicitur

1398 2520 1522 2558 facere
1551 2533 1622 2570 pro
1652 2533 1899 2572 quacumque
1928 2522 2100 2560 actione:
2131 2523 2211 2563 sive
2239 2532 2407 2564 transeat
2435 2526 2473 2564 in

1398 2574 1626 2612 exteriorem
1656 2575 1869 2624 materiam,
1896 2576 1993 2614 sicut
2019 2589 2130 2614 urere
2161 2585 2198 2615 et
2215 2590 2362 2626 secare3
2392 2579 2475 2618 sive

1398 2637 1552 2666 maneat
1581 2628 1619 2666 in
1648 2628 1732 2679 ipso
1752 2638 1899 2678 agente,
1920 2629 2016 2667 sicut
2043 2629 2250 2680 intelligere
2271 2640 2307 2670 et
2323 2634 2423 2671 velle
2440 2633 2472 2671 *.
2502 2638 2514 2650 ·

1399 2682 1439 2719 Si
1467 2682 1576 2731 igitur
1595 2682 1879 2732 magnificentia
1898 2683 2105 2734 accipiatur
2133 2686 2348 2724 secundum
2368 2686 2475 2737 quod

1398 2735 1579 2786 importat
1615 2737 1819 2774 factionem
1855 2737 2013 2775 alicuius
2051 2739 2180 2788 magni
2214 2747 2330 2789 prout
2362 2740 2474 2778 factio

1397 2790 1552 2840 proprie
1582 2790 1728 2839 dicitur,
1750 2790 1803 2828 sic
1825 2791 2109 2840 magnificentia
2129 2801 2186 2830 est
2204 2793 2376 2843 specialis
2399 2794 2474 2832 vir-

1397 2852 1468 2881 tus.
1500 2844 1612 2894 Opus
1641 2844 1743 2882 enim
1775 2845 1937 2883 factibile
1966 2845 2191 2895 producitur
2218 2847 2266 2884 ab
2296 2855 2387 2885 arte.
2432 2849 2475 2885 In

1398 2897 1506 2935 cuius
1543 2897 1702 2947 quidem
1741 2910 1812 2935 usu
1846 2907 1972 2948 potest
2009 2900 2151 2938 attendi
2189 2913 2264 2938 una
2302 2900 2474 2950 specialis

1371 2969 1372 2991 ι
1398 2951 1493 2989 ratio
1523 2951 1702 2989 bonitatis
1731 2952 1836 3002 quod
1867 2952 1992 3002 ipsum
2022 2965 2121 3003 opus
2150 2954 2291 2992 factum
2319 2967 2390 3004 per
2417 2967 2474 2992 ar-

1398 3013 1475 3043 tem
1497 3005 1543 3042 sit
1563 3017 1761 3054 magnum,
1782 3005 1924 3044 scilicet
1943 3006 1981 3044 in
2001 3007 2221 3057 quantitate,
2241 3008 2474 3058 pretiositate

1397 3060 1460 3096 vel
1489 3059 1686 3108 dignitate:
1722 3060 1827 3109 quod
1856 3060 1945 3098 facit
1971 3061 2255 3110 magnificentia
2276 3066 2304 3098 α.
2340 3062 2390 3099 Et
2416 3074 2474 3099 se-

1400 3113 1571 3150 cundum
1601 3113 1676 3150 hoc
1704 3113 1988 3163 magnificentia
2017 3121 2073 3152 est
2101 3114 2275 3164 specialis
2294 3115 2427 3153 virtus.
2448 3137 2472 3145 -

1401 3166 1441 3204 Si
1468 3179 1564 3204 vero
1594 3178 1739 3204 nomen
1769 3167 2073 3216 magnificentiae
2103 3167 2310 3218 accipiatur
2347 3170 2396 3207 ab
2427 3181 2474 3207 eo

1400 3219 1505 3270 quod
1535 3228 1592 3258 est
1619 3220 1743 3258 facere
1772 3232 1958 3270 magnum
1977 3221 2191 3259 secundum
2215 3222 2319 3270 quod
2350 3223 2474 3261 facere

1401 3273 1660 3311 communiter
1694 3273 1875 3321 sumitur,
1905 3274 1958 3312 sic
1996 3274 2279 3324 magnificentia
2311 3289 2390 3314 non
2419 3284 2476 3314 est

1401 3327 1574 3377 specialis
1601 3326 1730 3364 virtus.

1455 3383 1514 3418 Αι)
1543 3392 1681 3418 ramum
1706 3391 1806 3418 ano
1835 3392 2020 3418 mesanum
2050 3382 2157 3430 quod
2186 3383 2233 3420 ad
2262 3383 2475 3434 quamlibet

1399 3433 1582 3471 virtutem
1619 3433 1829 3483 perfectam
1866 3434 2027 3483 pertinet
2065 3448 2249 3484 magnum
2283 3437 2407 3474 facere
2436 3436 2474 3474 in

1372 3501 1375 3532 i
1402 3499 1472 3524 suo
1501 3498 1652 3535 genere,
1682 3487 1896 3525 secundum
1926 3489 2030 3537 quod
2060 3490 2183 3528 facere
2219 3490 2475 3528 communiter

2496 484 2505 490 ·
2515 482 2550 503 ct.
2559 485 2600 503 art.
2608 487 2629 505 2.
2637 482 2707 503 Com-

2495 511 2565 530 ment.
2577 514 2640 530 num.
2650 515 2666 530 ι.
2678 507 2712 529 Et

2495 535 2595 556 tandem.

2498 1240 2514 1287 ὲ
2574 1255 2580 1260 ·
2595 1244 2660 1287 'izei'
2670 1244 2711 1287 2¹12·

2499 1502 2528 1524 ⁸1
2538 1502 2573 1524 ad
2582 1502 2650 1529 Tin„
2659 1508 2711 1530 cap.

2499 1534 2712 1584 Ψιὲἲέιὲῖωρ.

2498 1589 2531 1605 Π.
2546 1588 2605 1605 veti.
2620 1587 2658 1604 20.

2500 1714 2712 1743 mapusppnp.

2498 1747 2523 1766 n.
2538 1747 2598 1763 ven.
2613 1746 2636 1770 ⁹·
