2768 4198
41 396 52 407 ⁸
63 395 89 416 In
105 378 171 422 resp.¹
183 394 211 416 ad
231 400 251 415 2.

43 1059 55 1071 ⁸
67 1058 123 1081 Loe.
134 1058 183 1087 eit„
197 1065 219 1081 n.
234 1065 254 1081 ι.

958 265 1227 314 ΩΠΑῈΞΤΙΟ
1258 267 1394 315 CLVI,
1424 268 1723 306 ARTICULUS
1753 269 1804 306 lV

279 345 532 385 praesentatione
555 351 713 383 movetur,
731 344 810 375 nihil
829 345 868 375 de
887 345 1109 376 conformitate
1133 346 1173 376 ad
1197 346 1353 376 rationem

280 389 424 427 audiens,
448 389 490 420 Et
512 396 680 430 propterea
703 388 817 420 dicitur
832 388 849 408 *
865 389 953 430 quod
971 391 1003 420 in
1029 390 1118 420 nullo
1140 391 1285 431 sequitur
1303 400 1354 421 ra-

280 434 377 465 tionis
399 433 564 464 iudicium.

336 477 482 508 Secunda
506 484 623 514 autem,
641 478 680 508 de
704 478 818 508 maiori
842 478 1041 509 naturalitate
1057 479 1130 516 irae,
1151 489 1222 510 cum
1245 489 1353 521 grano
1379 478 1381 520 ζ

279 523 359 554 salis
381 521 415 552 in
438 522 541 554 littera
563 521 714 564 apposito
738 522 920 563 accipienda
944 530 1005 554 est:
1031 523 1148 555 scilicet
1162 524 1237 564 quia
1261 531 1353 555 natu·
1379 522 1381 561 ξ
1407 525 1534 556 nifeste:
1560 525 1715 566 quoniam
1731 525 1803 562 hoc,
1822 525 1939 557 scilicet
1955 525 2121 557 manifeste
2137 535 2239 566 agere,
2257 527 2296 556 ad
2316 527 2478 567 quandam

280 566 375 597 ralior
395 573 441 597 est
464 565 572 597 motus
587 566 651 597 irae
671 577 708 597 ex
725 577 785 597 suo
803 567 1049 607 complexionali
1069 568 1237 608 principio,
1255 579 1354 609 quam
1379 564 1381 588 ἶ

281 617 390 642 motus
407 611 683 652 concupiscentiae
698 621 735 642 ex
751 621 810 642 suo
827 612 1071 652 complexionali
1084 612 1252 654 principio.
1270 614 1353 644 Nam
1379 613 1381 626 ³

281 655 327 686 ira
350 655 558 696 consequitur
581 655 758 692 choleram;
784 657 1040 697 concupiscentia
1063 657 1222 698 phlegma.
1253 658 1354 688 Natu-

281 699 377 730 ratius
400 706 509 731 autem
532 706 579 731 est
602 701 692 740 quod
716 700 843 731 cholera
866 701 1006 741 proferat
1028 701 1118 738 iram,
1143 712 1241 743 quam
1265 703 1355 743 quod
1379 726 1381 729 .

281 744 432 784 phlegma
451 744 761 785 concupiscentiam:
786 745 861 786 quia
880 746 981 786 magis
997 746 1030 776 in
1049 753 1203 787 promptu
1227 753 1273 777 est
1291 746 1354 777 irae

282 797 450 829 processus
470 799 507 819 ex
531 789 657 820 cholera
680 800 778 830 quarn
803 790 1078 830 concupiscentiae
1102 801 1138 821 ex
1162 791 1353 831 phlegmate,

282 833 358 874 quia
382 833 509 864 cholera
533 840 580 864 est
602 834 770 865 velocioris
798 841 921 872 motus;
950 842 1074 866 constat
1101 845 1242 877 namque
1265 836 1355 877 quod

282 887 320 908 ex
341 877 495 909 velociori
522 878 622 918 magis
652 878 686 909 in
716 885 870 920 promptu
902 886 948 910 est
977 889 1163 921 progressus
1193 890 1292 921 quam
1318 890 1356 911 ex

283 922 422 954 tardiori.
455 922 497 953 Et
520 923 564 954 sic
589 929 635 954 est
660 923 844 955 naturalior.
869 941 890 946 -
913 923 1132 955 Manifestatur
1159 931 1267 956 autem
1296 925 1356 956 ista

282 967 386 997 maior
408 967 591 998 naturalitas
615 974 703 999 ortus
726 968 789 999 irae
804 968 896 1009 signo
919 968 993 999 satis
1017 978 1181 999 consono:
1207 969 1283 1010 quia
1298 969 1355 1000 sci-

282 1011 355 1043 licet
378 1011 574 1052 frequentius
598 1012 779 1053 complexio
802 1013 958 1044 iratorum
970 1013 1090 1053 profert
1109 1013 1204 1044 etiam
1226 1013 1306 1044 iram
1322 1013 1355 1044 in

283 1056 419 1097 prolem,
443 1063 480 1087 ut
502 1057 688 1088 Aristoteles
712 1057 864 1097 exemplis
888 1058 1078 1098 comprobat
1091 1058 1118 1088 *.

340 1100 376 1131 In
399 1100 489 1132 tertia
511 1111 587 1132 vero
610 1101 742 1138 ratione,
767 1111 807 1132 ne
827 1101 943 1132 fallaris
966 1101 1135 1142 respiciens
1159 1101 1199 1132 ad
1214 1112 1250 1132 ea
1273 1112 1356 1143 quae

2401 271 2474 307 265

1405 353 1480 378 sunt
1503 356 1559 387 per
1582 347 1737 384 accidens,
1769 354 1846 387 puta
1875 347 2062 378 scandalum
2092 348 2231 379 aliorum
2250 359 2287 379 ex
2310 349 2478 380 manifesta

1405 390 1534 427 iniuria,
1567 398 1597 422 et
1619 398 1712 432 putes
1741 391 1930 432 oppositum
1954 392 2022 423 eius
2050 393 2140 433 quod
2166 392 2200 423 in
2228 392 2330 424 littera
2354 393 2476 424 dicitur.

1407 436 1468 467 Sed
1492 435 1618 466 adverte
1641 436 1740 477 quod,
1761 436 1932 467 iudicando
1957 443 2045 467 actus
2068 438 2247 468 secundum
2271 448 2313 474 se,
2337 437 2478 468 iniuriari

1407 480 1553 521 proximo
1578 480 1690 511 dolose
1714 487 1745 511 et
1768 481 1892 512 occulte
1916 481 2040 522 turpius
2064 489 2111 512 est
2126 492 2224 523 quam
2248 481 2388 512 iniuriari
2412 492 2477 512 ma-

1407 569 1624 600 excellentiam
1648 577 1783 610 spectat3
1808 570 1903 601 latere
1927 577 2035 601 autem
2058 571 2099 601 ad
2122 571 2284 612 quendam
2308 570 2479 601 defectum.

1407 615 1478 654 Ipsa
1502 614 1588 644 enirn
1611 614 1729 645 latebra
1753 621 1916 646 attestatur
1939 615 2128 655 turpitudini
2153 615 2271 656 operis:
2303 615 2389 646 iuxta
2413 615 2478 645 Do-

1407 658 1486 689 mini
1510 658 1700 689 sententiam
1714 658 1746 689 *z
1775 658 1888 690 Omnis
1910 661 1965 700 qui
1988 660 2073 690 male
2095 661 2177 701 agit,
2202 660 2269 691 odit
2292 660 2405 691 lucem.
2439 659 2480 690 Et

1406 713 1463 744 per
1487 703 1675 743 oppositum
1699 703 1767 744 ipse
1790 704 1907 734 modus
1931 704 2060 744 agendi,
2086 704 2203 735 scilicet
2226 704 2409 740 manifeste,
2435 711 2479 734 at-

1407 754 1539 779 testatur
1560 757 1653 778 verae
1667 748 1718 778 vel
1742 748 1907 788 apparenti
1930 748 2055 785 rationi,
2081 759 2118 779 ex
2141 748 2203 780 hoc
2226 748 2297 789 ipso
2318 749 2407 789 quod
2430 748 2478 778 lu-

1408 802 1477 823 cem
1502 802 1568 822 non
1591 791 1716 832 refugit.
1752 793 1810 823 Est
1833 803 1925 833 ergo,
1951 793 2037 824 iuxta
2059 793 2140 824 hanc
2164 793 2289 825 tertiam
2312 793 2478 830 rationem,

1408 836 1666 876 concupiscentia
1689 837 1812 877 turpior
1835 847 1934 878 quam
1956 837 2002 868 ira
2025 838 2135 878 quoad
2153 838 2291 869 modum
2314 837 2479 879 operandi,

1408 891 1464 921 per
1488 891 1520 911 se
1544 881 1720 921 loquendo.

1464 925 1499 955 In
1524 932 1636 966 quarta
1659 925 1792 956 demum
1815 925 1946 963 ratione,
1970 926 2095 957 adverte
2115 927 2204 967 quod
2224 925 2481 967 concupiscentia

1410 969 1524 1000 dicitur
1547 969 1680 1010 turpior,
1704 969 1780 1010 quia
1803 970 1937 1000 omnino
1953 970 2142 1002 voluntaria.
2167 971 2215 1001 Ira
2238 977 2356 1007 autem,
2374 970 2431 1001 etsi
2447 970 2480 1000 in

1381 1043 1383 1051 ,
1408 1013 1471 1044 fine
1494 1014 1534 1044 sit
1557 1013 1758 1050 delectabilis,
1783 1014 1960 1045 admixtum
1982 1021 2090 1046 tamen
2113 1015 2206 1046 habet
2228 1014 2481 1046 involuntarium

1408 1058 1622 1098 principium,
1648 1058 1765 1089 scilicet
1787 1058 1945 1089 tristitiam
1969 1069 2006 1089 ex
2028 1059 2271 1099 parvipensione
2294 1066 2419 1100 recepta
2443 1059 2481 1089 il-

1407 1102 1514 1133 latam.
1539 1102 1580 1132 Et
1604 1109 1772 1142 propterea
1795 1104 1889 1143 quasi
1911 1109 2040 1134 coactus
2064 1104 2187 1135 dicitur.

2002 1206 2008 1248 s

1995 1252 2001 1275 κ’

441 3650 551 3675 Summa
570 3649 672 3675 Tmzor„
691 3650 723 3675 D.
735 3650 850 3675 Tamus.
868 3651 901 3676 T.
913 3652 968 3676 VII.

2507 667 2517 676 ⁸
2530 666 2592 687 loan.
2613 672 2662 694 cap.
2682 673 2716 694 nr,

2506 699 2564 714 vers.
2579 699 2615 714 20.
