2768 4198
148 813 163 846 β

51 928 60 937 ·
67 927 86 948 E
103 927 140 948 ist.
147 926 259 953 CCXLaI.

49 954 107 975 Cl.

47 1135 56 1143 ⁸
71 1133 135 1153 Vers.
151 1137 170 1159 3.

42 1510 51 1518 ·
66 1508 132 1529 Vei-s.
152 1514 174 1536 9.

45 1614 253 1643 'Art.1.ad5;

43 1641 200 1670 artwaad3.

41 2099 49 2107 ⁸
65 2097 129 2120 Vers.
146 2104 173 2120 12.

39 2313 49 2323 ⁸
64 2311 130 2333 Vers.
145 2317 164 2340 5.

302 302 377 350 298

298 381 429 427 ritulis,
460 392 533 417 non
563 381 600 417 in
623 386 736 428 parte
751 379 943 428 falsisstatzs
984 377 1060 413 Sed
1089 376 1203 424 aliqui
1241 382 1328 412 sunt
1347 380 1365 396 ²

296 434 334 470 in
364 446 545 482 supremo
575 441 693 470 statu:
723 433 786 481 qui
815 433 844 468 si
874 444 914 467 se
934 429 1174 467 inferioribus
1203 428 1364 465 subiice-

295 496 390 533 rent,
412 488 556 534 absque
585 486 741 523 falsitate
769 486 843 521 hoc
870 484 950 520 fieri
980 495 1059 520 non
1087 489 1228 530 posset.
1259 482 1361 529 Ergo
1388 503 1390 534 ;

294 541 415 578 homo
454 552 532 576 non
568 539 681 576 debet
709 551 748 575 se
787 537 966 574 omnibus
1003 548 1072 584 per
1109 534 1360 572 humilitatem

294 607 311 630 s
368 606 488 630 1cere.

314 596 390 685 υἱέι
405 648 636 690 PRAETEREA,
659 644 781 680 nullus
803 643 916 680 debet
939 642 1062 678 facere
1091 641 1129 678 id
1149 641 1255 701 quod
1274 653 1359 677 ver-

292 709 354 749 gat
373 701 410 737 in
432 699 700 736 detrimentum
721 696 849 733 salutis
879 695 1040 732 alterius.
1074 695 1150 731 Sed
1171 695 1200 731 si
1225 694 1359 742 aliquis
1385 739 1386 742 Ἰ

291 766 360 802 per
377 752 626 790 humilitatem
645 762 686 786 se
706 749 810 786 alteri
829 748 1014 796 subiiciat,
1030 748 1263 797 quandoque
1283 749 1359 784 hoc

290 803 453 853 verget?
481 805 519 840 in
548 803 817 840 detrimentum
837 802 934 839 illius
955 802 1016 839 cui
1040 815 1080 838 se
1110 802 1269 848 subiicit,
1293 802 1357 850 qui
1384 835 1385 838 ,

290 871 334 896 ex
362 860 435 895 hoc
465 856 676 905 superbiret
695 857 757 892 vel
787 863 1069 893 contemneret:
1100 856 1203 892 unde
1227 857 1357 903 Augu-

288 912 405 949 stinus
426 910 523 955 dicit,
546 910 583 946 in
603 910 754 960 Regula
774 909 809 946 *t
839 910 913 955 Ne,
934 910 1023 947 dum
1047 909 1204 946 nimium
1228 920 1356 945 serva-

288 972 349 1002 tur
371 964 574 1009 humilitas,
596 965 755 1013 regendi
768 964 988 1013 frangatur
1006 963 1221 1000 auctoritas.
1253 962 1354 1010 Ergo
1381 982 1383 1015 ἑ

286 1019 404 1055 homo
444 1029 522 1054 non
561 1017 674 1054 debet
703 1030 743 1054 se
781 1029 851 1066 per
882 1016 1136 1054 humilitatem
1174 1015 1382 1060 omnibus,

1380 1071 1381 1075 ’
1410 1069 1590 1106 omnibus
1607 1069 1791 1118 proximis
1811 1078 1969 1119 propter
1993 1071 2134 1117 Deum,
2156 1072 2370 1109 secundum
2389 1073 2481 1111 illud

1380 1115 1381 1135 ³
1410 1123 1422 1158 Ι
1444 1123 1524 1159 Pet.
1545 1135 1568 1160 11
1587 1122 1627 1159 *ε
1658 1124 1822 1160 Subiecti
1846 1130 1959 1161 estote
1986 1125 2093 1161 omni
2116 1126 2308 1162 humanae
2335 1131 2480 1163 creatu-

1379 1204 1381 1216 .
1409 1187 1476 1212 rae
1497 1182 1656 1225 propter
1683 1178 1830 1214 Deum:
1859 1177 2007 1215 latriam
2042 1186 2172 1215 tamen
2201 1177 2272 1215 soli
2300 1178 2386 1215 Deo
2416 1179 2480 1216 de-

286 1071 482 1108 subiicere.

339 1125 413 1161 SED
443 1135 590 1161 CONTRA
618 1135 684 1160 Es‘r
711 1124 815 1172 quod
853 1123 989 1160 dicitur
1016 1123 1172 1172 Philipp.
1196 1134 1217 1159 11
1237 1122 1276 1158 *z
1306 1123 1352 1159 In

283 1178 491 1214 humilitate
517 1178 729 1226 superiores
757 1178 828 1214 sibi
855 1177 1015 1214 invicem
1043 1177 1280 1214 arbitrantes.

338 1232 564 1268 RESPONDEO
585 1243 771 1268 DtCENDUM
791 1231 896 1279 quod
924 1231 961 1268 in
981 1231 1137 1267 homine
1167 1230 1245 1266 duo
1265 1241 1353 1278 pos·
1379 1243 1381 1259 ³

284 1293 370 1322 sunt
399 1285 647 1322 considerari:
677 1285 816 1322 scilicet
844 1284 881 1322 id
910 1284 1015 1332 quod
1045 1291 1099 1321 est
1127 1283 1220 1328 Dei,
1251 1290 1287 1319 et
1315 1282 1352 1319 id
1379 1283 1381 1315 i

1379 1351 1380 1358 ¹
1409 1348 1494 1373 mus
1532 1337 1570 1373 id
1605 1339 1709 1386 quod
1745 1345 1801 1374 est
1827 1338 1899 1375 Dei
1934 1338 1970 1374 in
1999 1338 2194 1387 proximo,
2225 1339 2259 1375 ei
2288 1339 2394 1387 quod
2424 1347 2480 1376 est

283 1339 389 1387 quod
419 1347 474 1376 est
501 1339 679 1375 hominis.
715 1338 890 1375 Hominis
920 1346 1048 1374 autem
1079 1345 1134 1374 est
1166 1336 1352 1385 quidquid

282 1392 443 1441 pertinet
472 1392 519 1429 ad
551 1392 754 1438 defectum,
776 1393 843 1429 sed
872 1392 943 1428 Dei
975 1399 1030 1427 est
1054 1390 1240 1439 quidquid
1267 1402 1351 1439 per-

283 1445 375 1482 tinet
403 1447 449 1483 ad
478 1446 638 1482 salutem
668 1453 703 1482 et
741 1445 1033 1494 perfectionem:
1071 1444 1282 1481 secundum
1313 1443 1352 1480 il-

282 1499 347 1536 lud
384 1500 486 1536 Osee
519 1511 579 1536 xm
607 1499 646 1535 *ε
683 1499 846 1536 Perditio
875 1505 959 1544 tua,
989 1498 1111 1535 Israel
1133 1502 1169 1534 Y:
1206 1509 1256 1534 ex
1292 1509 1353 1533 me

282 1660 401 1696 homo
431 1660 515 1696 Deo
546 1660 750 1696 subiicitur.
783 1660 830 1696 Et
850 1659 938 1696 ideo
957 1658 1115 1708 quilibet
1132 1659 1272 1704 -homo,
1294 1669 1350 1693 se-

283 1713 451 1750 cundum
490 1713 527 1750 id
567 1715 669 1762 quod
706 1725 817 1749 suum
857 1720 930 1759 est,
970 1712 1084 1749 debet
1122 1724 1162 1748 se
1199 1710 1378 1750 cuilibet.

280 1766 456 1815 proximo
486 1767 671 1803 subiicere
701 1774 885 1814 quantum
915 1765 964 1802 ad
992 1765 1030 1803 id
1060 1764 1164 1814 quod
1194 1772 1249 1801 est
1277 1763 1350 1801 Dei

281 1821 318 1856 in
346 1819 442 1868 ipso.

334 1874 425 1909 Non
455 1881 583 1909 autem
613 1873 687 1909 hoc
723 1871 876 1921 requirit
903 1870 1116 1917 humilitas,
1143 1878 1184 1907 ut
1213 1870 1349 1918 aliquis
1375 1858 1377 1917 Ξ

279 1926 317 1963 id
346 1926 451 1975 quod
482 1933 536 1962 est
564 1925 635 1961 Dei
666 1926 702 1962 in
732 1926 871 1974 seipso,
893 1924 1067 1962 subiiciat
1095 1923 1129 1960 ei
1157 1924 1263 1971 quod
1284 1936 1349 1972 ap-

278 1988 386 2028 paret
414 1991 495 2016 esse
525 1979 597 2016 Dei
626 1979 663 2015 in
694 1980 824 2016 altero.
855 1979 958 2015 Nam
988 1978 1036 2015 illi
1058 1977 1123 2026 qui
1153 1978 1255 2015 dona
1276 1977 1347 2014 Dei
1375 2027 1376 2030 Ἰ

1375 2033 1376 2041 ’
1403 2030 1648 2068 occasionem
1683 2031 1823 2068 habeat
1859 2030 2017 2069 alicuius
2054 2031 2160 2081 quod
2203 2032 2390 2081 pertineat
2426 2032 2476 2071 ad

278 2033 512 2082 participant,
534 2041 770 2080 cognoscunt
797 2045 837 2070 se
867 2045 912 2069 ea
940 2032 1103 2069 habere:
1134 2031 1347 2068 secundum

278 2087 370 2124 illud
400 2088 414 2123 I
434 2088 485 2124 ad
517 2087 604 2123 Cor.
626 2099 648 2123 11
668 2086 705 2123 *z
741 2088 790 2124 Ut
815 2086 979 2123 sciamus
998 2097 1096 2134 quae
1123 2097 1147 2122 a
1171 2086 1255 2122 Deo
1283 2086 1348 2122 do-

279 2146 368 2177 nata
395 2146 482 2177 sunt
508 2140 625 2177 nobis.
655 2141 704 2176 Et
733 2140 820 2177 ideo
841 2141 987 2188 absque
1015 2138 1250 2188 praeiudicio
1279 2139 1349 2175 hu·
1374 2139 1376 2164 l

279 2194 443 2231 militatis
462 2201 624 2243 possunt
643 2194 744 2230 dona
764 2206 864 2242 quae
886 2193 955 2242 ipsi
978 2200 1220 2242 acceperunt,
1241 2204 1349 2241 prae-

278 2248 375 2284 ferre
397 2246 507 2284 donis
536 2246 608 2283 Dei
629 2259 727 2295 quae
757 2246 837 2283 aliis
857 2254 1042 2296 apparent
1070 2246 1223 2283 collata:
1253 2245 1349 2282 sicut

278 2301 498 2349 Apostolus,
519 2300 570 2336 ad
586 2300 721 2349 Ephes.
743 2312 779 2337 111
798 2299 830 2347 ²¹²,
847 2300 952 2337 dicit:
981 2300 1076 2337 Aliis
1094 2299 1348 2350 generationi-

279 2355 347 2391 bus
375 2366 449 2390 non
479 2359 532 2390 est
558 2354 731 2402 agnitum
751 2351 764 2375 δ
781 2353 878 2400 filiis
896 2354 1104 2398 hominum,
1125 2353 1220 2390 sicut
1247 2364 1348 2389 nunc

280 2407 486 2444 revelatum
514 2412 566 2443 est
593 2407 730 2444 sanctis
757 2406 945 2455 Apostolis
973 2407 1062 2443 eius.

334 2460 510 2498 Similiter
539 2459 652 2497 etiarn
682 2472 760 2497 non
788 2461 863 2497 hoc
893 2460 1047 2509 requirit
1075 2459 1281 2506 humilitas,
1308 2466 1349 2496 ut

280 2513 413 2562 aliquis
442 2514 478 2550 id
508 2513 613 2563 quod
644 2521 699 2550 est
727 2525 840 2551 suum
870 2513 907 2550 in
938 2514 1082 2562 seipso,
1113 2512 1286 2550 subiiciat
1314 2512 1347 2549 ei

280 2568 383 2617 quod
413 2574 467 2604 est
495 2567 659 2604 hominis
688 2567 726 2604 in
754 2566 944 2616 proximo.
974 2566 1168 2615 Alioquin,
1197 2574 1348 2616 oporte·
1373 2602 1375 2613 ,

331 2680 359 2712 α)
378 2683 448 2705 sunt.
460 2693 480 2699 -
497 2680 543 2712 qui
561 2683 623 2704 sunt
641 2679 785 2709 ABDEFL,
804 2683 868 2705 sunt
886 2680 932 2712 qui
950 2683 1014 2705 sunt
1032 2680 1050 2705 Ι.

332 2715 358 2749 β)
378 2719 508 2749 verget.-
526 2718 649 2748 vergeret
667 2715 706 2744 Pl,
726 2714 816 2748 vergit
835 2715 915 2746 GHL,
936 2719 1032 2748 vergat
1050 2715 1091 2740 ed.
1110 2722 1135 2741 a.

349 2753 357 2783 )
379 2752 501 2777 Israel.-
519 2758 556 2776 ex
575 2755 600 2776 te
619 2751 718 2776 addunt
737 2751 838 2782 1-11‚ex
857 2754 883 2776 te
902 2755 942 2777 est
961 2751 1031 2776 addit
1050 2751 1078 2776 P.

331 2760 355 2820 ἔ)
375 2787 506 2820 agnitum.
520 2801 538 2807 -
556 2787 660 2820 agnitio
679 2786 863 2819 ABEFKLpC,
883 2787 1002 2821 cognitio
1021 2787 1053 2812 H.

972 297 1238 345 QUAESTIO
1268 297 1405 343 CLXI,
1435 297 1732 335 ARTICULUS
1763 299 1813 335 III

1390 375 1392 417 ξ
1421 382 1476 411 ret
1510 383 1552 412 ut
1586 376 1743 425 quilibet
1779 385 1973 426 reputaret
2008 390 2049 415 se
2084 379 2206 427 magis
2242 388 2485 428 peccatorem

1390 428 1590 476 quolibet
1607 429 1704 467 alio:
1731 442 1818 467 cum
1838 438 1966 468 tamen
1985 433 2194 480 Apostolus
2215 434 2358 482 absque
2376 446 2486 483 prae-

1418 481 1558 518 iudicio
1587 483 1806 520 humilitatis
1836 484 1946 531 dicat,
1980 485 2104 522 Galat.
2125 498 2148 522 11
2167 485 2206 522 *ε
2234 487 2320 524 Nos
2347 493 2524 525 natura

1417 535 1561 580 Iudaei,
1583 541 1618 571 et
1644 548 1719 573 non
1749 549 1799 573 ex
1815 538 1990 586 gentibus
2013 545 2240 586 peccatores.

1470 588 1601 624 Potest
1619 596 1748 626 tamen
1768 590 1902 639 aliquis
1932 598 2106 639 reputare
2126 592 2267 641 aliquid
2289 593 2380 629 boni
2401 605 2485 631 esse

1415 640 1452 677 in
1471 641 1650 690 proximo
1671 643 1805 690 quod
1796 655 1878 692 ipse
1898 656 1976 680 non
2004 644 2131 692 habet,
2150 647 2213 683 vel
2234 645 2372 695 aliquid
2394 647 2485 684 mali

1414 694 1452 731 in
1480 706 1521 731 se
1550 707 1634 732 esse
1662 695 1768 743 quod
1796 696 1834 733 in
1863 696 1938 734 alio
1967 709 2047 734 non
2075 706 2147 735 est:
2178 711 2224 736 ex
2251 712 2330 748 quo
2358 708 2485 749 potest

1415 747 1446 784 ei
1477 760 1518 784 se
1538 752 1550 769 ε
1579 748 1764 785 subiicere
1792 761 1862 798 per
1887 750 2151 790 humilitatem.

1465 804 1525 838 An
1546 813 1685 839 ptumum
1705 813 1804 839 ERGO
1820 814 2006 840 otcENDUM
2026 805 2132 853 quod
2156 817 2235 842 non
2262 806 2389 843 solum
2419 808 2483 844 de-

1413 855 1548 891 bemus
1564 856 1693 892 Deum
1715 856 1880 893 revereri
1896 856 1935 893 in
1954 856 2093 905 seipso,
2110 858 2178 895 sed
2194 858 2307 895 etiam
2320 859 2358 896 id
2375 860 2482 907 quod

1413 915 1468 944 est
1487 908 1568 945 eius
1589 908 1777 946 debemus
1797 909 1962 946 revereri
1981 909 2021 946 in
2041 911 2230 959 quolibet:
2254 924 2333 949 non
2352 921 2482 950 tamen

1412 963 1552 998 eodem
1573 962 1692 999 modo
1722 962 1958 1000 reverentiae
1982 975 2060 1012 quo
2090 976 2313 1002 reveremur
2340 966 2480 1004 Deum.

1411 1016 1459 1052 Et
1486 1015 1574 1052 ideo
1602 1028 1672 1064 per
1700 1016 1952 1054 humilitatem
1982 1012 2169 1055 debemus
2197 1030 2268 1055 nos
2296 1019 2481 1058 subiicere

1409 1230 1546 1266 bemus
1575 1230 1764 1268 exhibere.

1459 1284 1519 1320 Ao
1549 1295 1741 1321 SECUNDUM
1775 1296 1962 1322 DICENDUM
1990 1284 2108 1333 quod,
2129 1284 2160 1321 si
2190 1297 2261 1322 nos
2289 1286 2480 1334 praefera-

1407 1390 1607 1439 proprium
1637 1391 1674 1427 in
1704 1391 1827 1438 nobis,
1849 1403 1927 1428 non
1956 1404 2164 1441 possumus
2193 1391 2384 1430 incurrere
2413 1393 2479 1430 fal-

1407 1443 1568 1480 sitatem.
1598 1444 1711 1481 Unde
1732 1456 1847 1493 super
1872 1445 1963 1482 illud
1982 1446 2141 1495 Philipp.
2163 1445 2480 1495 11²⁸,Superiores
2505 1460 2516 1471 ·

1378 1524 1379 1533 ,
1407 1497 1566 1534 invicem
1594 1498 1832 1545 arbitrantes,
1854 1498 1942 1535 dicit
1971 1498 2109 1536 Glossa
2127 1499 2168 1521 *·

282 1559 426 1589 tantum
463 1553 650 1589 auxilium
683 1558 800 1589 tuum.
841 1552 1044 1589 Humilitas
1077 1558 1226 1598 autem,
1257 1550 1351 1587 sicut
1407 1551 1582 1588 debemus
1615 1552 1817 1589 aestimare
1851 1558 1891 1588 ut
1925 1564 1993 1589 nos
2029 1553 2231 1590 aestimare
2251 1554 2478 1604 fingamus.-

283 1606 423 1643 dictum
465 1614 520 1642 est
546 1605 586 1653 ²³⁶,
617 1606 768 1655 proprie
797 1606 947 1654 respicit
983 1605 1238 1642 reverentiam
1276 1616 1351 1653 qua
1405 1605 1472 1641 sed
1487 1615 1577 1641 vere
1595 1606 1834 1642 aestimemus
1857 1617 1969 1654 posse
1986 1606 2131 1654 aliquid
2153 1618 2231 1643 esse
2249 1605 2262 1632 ἶ
2290 1607 2478 1645 occultum

1377 1665 1378 1690 3
1406 1658 1443 1694 in
1472 1658 1547 1694 alio
1585 1670 1659 1707 quo
1688 1660 1794 1696 nobis
1830 1660 2005 1707 superior
2030 1660 2097 1705 sit,
2127 1660 2239 1697 etiam
2266 1661 2301 1696 si
2335 1661 2477 1698 bonum

2206 1497 2298 1537 Non
2327 1501 2400 1537 hoc
2426 1500 2478 1539 ita

1406 1716 1588 1758 nostrum,
1609 1723 1683 1760 quo
1703 1712 1765 1749 illo
1794 1712 1969 1749 videmur
1986 1713 2199 1762 superiores
2227 1725 2316 1760 esse,
2338 1726 2413 1752 non
2431 1714 2481 1752 sit

1405 1765 1604 1801 occultum.

1457 1819 1516 1854 An
1544 1829 1706 1855 TERTIUM
1734 1830 1920 1856 mcenoum
1948 1819 2054 1867 quod
2084 1818 2289 1865 humilitas,
2317 1819 2413 1857 sicut
2441 1826 2478 1857 et

1404 1878 1551 1907 ceterae
1578 1870 1749 1917 virtutes,
1770 1871 1975 1920 praecipue
1995 1872 2151 1909 interius
2170 1872 2210 1909 in
2237 1872 2366 1910 anima
2386 1885 2476 1911 eon-

1404 1924 1509 1960 sistit.
1540 1925 1589 1960 Et
1616 1924 1703 1961 ideo
1723 1932 1849 1973 potest
1876 1925 1997 1962 homo
2018 1926 2233 1962 secundum
2255 1925 2474 1964 interiorem

1403 1985 1531 2014 actum
1561 1978 1710 2015 animae
1739 1977 1843 2015 alteri
1865 1990 1905 2014 se
1935 1978 2134 2026 subiicere,
2156 1978 2236 2016 sine
2265 1979 2341 2016 hoc
2370 1979 2476 2028 quod

1403 2085 1674 2124 detrimentum
1703 2097 1796 2122 suae
1825 2085 1966 2123 salutis.
1997 2086 2046 2122 Et
2073 2086 2149 2122 hoc
2177 2093 2234 2123 est
2261 2085 2367 2135 quod
2394 2087 2474 2123 Au-

1402 2139 1574 2186 gustinus
1608 2138 1708 2185 dicit,
1737 2138 1776 2175 in
1803 2139 1957 2189 Regula
1976 2138 2017 2176 *t
2051 2139 2205 2176 Timore
2230 2151 2362 2176 coram
2390 2139 2474 2177 Deo

1396 2192 1593 2240 praelatus
1619 2193 1829 2228 substratus
1848 2197 1866 2219 η
1894 2193 1943 2229 sit
1962 2192 2122 2241 pedibus
2153 2193 2296 2230 vestris.
2328 2193 2405 2231 Sed
2433 2192 2474 2231 in

1403 2245 1650 2282 exterioribus
1669 2245 1889 2282 humilitatis
1909 2245 2067 2294 actibus,
2088 2246 2183 2283 sicut
2212 2254 2248 2283 et
2266 2246 2305 2283 in
2326 2246 2474 2284 actibus

1401 2306 1613 2336 ceterarum
1641 2298 1844 2346 virtutum,
1875 2306 1932 2336 est
1958 2299 2086 2337 debita
2122 2300 2336 2338 moderatio
2369 2299 2475 2339 adhi-

1401 2352 1540 2398 benda,
1562 2364 1609 2389 ne
1638 2351 1786 2400 possint
1821 2364 1979 2400 vergere
2008 2353 2045 2390 in
2084 2352 2354 2390 detrimentum
2383 2353 2474 2391 alte-

1402 2406 1489 2443 rius.
1521 2405 1561 2442 Si
1589 2413 1718 2442 autem
1747 2405 1882 2454 aliquis
1911 2406 2017 2455 quod
2046 2405 2161 2443 debet
2188 2406 2317 2452 faciat,
2346 2413 2383 2443 et
2410 2406 2473 2444 alii

1402 2471 1446 2496 ex
1475 2460 1550 2496 hoc
1579 2459 1824 2496 occasionem
1845 2467 1997 2496 sumant
2023 2459 2181 2508 peccati,
2202 2471 2282 2496 non
2310 2459 2472 2508 imputa·

1401 2520 1460 2550 tur
1487 2512 1679 2550 humiliter
1707 2512 1851 2560 agenti:
1889 2513 1978 2562 quia
2014 2512 2075 2550 ille
2104 2525 2183 2550 non
2221 2511 2470 2561 scandalizat,

1402 2566 1578 2615 quamvis
1607 2567 1700 2603 alter
1728 2565 2014 2603 scandalizetur.

1453 2684 1476 2713 ε)
1496 2688 1532 2705 se.
1546 2694 1563 2699 -
1582 2681 1644 2706 Om.
1663 2680 1775 2712 ELpAK
1793 2684 1820 2704 et
1837 2686 1863 2709 a,
1883 2684 1943 2704 ante
1962 2681 2055 2711 potest
2078 2683 2180 2712 ponunt
2202 2678 2255 2710 PD,
2274 2683 2334 2703 ante
2355 2678 2382 2704 εἰ
2399 2678 2474 2711 BCF,

1399 2721 1459 2748 post
1476 2715 1606 2741 subiicere
1628 2716 1665 2746 H3
1685 2723 1733 2748 pro
1752 2715 1890 2745 subiicere,
1913 2714 2008 2741 subiici
2026 2714 2066 2740 ed.
2085 2721 2111 2740 a.

1453 2750 1478 2783 ζ)
1499 2758 1562 2777 esse.
1575 2765 1594 2770 -
1612 2751 1674 2776 Om.
1693 2750 1920 2784 ABEFHIKLpC,
1944 2755 2003 2776 ante
2027 2750 2131 2783 aliquid
2153 2754 2254 2783 ponunt
2278 2750 2330 2780 Pa,
2350 2755 2411 2783 pont
2428 2757 2472 2777 oe—

1400 2787 1500 2812 cultum
1519 2787 1551 2812 D.

1453 2824 1480 2855 η)
1500 2823 1660 2848 substratus.
1671 2836 1691 2842 -
1708 2822 1862 2848 subtractus
1881 2821 2022 2855 ADELpC.

955 2901 1288 2935 Commentaria
1311 2901 1562 2935 Cardinalis
1585 2902 1786 2935 Caietam·

309 2993 329 3013 N
353 2983 485 3014 articulo
517 2982 609 3013 tertio
633 2982 774 3012 eiusdem
805 2982 1017 3023 quaestionis,
1043 2992 1108 3012 non
1132 2982 1343 3019 scribendum,

283 2995 364 3058 Ised
388 3027 610 3068 exequendum
634 3034 688 3057 est.
714 3026 826 3057 Clarus
851 3035 907 3058 est.
933 3027 1054 3067 Regula
1078 3034 1123 3058 est
1151 3034 1276 3058 nostrae
1299 3027 1343 3057 vi-

279 3078 344 3109 tae,
369 3071 467 3103 facilis
491 3078 526 3102 ut
549 3071 701 3102 habeatur
728 3071 935 3111 speculative,
960 3072 1014 3102 sed
1045 3081 1112 3102 rara
1142 3071 1289 3112 practice,
1315 3078 1345 3102 et

280 3117 319 3146 ad
342 3116 561 3157 operationem
584 3115 765 3146 interiorem
788 3116 969 3157 praesertim
994 3116 1159 3156 applicata.

1453 2982 1511 3013 Est
1535 2989 1565 3013 et
1587 2982 1620 3012 in
1644 2982 1706 3013 hoc
1729 2982 1863 3013 articulo
1889 2981 2120 3023 speculandum
2143 2990 2242 3022 quam
2261 2980 2467 3012 conformiter

1399 3027 1472 3057 divo
1497 3027 1645 3057 Thomae
1669 3025 1796 3058 definita
1820 3026 1859 3058 sit
1882 3026 2044 3058 humilitas
2067 3026 2100 3057 in
2124 3034 2219 3066 supra
2233 3024 2251 3044 *
2274 3025 2373 3057 dictis.

2537 493 2604 517 Vera.
2620 501 2650 524 15.

2507 1138 2518 1149 ⁸
2531 1137 2598 1161 Vm.
2613 1144 2642 1168 ¹³·

2529 1459 2596 1483 ven.
2609 1466 2630 1491 3.

2505 1513 2608 1537 lamb.
2617 1520 2648 1538 ιι
2654 1516 2718 1544 Aug.

2499 2153 2616 2242 affin
2632 2154 2714 2182 ‘³⁰¹¹'

2493 3010 2504 3021 ·
2521 3010 2572 3032 Art.
2591 3015 2612 3038 ι,
2633 3010 2706 3034 Com-

2493 3039 2564 3059 mtnt.
2578 3042 2642 3060 nm.
2658 3043 2692 3060 ΙΙΙ.
