2768 4198
948 286 1215 333 QUAESTIO
1246 286 1401 334 CLXII,
1431 285 1728 322 ARTICULUS
1757 285 1825 321 VII

295 366 426 398 tentatio
455 373 502 397 est
529 367 691 403 latentior,
717 366 824 396 ceteris
848 366 994 405 paribus,
1019 366 1229 396 succumbens
1254 365 1360 395 minus
1385 366 1387 393 Υ

294 411 429 453 graviter
452 418 570 451 peccat.

350 455 403 486 IV.
427 455 478 485 Ad
494 453 684 485 evidentiam
707 454 834 489 horum,
860 453 939 484 scito
963 454 1051 494 quod
1075 453 1106 483 in
1122 453 1224 484 littera
1240 455 1362 483 Auctor

293 498 427 530 intendit
450 499 532 529 hanc
555 498 807 528 distinctionem:
832 498 1001 528 Peccatum
1026 497 1069 527 ad
1093 497 1274 527 evitandum
1299 496 1360 538 dif—

284 544 377 585 sicile
400 542 588 583 dupliciter:
610 542 731 572 scilicet
753 542 951 581 simpliciter,
972 542 1022 572 vel
1042 550 1102 581 pro
1127 542 1185 571 tali
1199 546 1295 571 statu.
1321 541 1361 570 Et

294 588 387 618 docet
409 587 498 627 quod
522 593 688 626 peccatum
712 586 752 615 ad
776 586 960 616 evitandum
985 584 1109 615 difficile
1142 592 1271 625 propter
1295 594 1359 614 ma-

293 631 492 671 gnitudinem
516 630 784 670 impugnationis,
810 636 856 660 est
880 629 1063 670 simpliciter
1087 628 1211 659 difficile
1235 629 1273 658 ad
1298 629 1359 658 evi-

293 675 443 706 tandum:
469 681 500 704 et
522 681 689 714 propterea
713 675 821 705 minus
843 683 946 714 grave.
971 674 1140 704 Peccatum
1156 683 1232 703 vero
1255 673 1295 703 ad
1316 673 1360 702 vi—

293 719 426 750 tandum
450 717 576 749 difficile
601 725 730 759 propter
745 718 917 755 latentiam,
935 725 981 748 est
997 716 1122 748 difficile
1139 718 1179 747 ad
1195 717 1360 747 vitandum

293 773 352 804 pro
372 769 454 793 statu
479 763 641 793 latentiae:
667 770 698 794 et
721 773 779 803 pro
805 770 880 794 tunc
905 771 950 794 est
974 773 1011 793 ex
1035 762 1095 792 hoc
1120 762 1227 792 minus
1251 770 1359 801 grave;

293 817 359 838 non
375 814 483 838 autem
503 814 550 837 est
570 807 753 848 simpliciter
769 807 875 838 minus
891 817 995 847 grave,
1016 805 1090 847 quia
1111 816 1168 846 pro
1186 805 1248 836 alio
1266 813 1359 842 statu,

292 852 409 883 scilicet
432 861 499 892 quo
524 852 688 892 cognitum
701 859 761 888 est,
781 852 866 883 illius
882 857 989 882 motus
1013 858 1059 881 est
1082 850 1172 881 facile
1197 851 1235 880 ad
1259 850 1358 881 vitan-

292 897 382 927 dum.
407 896 448 926 Et
471 895 514 926 sic
537 896 669 936 ponitur
692 897 839 937 superbia
862 896 943 927 inter
966 894 1091 926 difficile
1115 894 1271 926 evitabilia
1294 905 1359 925 non

292 940 486 981 simpliciter,
510 941 565 971 sed
589 950 647 981 pro
672 948 754 972 statu
778 941 924 972 latentiae
947 940 997 970 sui
1013 947 1137 970 motus:
1163 947 1193 971 et
1216 939 1296 970 inter
1316 939 1359 969 fa-

293 985 350 1017 cile
374 984 531 1015 evitabilia
554 995 613 1026 pro
638 991 720 1016 statu
745 995 811 1026 quo
836 984 1050 1025 deprehensus
1074 991 1120 1015 est
1143 983 1228 1014 illius
1252 983 1284 1014 in
1309 993 1360 1014 me

292 1036 412 1060 motuS.

348 1074 399 1105 Ad
417 1074 561 1114 primam
579 1073 675 1114 igitur
690 1073 903 1104 obiectionem
928 1072 1042 1103 dicitur
1064 1073 1153 1113 quod
1177 1071 1282 1102 deficit
1305 1072 1360 1102 du-

292 1118 425 1159 pliciter.
449 1118 568 1154 Primo,
592 1118 668 1158 quia
691 1117 858 1148 difficultas
883 1117 1097 1167 cognoscendi
1121 1117 1152 1146 in
1177 1127 1209 1146 se
1234 1123 1360 1146 motum

293 1162 458 1203 superbiae
487 1172 552 1192 non
577 1161 650 1192 facit
677 1161 803 1192 difficile
827 1160 969 1191 evitabile
994 1160 1192 1201 simpliciter,
1218 1161 1272 1190 sed
1301 1170 1359 1200 pro

292 1213 374 1238 statu
408 1206 571 1236 latentiae:
605 1205 760 1247 quoniam
796 1204 962 1235 difficultas
997 1203 1056 1235 ista
1079 1214 1144 1234 non
1173 1211 1292 1244 spectat
1321 1204 1360 1234 ad

291 1257 458 1292 peccatum
483 1250 606 1290 ipsum,
631 1251 684 1280 sed
711 1249 924 1289 cognitionem
950 1248 1027 1279 eius.
1051 1265 1073 1272 -
1097 1248 1261 1284 Secundo,
1286 1248 1361 1288 quia

252 1294 466 1334 ‚Amagis‘ac
501 1294 601 1334 magis
643 1303 806 1324 excaecare
842 1301 982 1323 mentem
1015 1292 1163 1324 convenit
1197 1292 1362 1332 superbiae

51 1510 138 1534 ‘ma

51 2507 191 2536 ‘ven-14.

55 2876 144 2900 ’Vm
158 2883 189 2906 ¹3·

55 3095 130 3118 Ἀη
144 3095 167 3118 6.

291 1349 358 1370 non
374 1338 552 1369 secundum
574 1348 616 1374 se,
635 1338 690 1368 sed
717 1348 754 1368 ex
778 1337 967 1378 negligentia
990 1336 1129 1366 hominis
1153 1336 1360 1376 amplexantis

292 1390 324 1415 et
346 1382 579 1423 augmentantis
601 1382 705 1423 ipsam
729 1382 762 1412 in
786 1391 835 1418 se;
859 1391 963 1412 sermo
988 1388 1095 1411 autem
1119 1387 1226 1411 noster
1249 1387 1295 1410 est
1322 1380 1360 1410 de

292 1426 476 1458 difficultate
499 1426 635 1458 evitandi
659 1433 826 1467 peccatum
853 1426 1031 1457 secundum
1055 1435 1098 1462 se,
1123 1435 1188 1455 non
1214 1434 1250 1455 ex
1273 1431 1361 1464 parte

291 1472 500 1512 negligentiae
532 1478 668 1502 nostrae.
703 1471 792 1502 Patet
829 1478 937 1501 autem
967 1470 1049 1500 hanc
1080 1479 1147 1500 esse
1182 1469 1360 1499 doctrinam

292 1516 453 1556 Gregorii:
478 1516 633 1557 quoniam
657 1515 732 1546 dicit
746 1515 780 1545 *z
811 1515 927 1546 Vitium
950 1515 1120 1555 superbiae
1143 1523 1220 1544 mox
1233 1514 1273 1544 ab
1290 1514 1359 1553 ipsa

292 1561 402 1592 radice
429 1561 661 1592 observandum
690 1565 757 1597 est,
790 1564 842 1597 ut,
867 1569 939 1590 cum
970 1560 1109 1590 latenter
1135 1559 1258 1595 oritur,
1284 1563 1361 1588 tunc

292 1605 471 1647 vigilanter
492 1605 722 1636 abscindatur:
744 1614 784 1635 ne
801 1609 957 1645 provecta
981 1608 1111 1645 urgeat,
1135 1608 1167 1634 et
1189 1612 1250 1634 usu
1270 1603 1360 1633 robo-

2404 287 2476 323 325

1414 370 1516 402 retur,
1534 371 1592 395 etc.
1628 365 1669 394 Et
1698 364 1740 394 sic
1767 377 1781 392 α
1801 364 1991 395 Sanctorum
2009 363 2098 394 dictis
2115 374 2256 395 consona
2275 377 2289 392 »
2317 372 2402 405 patet
2421 366 2479 395 do-

1415 409 1514 439 ctrina
1538 409 1625 439 haec.

1470 453 1520 483 Ad
1543 453 1716 484 secundam
1748 452 1860 483 dicitur
1884 453 1989 493 quod,
2013 452 2085 483 licet
2113 460 2220 483 motus
2250 453 2415 493 superbiae
2443 463 2480 484 ex

1414 504 1500 537 parte
1529 497 1744 527 conversionis
1774 496 1813 527 ad
1843 496 2068 528 commutabile
2098 497 2221 527 bonum
2250 497 2289 528 sit
2315 498 2479 528 naturalis-

1414 541 1513 571 simus
1545 551 1580 571 ex
1612 548 1698 581 parte
1726 540 1848 571 animae
1877 541 2054 577 rationalis,
2083 551 2147 583 qua
2169 541 2315 572 videmur
2343 542 2480 572 maxime

1414 592 1561 625 appetere
1585 585 1817 621 excellentiam;
1843 595 1879 616 ex
1902 593 1990 626 parte
2014 592 2121 616 tamen
2145 586 2334 623 aversionis,
2359 586 2391 616 in
2416 596 2480 627 qua

1414 629 1593 669 completur
1615 629 1694 660 ratio
1710 629 1785 665 vitii,
1811 639 1876 660 non
1894 638 1940 661 est
1963 630 2149 661 huiusmodi
2166 631 2326 661 naturalis.
2351 632 2390 662 Et
2407 631 2479 661 ideo

1414 673 1486 704 hinc
1510 683 1576 703 non
1600 673 1733 704 habetur
1756 675 1844 714 quod
1869 675 1982 706 vitium
2006 675 2171 715 superbiae
2195 675 2235 706 sit
2257 674 2384 706 difficile
2404 675 2480 705 sim—

1414 717 1543 758 pliciter,
1569 717 1642 758 quia
1669 727 1733 748 non
1751 718 1882 749 habetur
1898 720 1987 760 quod
2004 719 2043 750 sit
2060 719 2215 750 naturale:
2240 719 2387 760 quamvis
2406 720 2479 751 hinc

1413 762 1565 792 habeatur
1588 762 1676 802 quod
1701 762 1857 802 appetitus
1875 763 2074 794 excellentiae
2094 763 2240 804 propriae
2255 771 2302 795 est
2318 764 2478 795 naturalis.

1414 806 1474 836 Sed
1499 806 1561 836 hoc
1586 816 1652 836 non
1676 814 1722 837 est
1746 807 1877 837 malum.

1468 851 1519 881 Ad
1543 852 1670 881 tertiam
1695 850 1810 881 dicitur
1837 851 1926 891 quod
1951 858 2085 893 utraque
2109 852 2276 883 difficultas
2300 852 2418 883 minuit
2442 853 2480 883 de

1413 895 1578 934 gravitate,
1610 895 1664 925 sed
1696 895 1916 927 diversimode.
1949 897 2032 926 Nam
2061 896 2178 937 prima,
2202 896 2403 937 simpliciter:
2432 907 2478 927 se-

1413 940 1535 975 cunda,
1560 949 1618 979 pro
1642 946 1735 970 statu.
1764 940 1804 970 Et
1828 947 1993 980 propterea
2017 941 2135 971 solutio
2160 951 2225 971 non
2249 941 2330 978 ruit,
2355 942 2410 972 sed
2434 948 2481 972 est

1413 983 1524 1014 solida.

1468 1027 1507 1058 V.
1533 1027 1567 1057 In
1591 1027 1799 1067 responsione
1823 1029 1862 1058 ad
1887 1029 2063 1059 secundum
2088 1029 2230 1060 eiusdem
2247 1029 2378 1066 articuli,
2403 1037 2479 1060 nota

1413 1072 1501 1113 quod
1525 1072 1615 1108 sicut,
1641 1082 1715 1102 cum
1736 1072 1774 1102 de
1792 1072 1954 1103 nobilitate
1969 1073 2124 1104 virtutum
2147 1075 2346 1110 tractabatur,
2372 1073 2479 1104 distin-

1413 1123 1500 1147 ctum
1525 1123 1570 1146 est
1594 1116 1632 1146 de
1657 1116 1819 1147 nobilitate
1844 1117 2040 1158 simpliciter,
2065 1119 2115 1148 vel
2139 1119 2316 1149 secundum
2340 1119 2480 1159 aliquam

1413 1160 1630 1191 conditionem
1646 1161 1679 1197 *;
1710 1161 1752 1191 ita
1776 1161 1808 1190 in
1832 1161 1914 1191 vitiis
1939 1169 1970 1192 et
1992 1162 2126 1202 peccatis
2143 1163 2181 1192 de
2204 1162 2354 1202 gravitate
2370 1163 2478 1193 distin-

1413 1205 1577 1244 guendum
1594 1212 1639 1235 est
1664 1205 1753 1245 quod
1769 1205 2014 1236 substantialiter
2036 1207 2161 1246 gravius
2185 1214 2351 1247 peccatum
2371 1217 2481 1238 secun—

1414 1249 1492 1279 dum
1516 1258 1606 1278 suam
1631 1249 1767 1288 speciem
1790 1249 1914 1280 videtur
1937 1250 2026 1281 cuius
2048 1251 2210 1281 obiectum
2233 1258 2280 1282 est
2303 1253 2480 1282 secundum

1385 1311 1388 1327 2
1413 1303 1446 1322 se
1470 1293 1580 1332 peius,
1606 1299 1640 1323 ut
1664 1293 1776 1323 odium
1800 1294 1875 1329 Dei;
1908 1295 2084 1325 secundum
2109 1302 2216 1326 autem
2240 1295 2380 1336 aliquam
2404 1306 2480 1327 con-

1414 1336 1570 1367 ditionem
1586 1337 1733 1376 superbia
1749 1338 1880 1377 ponitur
1895 1339 2127 1377 gravissimum,
2145 1340 2220 1380 quia
2236 1350 2272 1370 ex
2291 1347 2378 1380 parte
2395 1350 2479 1371 aver-

1414 1380 1512 1410 sionis
1543 1387 1628 1411 tenet
1652 1381 1793 1421 primum
1817 1382 1935 1412 locum.
1967 1384 2075 1414 Potest
2101 1390 2208 1414 tamen
2234 1384 2295 1414 dici
2319 1385 2479 1422 absolute,

1414 1425 1476 1455 hoc
1509 1433 1555 1455 est
1586 1425 1653 1455 sine
1677 1425 1839 1456 additione
1863 1426 1984 1467 aliqua,
2009 1428 2230 1466 gravissimum
2255 1435 2479 1468 peccatorum:

1413 1469 1488 1510 quia
1508 1476 1674 1509 peccatum
1698 1479 1735 1500 ex
1758 1470 1923 1500 aversione
1948 1470 2107 1511 perficitur
2129 1472 2161 1502 in
2179 1472 2299 1502 ratione
2316 1473 2391 1503 mali
2407 1473 2481 1503 sim-

1414 1513 1545 1554 pliciter.
1577 1513 1669 1544 Unde
1693 1516 1815 1544 Auctor
1842 1514 1875 1544 in
1903 1514 2004 1545 littera
2029 1525 2093 1545 non
2118 1516 2193 1546 dicit
2223 1517 2311 1557 quod
2336 1516 2482 1557 superbia

1394 1564 1460 1588 ,est
1482 1558 1607 1598 gravior
1631 1557 1831 1588 infidelitate:
1860 1559 1914 1588 sed
1938 1560 2027 1600 quod
2051 1566 2097 1590 est
2119 1561 2244 1600 gravior
2266 1561 2310 1591 eis
2335 1571 2371 1592 ex
2395 1568 2481 1602 parte

1412 1602 1596 1639 aversionis,
1621 1609 1652 1633 et
1675 1602 1860 1642 gravitatem
1884 1611 2045 1643 praestans
2069 1604 2185 1645 cuique
2209 1615 2333 1636 eorum.

1082 1739 1400 1781 ARTICULUS
1430 1738 1697 1781 SEPTIMUS

788 1833 945 1864 UTRUM
969 1833 1175 1864 SUPERBIA
1199 1833 1267 1863 ειΤ
1289 1832 1458 1863 PmMUM
1483 1832 1659 1864 OMNIUM
1683 1832 1985 1864 PECCATORUM

594 1912 618 1937 1⁸
637 1912 693 1943 11⁸⁶,
712 1919 757 1945 qu.
776 1919 875 1941 LxxxIV,
894 1917 940 1937 art.
962 1919 989 1942 23
1010 1911 1030 1936 11
1050 1911 1134 1941 Sent„
1154 1911 1321 1972 dilst.g,cc<1,u.
1344 1919 1365 1942 1,
1385 1916 1431 1936 art.
1452 1910 1559 1971 331dist.
1578 1918 1639 1942 nn,
1659 1919 1703 1944 qu.
1722 1919 1750 1941 ιι,
1770 1916 1816 1937 art.
1840 1919 1865 1941 ι,
1886 1912 1917 1936 ad
1937 1919 1965 1944 73
1985 1917 2032 1938 art.
2054 1912 2076 1943 3,
2097 1913 2129 1937 ad
2152 1920 2179 1943 13

1204 1954 1222 1971 a
1302 1954 1333 1977 r.,
1353 1954 1408 1979 cap.
1427 1954 1461 1976 xi,
1490 1952 1538 1972 ect.
1557 1954 1590 1972 tv.

481 2090 483 2092 v
504 2072 682 2120 superbia
698 2084 777 2108 non
793 2071 839 2108 sit
852 2071 1019 2121 primurn
1035 2071 1210 2108 omnium
1226 2084 1359 2120 pecca-

309 2129 438 2206 51³ng
463 2133 590 2216 {⁰53²
591 2126 1134 2227 Z‘nffessffiibffimgesciffissu
1129 2137 1359 2227 53213333·

293 2239 376 2269 cata
395 2238 483 2268 sunt
511 2244 599 2269 cum
620 2231 808 2280 superbia,
829 2243 900 2268 nec
919 2236 937 2253 α
965 2231 1139 2268 oriuntur
1158 2243 1203 2268 ex
1231 2243 1359 2280 super-

292 2284 371 2322 bia:
401 2283 488 2322 dicit
515 2285 618 2322 enim
646 2285 897 2333 Augustinus,
926 2284 966 2322 in
993 2285 1089 2322 libro
1127 2285 1173 2322 de
1203 2285 1296 2322 Nat.
1326 2291 1361 2322 et

296 2338 429 2377 Gratia
447 2337 485 2386 ²¹⁸,
515 2339 621 2388 quod
649 2339 767 2376 multa
789 2350 994 2387 perperam
1020 2339 1128 2387 fiunt
1152 2350 1250 2387 quae
1283 2351 1357 2375 non

280 2393 388 2440 fiunt
419 2393 589 2440 superbe.
629 2392 731 2440 Ergo
768 2391 947 2441 superbia
983 2404 1062 2429 non
1100 2400 1156 2429 est
1188 2392 1357 2441 primum

291 2444 466 2482 omniurn
495 2453 756 2494 peccatorum.

346 2509 380 2535 2.
407 2499 651 2546 PRAETBREA,
679 2498 796 2536 Eccli.
817 2510 840 2535 x
858 2498 880 2520 *
908 2498 1042 2535 dicitur
1079 2498 1184 2546 quod
1212 2498 1357 2535 initium

289 2552 488 2600 superbiae
515 2558 569 2588 est
593 2558 807 2600 apostatare
826 2564 849 2588 a
870 2552 964 2588 Deo.
994 2552 1097 2599 Ergo
1126 2553 1318 2601 apostasia
1337 2565 1358 2589 a

291 2606 376 2642 Deo
407 2613 463 2642 est
489 2605 594 2654 prius
622 2617 739 2654 quam
769 2604 960 2654 superbia.

292 2713 504 2748 secundum
534 2711 709 2748 ordinem
729 2711 926 2748 virtutum.
958 2711 1035 2748 Sed
1063 2711 1255 2748 humilitas
1281 2724 1359 2748 non

293 2772 349 2801 est
375 2764 500 2813 prima
527 2765 728 2802 virtutum:
768 2765 834 2802 sed
863 2764 984 2812 magis
1017 2765 1125 2802 fides.
1166 2766 1268 2813 Ergo
1298 2777 1358 2802 su-

291 2817 424 2867 perbia
453 2831 532 2855 non
562 2827 616 2855 est
643 2818 812 2867 primum
842 2826 1100 2867 peccatorum.

344 2882 382 2918 4.
413 2871 654 2918 PRAETEREA‚
686 2873 716 2908 Il
747 2872 798 2908 ad
828 2872 923 2908 Tim.
949 2884 984 2908 111
1008 2871 1039 2918 *,
1070 2871 1224 2909 dicitur:
1259 2871 1362 2908 Mali

291 2925 461 2962 homines
488 2930 525 2961 et
548 2925 761 2962 seductores
782 2925 991 2972 proficiunt
1016 2925 1053 2961 in
1078 2925 1208 2972 peius.-
1246 2932 1282 2961 et
1310 2925 1360 2962 ita

290 2977 443 3015 videtur
470 2979 576 3027 quod
613 2978 840 3027 principium
874 2978 1038 3015 malitiae
1077 2977 1243 3014 hominis
1281 2990 1359 3015 non

293 3030 338 3067 sit
357 3043 379 3067 a
398 3032 566 3068 maximo
595 3040 854 3080 peccatorum.
886 3032 963 3068 Sed
993 3031 1170 3080 superbia
1200 3039 1255 3067 est
1280 3044 1359 3068 ma-

291 3084 438 3121 ximum
475 3094 743 3134 peccatorum,
772 3093 813 3122 ut
851 3085 994 3122 dictum
1025 3092 1079 3121 est
1103 3084 1134 3121 ²¹².
1174 3085 1266 3120 Non
1305 3092 1360 3122 est

293 3136 403 3183 igitur
429 3138 599 3185 primum
628 3146 842 3187 peccatum.

351 3190 384 3226 5.
403 3190 637 3238 PRAETEREA,
659 3192 696 3229 id
726 3192 831 3239 quod
861 3199 916 3227 est
935 3191 1148 3228 secundum
1173 3202 1358 3239 apparen-
1386 3217 1388 3233 ἶ

294 3241 384 3278 tiam
415 3250 451 3278 et
477 3244 685 3291 fictionem,
716 3252 772 3281 est
799 3244 988 3294 posterius
1018 3256 1064 3280 eo
1093 3243 1198 3293 quod
1227 3251 1283 3280 est
1302 3257 1359 3281 εθ-
1386 3271 1387 3278 ,

295 3295 465 3332 cundum
492 3297 702 3335 veritatem.
734 3299 810 3335 Sed
839 3298 1095 3347 Philosophus
1124 3296 1223 3343 dicit,
1249 3297 1285 3334 in
1308 3298 1358 3334 ΙΙΙ
1386 3309 1387 3349 g

178 3369 184 3380 ,
210 3368 216 3375 ·
241 3364 268 3401 ᾗ
293 3347 413 3384 Ethic.
434 3347 465 3394 *,
496 3351 600 3396 quod
631 3353 812 3399 superbus
849 3357 904 3388 est
924 3352 1038 3398 fictor
1051 3350 1292 3400 fortitudinis
1326 3356 1360 3386 et
1386 3353 1387 3373 ³

294 3401 489 3438 audaciae.
528 3403 630 3450 Ergo
657 3403 791 3441 vitium
826 3404 1008 3441 audaciae
1047 3411 1102 3440 est
1133 3404 1238 3452 prius
1265 3403 1358 3440 vitio
1385 3421 1387 3455 3

1385 3460 1387 3475 ³
1415 3463 1470 3492 est
1507 3455 1674 3503 primum
1712 3454 1749 3490 in
1786 3454 2050 3502 generatione,
2081 3461 2136 3490 est
2172 3462 2411 3502 postremum
2441 3454 2477 3490 in

295 3453 507 3502 superbiae.

349 3568 376 3601 α)
397 3575 482 3593 nec.-
501 3567 562 3592 Om.
585 3567 752 3600 DEFLpCK,
771 3569 834 3601 quia
859 3575 911 3594 non
937 3571 1027 3595 omnia
1050 3571 1086 3600 133
1106 3578 1153 3595 nec
1178 3571 1304 3595 oriuntur
1324 3577 1361 3594 ex

296 3604 420 3636 superbia
439 3611 491 3628 orn.
511 3603 552 3628 ΑΙ.

475 2042 480 2052 «
503 2030 526 2055 D
542 2029 723 2055 εΕΡτιΜυΜ
742 2029 796 2055 sm
815 2029 1058 2055 PROCEmTUR.
1077 2017 1238 2056 Videtur
1253 2017 1358 2067 quod
1383 2017 1386 2046 l

1467 2018 1541 2055 SED
1561 2029 1708 2054 CONTRA
1727 2029 1794 2055 EST
1814 2018 1919 2067 quod
1939 2018 2075 2056 dicitur
2092 2020 2208 2057 Eccli.
2224 2032 2248 2057 x
2261 2019 2296 2057 *ε
2326 2021 2481 2059 Initium

1413 2071 1535 2108 omnis
1557 2071 1707 2120 peccati
1731 2072 1920 2120 superbia.

1467 2126 1694 2162 Rsssponnsso
1723 2137 1908 2162 Diei-:noum
1935 2126 2039 2173 quod
2067 2125 2158 2162 illud
2192 2127 2296 2174 quod
2331 2134 2388 2163 est
2414 2139 2483 2176 per

1414 2190 1476 2224 se,
1507 2186 1562 2215 est
1589 2178 1756 2227 primum
1787 2178 1824 2215 in
1853 2178 2024 2227 quolibet
2051 2190 2201 2226 genere.
2239 2179 2393 2216 Dictum
2429 2188 2484 2218 est

1413 2239 1543 2268 autem
1572 2243 1687 2280 supra
1705 2231 1725 2253 ’⁸
1753 2232 1859 2280 quod
1887 2232 2035 2269 aversio
2065 2244 2087 2268 a
2107 2232 2204 2278 Deo,
2226 2244 2324 2280 quae
2344 2233 2483 2271 forma—

1413 2284 1496 2326 liter
1524 2285 1692 2333 complet
1728 2285 1917 2322 rationem
1946 2285 2113 2334 peccati,
2142 2285 2303 2334 pertinet
2341 2286 2389 2324 ad
2423 2300 2483 2324 su-

1413 2338 1587 2386 perbiam
1616 2350 1685 2387 per
1713 2350 1770 2385 se,
1801 2338 1848 2375 ad
1877 2338 1950 2375 alia
1979 2346 2106 2375 autem
2134 2346 2291 2386 peccata
2320 2352 2365 2376 ex
2393 2352 2483 2377 con-

1414 2391 1600 2440 sequenti.
1640 2392 1689 2428 Et
1716 2391 1805 2428 inde
1839 2400 1895 2428 est
1932 2392 2038 2439 quod
2067 2391 2244 2440 superbia
2276 2392 2392 2429 habet
2426 2406 2483 2430 ra-

1414 2445 1558 2482 tionem
1578 2444 1692 2493 primi
1707 2444 1744 2490 ³¹⁶3
1767 2452 1803 2481 et
1822 2453 1878 2481 est
1897 2445 2010 2482 etiam
2027 2443 2042 2474 β
2060 2445 2287 2494 principium
2309 2446 2482 2484 omnium

1413 2507 1673 2548 peccatorum,
1694 2506 1735 2534 ut
1754 2510 1870 2547 supra
1887 2498 1907 2520 ’¹‘
1931 2498 2074 2535 dictum
2096 2506 2162 2545 est,
2184 2511 2270 2535 cum
2293 2500 2339 2536 de
2360 2501 2482 2537 causis
2511 2524 2519 2533 -

1414 2552 1559 2601 peccati
1597 2559 1785 2600 ageretur,
1817 2564 1862 2588 ex
1890 2560 1994 2600 parte
2033 2551 2260 2599 aversionis,
2290 2565 2388 2601 quae
2427 2561 2482 2590 est

1385 2633 1387 2638 ‚
1413 2605 1657 2654 principalior
1684 2605 1721 2641 in
1750 2613 1921 2654 peccato.

347 2659 382 2695 3.
409 2659 652 2705 PRAETEREA,
683 2659 777 2695 ordo
814 2666 1062 2707 peccatorum
1098 2667 1180 2694 ess'e
1208 2658 1359 2695 videtur
1385 2663 1387 2708 ζ

1467 2660 1526 2695 Αι)
1556 2671 1694 2696 Panium
1727 2670 1825 2695 ERGO
1865 2669 2048 2695 DICENDUM
2077 2658 2183 2706 quod
2212 2658 2390 2706 superbia
2428 2659 2481 2696 di-

1385 2710 1387 2758 s
1415 2712 1510 2749 citur
1529 2724 1612 2749 esse
1632 2712 1754 2749 omnis
1766 2713 1915 2761 peccati
1933 2711 2078 2747 initium
2097 2710 2128 2758 ²¹⁸,
2149 2723 2227 2747 non
2247 2711 2336 2759 quia
2361 2712 2482 2760 quod-

1414 2766 1504 2802 libet
1531 2773 1732 2814 peccatum
1767 2764 2002 2813 singulariter
2030 2776 2074 2800 ex
2103 2764 2280 2812 superbia
2317 2764 2479 2802 oriatur:

1386 2839 1387 2847 κ
1415 2819 1482 2856 sed
1512 2819 1600 2867 quia
1630 2818 1828 2867 quodlibet
1855 2830 1975 2866 genus
2012 2817 2158 2866 peccati
2191 2825 2323 2854 natum
2353 2825 2408 2854 est
2437 2830 2481 2854 ex

1415 2872 1595 2921 superbia
1625 2871 1725 2909 oriri.

1467 2928 1527 2962 AD
1547 2937 1738 2962 SECUNDUM
1763 2936 1947 2962 mcENDUM
1967 2923 2071 2973 quod
2101 2931 2316 2972 apostatare
2344 2935 2366 2959 a
2395 2924 2479 2959 Deo

1416 2979 1548 3016 dicitur
1569 2991 1650 3015 esse
1668 2977 1869 3027 superbiae
1888 2979 2080 3015 humanae
2097 2976 2256 3023 initium,
2274 2988 2351 3012 non
2372 2976 2480 3023 quasi

1386 3061 1388 3079 ς
1415 3032 1570 3080 aliquod
1595 3032 1696 3068 aliud
1724 3039 1925 3081 peccatum
1955 3044 1977 3067 a
2005 3030 2182 3079 superbia
2212 3030 2383 3076 existens,
2413 3029 2480 3066 sed

1416 3085 1503 3134 quia
1525 3093 1580 3122 est
1598 3086 1722 3134 prima
1742 3084 1941 3133 superbiae
1961 3096 2059 3132 pars.
2089 3083 2241 3119 Dictum
2264 3090 2318 3118 θεῖ
2341 3082 2441 3119 enim
2460 3082 2480 3104 '¹‘
2510 3084 2520 3094 ⁸

1386 3135 1388 3148 ἶ
1415 3138 1520 3187 quod
1549 3138 1725 3187 superbia
1754 3137 2007 3186 principaliter
2026 3136 2175 3184 respicit
2203 3135 2478 3172 subiectionem

1416 3192 1597 3237 divinam,
1615 3203 1730 3239 quam
1758 3190 1987 3226 contemnit:
2019 3201 2063 3225 ex
2083 3188 2330 3236 consequenti
2350 3196 2478 3225 autem

1416 3244 1624 3281 contemnit
1652 3243 1785 3280 subiici
1815 3250 2010 3279 creaturae
2038 3250 2194 3290 propter
2222 3242 2361 3278 Deum.

1468 3299 1526 3334 AD
1555 3308 1716 3334 TERTIUM
1750 3308 1935 3332 DICENDUM
1968 3295 2072 3343 quod
2101 3307 2180 3331 non
2218 3301 2368 3343 oportet
2397 3306 2478 3331 esse

1415 3349 1581 3386 eundem
1619 3349 1793 3386 ordinem
1821 3349 2003 3385 virtutum
2039 3355 2075 3384 et
2107 3347 2287 3384 vitiorum
2307 3346 2338 3384 ²⁸.
2376 3348 2479 3385 Nam

1413 3403 1549 3439 vitium
1579 3410 1635 3438 est
1663 3402 1923 3450 corruptivum
1952 3400 2110 3437 virtutis.
2145 3401 2188 3437 ld
2216 3408 2344 3438 autem
2374 3401 2479 3449 quod

1470 3569 1494 3602 β)
1515 3570 1604 3594 etiam.
1617 3583 1634 3587 —
1654 3569 1715 3593 Om.
1734 3568 1833 3594 BCDK.

2507 1173 2517 1183 ’
2522 1172 2545 1193 1·
2550 1171 2605 1198 11⁸⁸,
2611 1178 2719 1203 qn.1.xy1,

2507 1198 2718 1248 ffihssehfiiuissl

2508 1258 2525 1273 ιι
2541 1257 2593 1280 sqq.

2509 2035 2519 2045 ·
2532 2035 2599 2056 vers.
2615 2040 2643 2062 ¹5-

2510 2248 2520 2259 ⁸
2534 2248 2586 2269 Art.
2601 2248 2707 2276 praeced.

2510 2462 2519 2472 ⁸
2533 2461 2561 2483 D.
2576 2461 2623 2490 526.

2547 2523 2570 2544 1²
2596 2489 2654 2551 tliu,
2682 2529 2721 2552 qu.

2509 2556 2603 2578 mxxiv,
2617 2554 2657 2572 art.
2673 2556 2693 2572 2.

2509 2724 2519 2733 ⁸
2542 2722 2577 2744 Cf.
2601 2728 2649 2750 arg.
2673 2722 2722 2744 Sed

2507 2751 2600 2771 contra.

2508 3356 2517 3365 ⁸
2532 3356 2560 3377 D.
2575 3360 2639 3382 1003,
2658 3355 2719 3381 1028,

2507 3389 2561 3410 ¹¹79·
