2768 4198
318 305 390 341 362

315 383 456 415 videatur
483 393 555 424 pars
589 382 719 425 errare):
749 383 791 413 ita
819 382 899 412 circa
923 390 1018 411 usum
1042 380 1181 410 alearum
1206 386 1236 410 et
1259 379 1380 410 charta-

315 438 397 465 rum,
422 438 489 458 non
512 427 602 458 facile
627 427 757 457 dixerim
780 436 819 456 an
840 426 941 455 maior
957 434 1029 464 pars
1052 430 1160 464 peccet
1184 423 1314 454 utendo.
1340 422 1382 453 Et

315 472 438 503 videtur
461 472 550 513 quod
573 471 678 501 minor
701 481 771 510 pars
794 476 902 510 peccet
923 467 1107 499 mortaliter.
1132 468 1173 498 Et
1196 474 1381 508 propterea,

316 516 396 547 sicut
419 526 467 546 ars
490 516 544 546 illa
566 525 631 545 non
656 521 702 545 est
725 513 893 554 prohibita,
911 522 968 543 nec
987 512 1056 542 ista.
1082 512 1122 542 Et
1145 518 1311 552 propterea
1328 521 1381 541 ne-

314 561 456 600 gandum
478 560 602 589 videtur
625 559 713 599 quod
737 557 811 587 aleis
827 564 857 587 et
872 556 984 587 chartis
1003 556 1216 586 communiter
1234 555 1382 586 homines

315 611 443 634 utantur
466 605 505 634 ad
528 603 660 633 malurn.
691 601 846 639 Quamvis
869 600 965 631 etiam
996 600 1058 630 hoc
1082 610 1148 630 non
1172 607 1253 630 esset
1275 600 1380 639 impu-

314 648 448 678 tandum
471 646 595 678 artifici:
621 656 657 676 ex
680 655 746 686 quo
772 645 880 675 vendit
902 644 934 674 id
957 654 1024 684 quo
1045 651 1151 684 potest
1174 645 1253 674 bene
1278 644 1333 680 uti,
1350 650 1381 674 et

314 702 380 722 non
404 691 510 722 vendit
530 697 565 721 ut
583 690 665 720 male
689 695 829 726 utantur,
853 698 911 719 nec
928 688 985 719 scit
1001 698 1059 718 nec
1076 688 1232 719 discutere
1257 695 1382 719 tenetur

314 746 353 766 an
377 735 492 775 singuli
516 740 655 764 ementes
678 733 760 763 male
785 739 923 769 utantur,
941 742 1015 763 curn
1035 739 1158 763 constet
1181 732 1277 763 etiam
1292 732 1382 773 quod

314 779 405 810 multi
435 780 514 809 bene
543 784 685 808 utuntur.
717 777 790 808 Hoc
819 777 905 807 enim
933 776 1034 816 magis
1061 776 1185 807 videtur
1208 777 1248 807 ad
1272 786 1380 807 curam

313 823 460 862 principis
485 832 582 862 quarn
606 821 731 852 artificis
756 828 912 861 spectare:
944 821 1100 862 quoniam
1123 821 1180 851 iste
1209 821 1290 851 circa
1318 821 1381 851 sin-

311 867 403 906 gulos
426 872 575 902 versatur,
600 875 742 906 quorum
761 865 968 896 conscientias
985 864 1093 901 nescit,
1111 871 1142 896 et
1161 865 1200 895 ad
1220 875 1295 895 eum
1314 875 1380 895 non

312 916 429 950 spectat
453 920 560 940 curam
583 910 697 940 habere
721 910 903 940 communis
927 909 1023 945 boni;
1047 909 1100 940 ille
1116 916 1224 940 autem
1240 916 1382 940 versatur

312 955 391 985 circa
415 964 586 985 commune
610 955 734 985 bonum
757 955 807 985 vel
830 955 970 991 malum,
996 954 1085 995 quod
1115 963 1152 984 ex
1175 953 1380 985 multitudine

979 301 1247 349 QUAESTIO
1282 300 1456 348 CLXIX,
1485 301 1783 340 ARTICULUS
1813 303 1843 338 II

1435 379 1502 411 scit.
1527 381 1568 411 Et
1591 387 1757 421 propterea
1779 383 1901 411 Auctor
1923 380 1956 411 in
1978 381 2081 412 littera
2104 390 2170 411 non
2193 380 2356 415 damnavit
2374 379 2506 411 artifices

1434 423 1468 454 in
1492 423 1555 455 hoc
1578 434 1662 461 casu,
1687 425 1742 455 sed
1765 425 1950 465 principem.
1975 443 1996 448 -
2021 425 2103 455 Illud
2119 424 2206 455 enirn
2221 425 2358 461 adverte,
2381 424 2505 455 confes-

1436 476 1505 498 sor:
1530 469 1629 509 quod,
1654 469 1728 499 dato
1752 469 1842 509 quod
1857 469 2070 500 communiter
2093 468 2240 499 homines
2256 468 2322 500 istis
2337 468 2422 501 ludis
2438 475 2505 500 ute-

1435 518 1543 542 rentur
1566 512 1606 542 ad
1629 512 1763 550 malum,
1787 519 1818 543 et
1840 513 1930 554 quod
1946 513 2055 545 artifex
2070 523 2136 544 non
2152 519 2234 544 esset
2252 522 2362 552 expers
2377 512 2504 553 culpne3

1436 555 1512 596 quia
1535 562 1644 586 tamen
1665 556 1762 587 ludus
1778 556 1966 588 huiusmodi
1979 567 2047 589 non
2063 564 2110 588 est
2132 557 2312 588 secundum
2327 566 2420 588 suam
2436 567 2503 597 spe-

1436 600 1517 630 ciem
1533 600 1666 630 mortale
1682 607 1858 640 peccatum,
1875 601 1948 632 ideo
1963 602 2060 632 etiam
2074 611 2140 632 non
2156 608 2203 632 est
2218 601 2398 633 secundum
2413 610 2505 632 suam

1435 644 1572 684 speciem
1596 650 1764 684 peecatum
1786 645 1920 676 mortale
1943 645 2088 677 faciendo
2111 646 2194 676 aleas
2217 652 2248 676 et
2271 646 2403 677 chartas.

1491 688 1575 719 X111.
1600 689 1650 718 Ad
1678 693 1829 729 quartum
1859 689 1990 721 dubium
2008 690 2027 710 *
2054 689 2167 721 dicitur
2196 690 2286 731 quod
2314 689 2382 720 sine
2406 688 2504 719 dubio

1436 732 1658 763 adinventores
1682 732 1919 773 superfluorum
1942 741 1973 765 et
1995 733 2198 765 curiosorum
2221 741 2354 774 peccant
2376 732 2506 763 veniali-

1435 783 1491 807 ter.
1516 779 1639 807 Auctor
1662 783 1770 807 autem
1793 777 1945 817 apposuit
1965 777 1999 818 ly
2013 777 2125 818 sorte,
2150 778 2226 819 quia
2249 785 2358 819 posset
2381 777 2505 808 contin-

1434 830 1506 861 gere
1529 821 1620 861 quod
1642 831 1679 851 ex
1700 820 1879 852 rationabili
1900 831 1994 852 causa
2017 821 2194 854 invenitent
2209 832 2246 854 ea
2261 832 2344 864 quae
2359 821 2505 852 absolute

1435 871 1636 896 censerentur
1659 865 1819 905 superflua
1842 872 1873 896 et
1896 865 2031 896 curiosa.

1490 909 1549 940 Vel
1580 909 1751 940 dicendum
1779 909 1869 950 quod
1896 910 1929 950 ly
1949 909 2045 950 forte
2074 919 2141 941 non
2164 916 2212 941 est
2233 910 2424 947 dubitantis,
2448 909 2504 940 sed

1437 963 1547 984 casum
1570 953 1791 994 exprimentis:
1817 964 1853 985 ac
1876 953 1901 984 si
1924 954 2062 990 dixisset,
2087 955 2149 985 nisi
2171 955 2204 984 in
2228 963 2319 992 casu,
2342 961 2400 986 etc.
2422 954 2428 956 “

2533 691 2542 701 ·
2561 690 2633 712 Num.
2647 696 2677 712 ix.
