2768 4198
283 255 357 299 504

909 250 1178 298 QUAESTIO
1209 250 1456 297 CLXXXVI,
1487 251 1786 289 ARTICULUS
1817 253 1851 289 X

1083 403 1404 445 ARTICULUS
1444 402 1698 447 DECIMUS

443 504 597 534 UTRUM
622 501 875 532 REL1G1osus
898 500 1061 534 EODEM,
1077 499 1252 530 GENERE
1275 497 1464 530 PECCATI
1489 499 1678 532 GRAans
1701 502 1873 535 PECCET
1897 505 2025 543 QUAM
2049 505 2316 537 SAECULAms

966 580 1057 611 Supra,
1077 586 1121 610 qu.
1141 585 1257 606 cnxan,
1277 582 1324 602 art.
1343 575 1373 607 8;
1394 577 1439 602 Ad
1457 577 1532 607 Heb„
1553 586 1609 611 cap.
1628 587 1651 610 x,
1671 580 1729 606 lect.
1747 588 1786 606 111.

331 702 339 710 ,
366 678 371 690 1
398 688 439 710 ,ς
462 681 467 692 1
491 673 512 698 n
540 672 703 697 DECIMUM
724 671 777 696 stc
798 670 1042 696 moenum-ua.
1063 657 1224 694 Videtur
1242 659 1348 704 quod

419 711 455 730 '⁴³'
491 714 685 762 religiosus
725 713 865 750 eodem
902 724 1042 760 genere
1080 711 1227 760 peccati
1270 723 1348 747 non

396 785 410 816 ἢ
432 770 459 808 ‘6
474 763 641 816 gravius
664 775 798 816 peccet
817 778 934 816 quam
955 765 1172 803 saecularis.
1201 764 1349 802 Dicitur

365 810 592 858 ³''⁴¹enim
618 822 648 857 ll
669 821 838 869 Paralip.
858 832 931 856 xxx
949 819 989 856 *ε
1019 819 1210 856 Dominus
1229 820 1349 856 bonus

267 875 537 924 propitiabitur
570 875 712 912 cunctis
746 875 813 923 qui
839 875 876 911 in
906 879 980 910 toto
1010 874 1124 910 corde
1152 873 1351 921 requirunt

274 929 482 966 Dominum
511 929 637 965 Deum
661 933 819 977 patrum
847 939 1024 973 suorum,
1059 933 1096 964 et
1122 939 1197 964 non
1226 927 1348 975 impu-

272 982 412 1019 tabitur
429 983 482 1019 eis
500 982 602 1031 quod
620 983 745 1019 minus
762 982 988 1030 sanctificati
1003 987 1100 1018 sunt.
1129 980 1205 1018 Sed
1226 980 1348 1028 magis

271 1036 450 1073 videntur
478 1036 641 1084 religiosi
671 1049 715 1073 ex
735 1043 815 1073 toto
837 1035 954 1073 corde
983 1035 1197 1072 Dominum
1218 1035 1346 1071 Deum

271 1098 423 1138 patrum
453 1102 613 1127 suorum
650 1089 758 1139 sequi
796 1102 915 1139 quarn
949 1089 1174 1137 saeculares,
1205 1088 1269 1137 qui
1303 1100 1348 1124 ex

271 1151 379 1193 parte
398 1156 439 1180 se
456 1151 493 1181 et
507 1156 576 1181 sua
591 1145 678 1181 Deo
695 1145 786 1182 dant
805 1151 841 1180 et
861 1155 906 1180 ex
921 1151 1028 1192 parte
1049 1142 1118 1180 sibi
1139 1149 1347 1189 reservant,

32 1206 135 1254 sii>¹⁰¹¹i⁵1''
149 1205 245 1253 {1233}-
271 1205 312 1235 ut
341 1197 548 1245 Gregorius
577 1197 682 1245 dicit,
711 1209 825 1246 super
851 1198 986 1246 E{30h·
1007 1196 1027 1218 ’¹‘
1065 1197 1168 1245 Ergo
1196 1196 1349 1234 videtur

31 1249 78 1281 vni⁴
128 1249 133 1258 ’
239 1246 245 1253 ’
271 1251 378 1300 quod
407 1251 533 1288 minus
561 1251 771 1300 imputetur
800 1251 853 1288 eis
882 1251 911 1288 si
940 1250 978 1287 in
1003 1250 1130 1300 aliquo
1161 1263 1182 1287 a
1211 1250 1348 1287 sancti-

272 1305 450 1343 ficatione
482 1305 673 1342 deficiant.

327 1371 362 1396 2.
384 1359 623 1406 PRAETEREA,
654 1371 699 1395 ex
728 1359 804 1395 hoc
823 1359 928 1407 quod
950 1357 1086 1407 aliquis
1106 1358 1210 1394 bona
1229 1370 1348 1406 opera

271 1413 377 1461 facit,
407 1413 534 1450 minus
564 1420 696 1450 contra
725 1420 882 1461 peccata
912 1412 993 1448 eius
1022 1413 1127 1448 Deus
1156 1411 1346 1448 irascitur:

272 1466 409 1503 dicitur
438 1467 540 1504 enim
572 1468 602 1503 11
623 1466 791 1515 Paralip.
811 1478 874 1503 X1x
892 1465 930 1502 *z
959 1465 1083 1515 Impio
1097 1466 1260 1514 praebes
1279 1478 1347 1503 au-

270 1521 419 1566 xilium,
449 1526 485 1558 et
510 1520 568 1557 his
587 1521 654 1569 qui
671 1520 832 1557 oderunt
849 1520 1059 1557 Dominum
1079 1519 1246 1556 amicitia
1266 1520 1348 1557 iun-

270 1575 386 1624 geris,
416 1580 453 1610 et
479 1574 618 1611 idcirco
647 1574 746 1611 iram
775 1573 924 1622 quidem
949 1574 1105 1610 Domini
1122 1574 1347 1611 merebaris:

269 1629 336 1665 sed
362 1629 462 1665 bona
491 1639 607 1677 opera
637 1628 788 1664 inventa
815 1632 904 1663 sunt
929 1627 966 1663 in
996 1633 1041 1663 te.
1072 1627 1251 1674 Religiosi
1281 1640 1347 1664 au-

270 1689 348 1718 tem
378 1682 489 1730 plura
519 1682 623 1718 bona
652 1693 770 1729 opera
800 1681 941 1717 faciunt
970 1692 1087 1728 quam
1118 1681 1344 1718 saeculares.

271 1736 385 1782 Ergo,
414 1734 443 1771 si
472 1735 596 1783 aliqua
625 1742 782 1783 peccata
803 1734 956 1780 faciunt,
978 1733 1105 1770 minus
1126 1741 1258 1771 contra
1279 1746 1346 1771 eos

270 1790 377 1826 Deus
406 1788 591 1824 irascitur.

325 1844 359 1879 3.
387 1842 623 1887 PRAETEREA,
654 1853 836 1889 praesens
865 1841 943 1878 vita
971 1840 1053 1878 sine
1083 1848 1240 1889 peccato
1266 1853 1344 1879 non

269 1895 502 1943 transigitur:
542 1895 756 1932 secundum
791 1894 881 1932 illud
918 1895 991 1932 lac.
1019 1907 1054 1931 111
1074 1894 1114 1931 *ε
1144 1895 1190 1931 In
1220 1895 1346 1932 multis

268 1949 495 2000 offendimus
524 1961 665 1986 omneS.
703 1949 742 1986 Si
772 1961 864 1997 ergo
893 1956 1050 1997 peccata
1079 1948 1343 1996 religiosorum

269 2011 394 2040 essent
422 2002 598 2051 graviora
626 2003 790 2052 peccatis
818 2002 1091 2049 saecularium,
1122 2010 1346 2052 sequeretur

268 2057 373 2106 quod
412 2056 574 2105 religiosi
612 2065 739 2094 essent
775 2056 917 2106 peioris
956 2056 1185 2094 conditionis
1227 2069 1344 2106 quarn

268 2111 494 2148 saeculares.
526 2111 574 2148 Et
603 2110 657 2147 sic
685 2123 764 2148 non
794 2118 893 2148 esset
912 2123 1050 2148 sanum
1072 2110 1274 2148 consilium
1296 2111 1344 2149 ad

270 2165 493 2213 religionem
523 2164 694 2201 transire.

323 2219 398 2256 SED
427 2230 575 2255 CONTRA
608 2230 674 2255 EST
703 2218 809 2267 quod
845 2218 892 2255 de
922 2218 1060 2255 maiori
1090 2219 1194 2255 malo
1223 2218 1344 2266 magis

127 2277 144 2294 ⁶¹
270 2277 397 2309 esset²
418 2271 642 2309 dolendum.
665 2272 741 2309 Sed
763 2271 810 2309 de
830 2271 995 2320 peccatis
1016 2283 1152 2309 eorum
1172 2271 1237 2320 qui
1259 2280 1346 2309 sunt

269 2326 308 2362 in
332 2333 431 2362 statu
451 2325 655 2362 sanctitatis
676 2333 711 2362 et
731 2325 985 2374 perfectionis,
1007 2325 1175 2362 maxime
1194 2325 1346 2363 videtur

272 2391 354 2416 esse
375 2379 608 2416 dolendum:
640 2378 775 2415 dicitur
795 2378 897 2415 enim
918 2379 1052 2415 Ierem.
1073 2391 1158 2416 xx111
1177 2377 1213 2415 *z
1249 2379 1346 2416 Con-

271 2433 399 2469 tritum
428 2438 483 2469 est
508 2444 576 2469 cor
603 2444 730 2469 meum
759 2433 796 2469 in
826 2432 950 2469 medio
985 2432 1079 2476 mei,·
1109 2439 1145 2469 et
1172 2440 1307 2480 postea
1325 2433 1346 2455 *

272 2486 420 2524 subdit:
450 2486 639 2535 Propheta
659 2497 825 2534 namque
843 2491 880 2523 et
895 2485 1072 2523 sacerdos
1093 2485 1232 2534 polluti
1247 2493 1345 2533 sunt,

271 2546 305 2577 et
332 2541 369 2576 in
399 2539 512 2576 domo
541 2551 627 2577 mea
655 2540 735 2577 vidi
760 2539 904 2577 malum
934 2551 1080 2577 eorum.
1120 2540 1223 2588 Ergo
1262 2540 1345 2577 reli-

270 2593 378 2642 giosi,
410 2600 446 2630 et
474 2592 533 2630 alii
564 2593 628 2643 qui
649 2600 737 2630 sunt
760 2592 798 2630 in
818 2601 916 2630 statu
936 2592 1191 2643 perfectionis,
1213 2594 1346 2631 ceteris

271 2647 439 2696 paribus,
469 2647 622 2694 gravius
651 2654 823 2696 peccant.

32 1471 42 1481 ⁸
57 1470 122 1491 Vers.
137 1476 157 1498 2,
172 1477 191 1499 3,

29 1902 39 1912 “
53 1902 118 1924 Vers.
134 1907 153 1923 2.

29 2382 39 2391 ⁵
54 2380 121 2402 Vere.
139 2386 161 2408 9.

30 2436 39 2445 ⁸
54 2434 120 2456 Vers.
136 2439 161 2455 n.

326 2702 553 2738 Respouoso
588 2713 774 2738 mCENDUM
808 2700 915 2749 quod
948 2708 1151 2749 peccatum
1187 2701 1293 2750 quod
1322 2714 1343 2738 a

271 2754 452 2803 religiosis
481 2754 741 2801 committitur,
763 2762 889 2803 potest
909 2766 992 2791 esse
1011 2754 1166 2803 gravius
1184 2762 1344 2804 peccato

271 2807 523 2846 saecularium
537 2808 708 2846 eiusdem
726 2807 880 2857 speciei,
892 2808 1095 2857 tripliciter.
1111 2808 1200 2846 Uno
1210 2810 1342 2856 modo,

271 2862 300 2899 si
330 2862 375 2899 sit
405 2869 537 2899 contra
564 2870 701 2899 votum
731 2861 941 2910 religionis,
971 2869 1063 2911 puta
1092 2862 1122 2899 si
1147 2862 1344 2911 religiosus

270 2915 476 2953 fornicetur
490 2916 552 2952 vel
570 2916 733 2953 furetur:
754 2915 844 2966 quia
859 2915 1084 2953 fornicando
1105 2916 1192 2953 facit
1212 2924 1343 2954 contra

270 2978 407 3006 votum
437 2969 703 3015 continentiae,
735 2977 771 3006 et
799 2969 961 3006 furando
992 2969 1080 3006 facit
1114 2978 1247 3007 contra
1274 2982 1344 3007 vo-

271 3032 352 3060 tum
388 3023 641 3072 paupertatis,
673 3031 709 3060 et
745 3035 823 3060 non
859 3023 984 3060 solum
1023 3031 1154 3060 contra
1189 3035 1343 3073 praece-

271 3084 379 3125 ptum
410 3076 562 3114 divinae
591 3076 694 3125 legis.
725 3098 749 3104 -
779 3077 973 3124 Secundo,
1004 3077 1034 3113 si
1055 3089 1099 3114 ex
1121 3085 1342 3127 contemptu

271 3138 422 3179 peccet:
453 3129 543 3179 quia
572 3142 617 3167 ex
645 3131 719 3167 hoc
748 3130 900 3168 videtur
929 3143 1013 3168 esse
1033 3130 1155 3179 magis
1174 3131 1343 3180 ingratus

272 3183 410 3220 divinis
438 3183 651 3230 beneficiis,
681 3183 822 3233 quibus
852 3191 908 3221 est
935 3184 1162 3222 sublimatus
1190 3185 1240 3222 ad
1270 3193 1342 3223 sta-

272 3244 353 3273 tum
382 3237 636 3286 perfectionis.
668 3237 774 3274 Sicut
801 3239 1010 3286 Apostolus
1032 3237 1131 3284 dicit,
1150 3238 1252 3276 Heb.
1273 3238 1342 3286 x*‚

274 3290 377 3338 quod
406 3290 530 3328 fidelis
557 3290 743 3340 graviora
772 3297 939 3328 meretur
965 3292 1164 3341 supplicia,
1196 3304 1240 3329 ex
1268 3293 1343 3330 hoc

274 3344 391 3390 quod,
420 3344 632 3392 peccando,
661 3345 801 3382 Filium
829 3346 905 3382 Dei
931 3345 1128 3383 conculcat
1154 3357 1224 3395 per
1252 3358 1341 3384 con-

273 3404 473 3445 temptum.
502 3397 614 3436 Unde
640 3406 676 3435 et
695 3398 887 3436 Dominus
917 3399 1174 3448 conqueritur,
1205 3400 1340 3438 Ierem.

32 3295 41 3304 ⁵
58 3293 122 3315 Vera.
138 3300 175 3322 ²9·

328 3535 355 3567 α)
375 3538 450 3560 esset.
463 3549 481 3554 —
493 3538 539 3560 -est
557 3535 624 3566 HIL,
644 3536 750 3561 videtur
769 3543 824 3562 esse
844 3537 890 3562 Pa.

328 3570 352 3603 β)
372 3570 510 3596 adulterii.
522 3584 541 3590 -
559 3570 772 3596 adulterantium
793 3572 821 3597 Ρ.

327 3608 353 3640 γ)
372 3610 497 3632 erectam.
509 3620 528 3625 -
546 3609 647 3631 rectam
668 3607 695 3631 Ρ.

1402 669 1438 693 xi
1457 656 1498 694 *τ
1532 658 1633 700 Quid
1658 665 1712 696 est
1739 661 1842 708 quod
1867 662 2020 700 dilectus
2048 676 2154 701 meus
2182 665 2220 702 in
2249 665 2361 702 domo
2391 678 2476 704 mea

1391 711 1496 758 facit
1525 712 1668 749 scelera
1697 714 1847 752 multa?
1875 736 1899 743 —
1929 716 2062 754 Tertio
2091 718 2234 766 modo,
2273 714 2475 768 peccatum

1403 764 1566 812 religiosi
1604 774 1729 815 potest
1765 780 1847 805 esse
1886 769 2010 807 maius
2044 779 2201 820 propter
2229 774 2475 811 scandalum:

1403 818 1493 866 quia
1522 819 1571 856 ad
1597 820 1718 857 vitam
1748 821 1828 859 eius
1857 823 1985 871 plures
2014 824 2231 873 respiciunt.
2275 827 2387 864 Unde
2422 827 2477 865 di-

1403 871 1498 908 citur
1527 873 1662 910 Ierem.
1688 887 1773 912 xxm
1793 875 1834 912 *z
1868 877 1915 913 In
1943 878 2136 926 prophetis
2163 880 2372 918 Ierusalem
2401 882 2480 918 vidi
2505 889 2643 918 ‘Vero-¹4·

1401 925 1682 964 similitudinem
1711 928 1889 966 adulterii
1905 928 1921 959 β
1949 936 1984 967 et
2001 931 2072 968 iter
2098 932 2306 970 mendacii:
2335 939 2371 971 et
2388 946 2478 972 con·
2603 943 2619 978 β

1389 980 1644 1027 fortaverunt
1670 994 1807 1020 manus
1830 984 2096 1032 pessimorum,
2119 991 2160 1022 ut
2180 999 2256 1024 non
2285 994 2477 1026 converte·

1403 1039 1508 1069 retur
1537 1036 1791 1085 unusquisque
1818 1049 1842 1074 a
1871 1037 2016 1075 malitia
2042 1051 2125 1076 sua.

1458 1087 1497 1124 Si
1526 1100 1621 1125 vero
1651 1089 1850 1138 religiosus
1878 1103 1958 1128 non
1988 1104 2033 1129 ex
2062 1100 2304 1142 contemptu,
2333 1095 2402 1132 sed
2432 1107 2478 1132 ex

1402 1139 1622 1179 infirmitate
1641 1143 1703 1180 vel
1723 1143 1945 1192 ignorantia,
1967 1145 2123 1194 aliquod
2146 1155 2348 1196 peccatum
2372 1148 2477 1197 quod

1402 1207 1482 1231 non
1518 1203 1575 1232 est
1608 1204 1738 1234 contra
1767 1205 1904 1236 votum
1940 1212 2032 1236 suae
2068 1200 2337 1250 professionis,
2372 1214 2478 1239 corn-

1402 1248 1515 1286 mittit
1547 1250 1694 1299 absque
1731 1252 1932 1299 scandalo,
1962 1261 2054 1302 puta
2083 1254 2121 1291 in
2156 1256 2326 1302 occulto,
2355 1255 2478 1293 levius

1401 1310 1536 1351 peccat
1570 1305 1709 1341 eodem
1745 1317 1885 1353 genere
1922 1307 2069 1355 peccati
2107 1320 2225 1357 quam
2259 1310 2476 1347 saecularis.

1403 1356 1505 1403 Quia
1534 1366 1735 1406 peccatum
1756 1359 1848 1406 eius,
1870 1359 1902 1397 si
1921 1359 1968 1397 sit
1992 1362 2090 1408 leve,
2112 1361 2220 1411 quasi
2249 1363 2479 1400 absorbetur

1403 1422 1448 1447 ex
1484 1411 1611 1448 multis
1646 1412 1757 1449 bonis
1793 1413 1976 1462 operibus
2011 1427 2111 1463 quae
2150 1415 2248 1453 facit.
2289 1417 2339 1454 Et
2371 1416 2401 1454 si
2431 1418 2479 1454 sit

1403 1466 1577 1512 mortale,
1607 1465 1752 1503 facilius
1781 1467 1829 1504 ab
1860 1480 1906 1504 eo
1936 1468 2105 1517 resurgit.
2141 1469 2272 1507 Primo
2301 1471 2475 1520 quidem,

1402 1526 1559 1567 propter
1596 1518 1848 1557 intentionem
1887 1534 2005 1570 quam
2043 1523 2158 1560 habet
2196 1531 2363 1561 erectam
2383 1529 2398 1552 Υ
2427 1524 2478 1563 ad
2602 1535 2620 1562 τ

1402 1572 1550 1610 Deum:
1581 1585 1694 1621 quae,
1725 1574 1792 1611 etsi
1821 1575 1869 1612 ad
1898 1576 2035 1612 horam
2056 1575 2325 1626 intercipiatur,
2355 1577 2402 1615 de
2423 1578 2479 1616 fa-

1402 1625 1460 1662 cili
1476 1626 1524 1663 ad
1540 1626 1696 1675 pristina
1712 1636 1920 1676 reparatur.
1932 1629 2044 1667 Unde
2061 1630 2279 1679 superillud
2295 1631 2475 1680 Psalmi*,

1405 1680 1501 1716 Cum
1522 1680 1697 1717 ceciderit
1715 1693 1790 1718 non
1810 1682 2017 1730 collidetur,
2038 1683 2127 1721 dicit
2147 1684 2334 1732 Origenes
2353 1684 2392 1722 *z
2412 1686 2477 1723 In-

1401 1733 1518 1769 iustus
1548 1733 1583 1769 si
1610 1735 1845 1782 peccaverit,
1881 1748 1956 1773 non
1991 1738 2176 1786 poenitet,
2211 1744 2249 1775 et
2273 1744 2476 1787 peccalum

1399 1798 1510 1822 suum
1544 1787 1748 1824 emendare
1781 1789 1905 1826 nescit.
1944 1790 2070 1826 Iustus
2097 1796 2224 1828 autem
2251 1792 2321 1829 scit
2350 1804 2476 1830 emen·

1400 1840 1589 1885 dare,·scit
1607 1841 1824 1891 corrigere:
1842 1842 1938 1879 sicut
1956 1843 2018 1880 ille
2036 1844 2103 1892 qui
2121 1844 2282 1891 dixerat,
2301 1860 2320 1878 «
2333 1845 2476 1884 Nescio

1399 1893 1591 1930 hominem
1615 1910 1657 1940 »,
1682 1895 1801 1943 paulo
1824 1901 1930 1944 post,
1959 1908 2047 1933 cum
2076 1903 2263 1947 respectus
2291 1899 2427 1946 fuisset
2451 1910 2477 1936 a

1399 1947 1588 1994 Domino,
1606 1948 1708 1997 flere
1735 1949 1856 1997 coepit
1882 1950 2144 1996 amarissime‚·
2179 1957 2216 1988 et
2241 1951 2303 1989 ille
2339 1953 2407 2001 qui
2430 1952 2480 1990 de

1399 2006 1492 2038 tecto
1531 2001 1727 2039 mulierem
1755 2003 1904 2041 viderat
1934 2009 1971 2041 et
2002 2005 2248 2054 concupierat
2277 2017 2384 2053 eam,
2423 2006 2477 2044 di-

1399 2066 1485 2092 cere
1505 2056 1608 2093 novit
1621 2053 1646 2102 ὅ,
1670 2072 1688 2089 «
1703 2057 1866 2094 Peccavi
1882 2063 1918 2094 et
1936 2058 2081 2095 malum
2101 2070 2234 2097 coram
2253 2065 2288 2096 te
2294 2060 2382 2108 feci
2397 2075 2430 2098 ›.
2451 2081 2476 2089 -
2604 2063 2620 2090 ὃ

1401 2110 1557 2146 Iuvatur
1593 2109 1705 2147 etiam
1734 2122 1755 2147 a
1780 2110 1893 2148 sociis
1929 2111 1979 2149 ad
2015 2113 2312 2161 resurgendum:
2342 2125 2478 2153 secun-

1400 2162 1493 2200 dum
1523 2163 1613 2200 illud
1640 2164 1766 2201 Eccle.
1796 2176 1832 2201 1v
1850 2164 1886 2202 *ε
1925 2165 1968 2202 Si
1994 2178 2091 2204 unus
2118 2167 2313 2214 ceciderit,
2342 2168 2392 2205 ab
2419 2167 2476 2206 al-

1399 2222 1478 2253 tero
1504 2217 1702 2266 fulcietur.
1740 2218 1818 2255 Vae
1843 2219 1935 2256 soli:
1964 2220 2066 2268 quia,
2094 2220 2129 2257 si
2145 2225 2158 2242 ⁸
2186 2221 2370 2268 ceciderit,
2400 2233 2476 2260 non
2604 2232 2616 2250 ⁸

1398 2271 1510 2307 habet
1535 2270 1805 2308 sublevantem.

1452 2326 1511 2361 An
1541 2336 1681 2362 ptumum
1705 2336 1804 2362 ERGO
1829 2337 2017 2363 memnon
2046 2327 2153 2375 quod
2181 2327 2386 2366 auctoritas
2414 2328 2478 2367 illa

1398 2377 1565 2426 loquitur
1594 2378 1641 2415 de
1669 2377 1728 2415 his
1757 2391 1856 2427 quae
1889 2391 1959 2428 per
1987 2379 2249 2418 infirmitatem
2278 2382 2341 2418 vel
2368 2381 2476 2430 igno-

1400 2431 1562 2469 rantiam
1592 2432 1903 2469 committuntur:
1939 2445 2018 2470 non
2047 2442 2177 2471 autem
2207 2434 2257 2472 de
2289 2434 2347 2472 his
2375 2447 2476 2484 quae

1400 2493 1692 2522 committuntur
1720 2498 1788 2535 per
1816 2494 2095 2536 contemptum.

1455 2541 1512 2576 An
1540 2551 1734 2577 SECUNDUM
1762 2551 1949 2578 meramnum
1987 2541 2093 2589 quod
2128 2541 2309 2591 Iosaphat
2337 2542 2475 2590 etiarn,

1399 2592 1459 2630 cui
1487 2593 1608 2630 verba
1637 2593 1700 2630 illa
1728 2592 1926 2641 dicuntur,
1956 2606 2035 2632 non
2065 2606 2110 2632 ex
2139 2594 2302 2643 malitia,
2332 2595 2401 2633 sed
2431 2607 2477 2634 ex

1398 2648 1568 2696 quadam
1591 2646 1809 2684 infirmitate
1830 2648 2024 2686 humanae
2045 2647 2260 2686 affectionis
2288 2649 2475 2698 peccavit.

1450 2702 1510 2738 An
1539 2712 1701 2738 TERTmM
1722 2712 1910 2739 memnon
1939 2702 2046 2751 quod
2075 2701 2162 2740 iusti
2190 2714 2269 2740 non
2299 2702 2348 2740 de
2376 2702 2477 2741 facili

1398 2762 1560 2803 peccant
1589 2766 1633 2791 ex
1659 2763 1904 2804 contemptu:
1934 2756 2002 2793 sed
2031 2757 2267 2807 quandoque
2296 2756 2477 2794 labuntur

1397 2808 1435 2845 in
1461 2808 1617 2858 aliquod
1637 2816 1839 2857 peccatum
1862 2821 1907 2846 ex
1927 2809 2140 2858 ignorantia
2158 2810 2221 2847 vel
2241 2809 2472 2858 infirmitate,

1398 2875 1420 2899 a
1449 2875 1528 2911 quo
1558 2862 1605 2900 de
1627 2862 1725 2900 facili
1755 2863 1982 2900 relevantur.
2014 2863 2054 2901 Si
2074 2870 2204 2901 autem
2225 2863 2274 2902 ad
2294 2863 2369 2901 hoc
2387 2875 2472 2913 per-

1396 2916 1554 2954 veniant
1587 2916 1694 2965 quod
1724 2928 1770 2953 ex
1799 2924 2022 2966 contemptu
2051 2924 2225 2966 peccent,
2254 2916 2475 2956 efficiuntur

1396 2970 1550 3018 pessimi
1575 2978 1612 3007 et
1636 2969 1802 3007 maxime
1822 2970 2117 3019 incorrigibiles:
2146 2969 2360 3008 secundum
2381 2970 2473 3009 illud

1398 3024 1533 3061 Ierem.
1556 3035 1578 3061 11
1598 3023 1637 3061 *z
1673 3024 1907 3074 Confregisti
1925 3025 2072 3074 iugum,
2101 3023 2289 3072 diripuisti
2305 3024 2472 3072 vincula,

1397 3078 1543 3124 dixisti,
1567 3092 1586 3110 α
1604 3078 1696 3115 Νοη
1716 3077 1881 3115 serviam
1900 3093 1934 3115 2.
1954 3078 2001 3115 In
2021 3077 2128 3115 omni
2143 3076 2238 3114 colle
2254 3078 2418 3124 sublimi,
2438 3084 2476 3116 et

1395 3133 1465 3169 sub
1494 3131 1600 3168 omni
1625 3131 1731 3182 ligno
1753 3131 1969 3180 frondoso,
1999 3135 2037 3167 tu
2059 3131 2368 3180 prosternabaris
2395 3144 2473 3170 me·

1397 3186 1528 3222 retrix.
1558 3184 1670 3223 Unde
1692 3184 1929 3233 Augustinus
1949 3183 2049 3230 dicit,
2071 3183 2109 3221 in
2129 3183 2302 3233 Epistola
2321 3185 2374 3223 ad
2389 3186 2472 3223 Ple-

1397 3240 1481 3276 bem
1509 3239 1747 3288 Hipponens.
1767 3237 1809 3274 *ε
1846 3238 1912 3274 Ex
1938 3248 2012 3286 quo
2050 3238 2134 3274 Deo
2165 3238 2310 3276 servire
2343 3240 2470 3289 coepi,
2497 3237 2712 3288 ffl’ffissffl'v

1397 3292 1586 3341 quomodo
1606 3291 1759 3341 difficile
1775 3302 1860 3328 sum
1878 3296 2055 3339 expertus
2075 3291 2248 3329 meliores
2271 3303 2387 3341 quam
2407 3293 2474 3342 qui

1398 3347 1435 3384 in
1465 3345 1703 3383 monasteriis
1722 3344 1980 3393 profecerunt,
2002 3344 2053 3381 ita
2078 3357 2152 3382 non
2181 3357 2264 3383 sum
2294 3352 2471 3395 expertus

1391 3399 1541 3449 peiores
1569 3409 1684 3447 quam
1713 3396 1780 3446 qui
1802 3397 1839 3434 in
1868 3398 2106 3436 monasteriis
2134 3399 2360 3437 ceciderunt.

2504 679 2514 689 ⁸
2527 678 2594 701 Vere.
2610 685 2638 707 ¹5-

2503 1618 2717 1664 ’Pu-xxxvaven.

2503 1668 2621 1713 34fimum.
2641 1689 2676 1712 w
2692 1690 2717 1712 {n

2503 1717 2589 1740 Palm.
2604 1722 2684 1739 mn.

2504 2178 2514 2188 ⁰
2529 2177 2596 2200 Vm.
2611 2167 2643 2200 ro.

2500 3032 2510 3042 ·
2524 3030 2592 3054 ven.
2607 3037 2643 3054 ιο.

1452 3535 1478 3571 ὃ)
1498 3537 1612 3562 novit·
1630 3536 1714 3561 voluit
1733 3536 1963 3563 PABCDEFKLa.

1452 3573 1474 3604 ι)
1494 3573 1565 3605 quia,
1579 3572 1610 3597 si.
1622 3585 1642 3591 -
1659 3572 1683 3597 si
1701 3572 1832 3605 ΒΕΡΗρΚ
1849 3578 1874 3598 et
1892 3580 1917 3605 a,
1933 3573 1996 3606 quia
2014 3581 2074 3600 cum
2088 3574 2116 3604 P,
2132 3579 2161 3599 ut
2179 3581 2229 3599 nos
2247 3573 2272 3599 G
2279 3582 2286 3606 ;
2307 3579 2367 3608 post
2385 3574 2471 3600 suble-

1399 3610 1506 3633 vantem
1526 3607 1545 3632 Ρ
1565 3607 1634 3633 addit
1649 3614 1684 3633 se.
