2768 4198
307 306 381 342 328

981 303 1247 351 QUAEsrio
1278 302 1450 348 CLXIII,
1480 302 1778 340 ARTlcULUS
1809 290 1835 338 1‘

513 548 924 628 QUAESTIO
966 545 2300 603 CENTESIMASEXAGESIMATERTIA
2356 509 2358 515 Α

957 666 1040 706 DE
1074 665 1355 706 PECCATO
1391 666 1554 705 PRIMI
1589 665 1843 708 HOMINIS

1107 782 1142 807 IN
1163 781 1337 812 QUATUOR
1355 781 1559 807 ARTICULOS
1578 782 1695 807 DIVISA

392 890 499 916 ElNDE
537 876 858 914 considerandum
893 884 950 913 est
988 877 1035 914 de
1073 883 1232 924 peccato
1261 875 1374 924 primi
1402 875 1404 900 ῗ

70 944 80 954 ·
99 942 134 964 ef·
154 948 193 969 qu·
212 947 286 969 cun,
391 931 569 978 hominis,
594 930 699 980 quod
728 930 797 967 fuit
821 941 890 979 per
913 929 1133 978 superbiam
1152 928 1185 966 ²⁸.
1222 930 1270 966 Et
1300 928 1375 978 pri·
1402 924 1403 930 ’

310 997 395 1031 1110,
426 985 473 1022 de
502 992 659 1033 peccato
690 983 791 1029 eius;
826 983 1014 1029 secundo,
1045 983 1091 1020 de
1126 994 1254 1032 poena
1288 994 1376 1031 pec·
1402 977 1404 1016 l

70 969 157 991 Introd.

70 1048 234 1075 *Qu-cmv·
309 1038 379 1075 cati
399 1038 434 1084 *3
464 1037 594 1084 tertio,
625 1038 672 1074 de
700 1037 907 1074 tentatione
936 1048 1012 1085 qua
1040 1035 1215 1074 inductus
1244 1043 1299 1073 est
1327 1035 1375 1072 ad

308 1092 548 1140 peccandum
567 1090 599 1128 ²¹³.

309 1145 422 1182 Circa
449 1144 617 1194 primum
645 1151 880 1192 quaeruntur
906 1150 1082 1192 quatuor.

70 1106 81 1116 ⁸
95 1105 141 1132 Qu.
156 1110 220 1125 ccxv.

362 1198 509 1235 Primo:
529 1204 658 1234 utrum
677 1197 846 1246 primum
866 1204 1067 1246 peccatum
1086 1195 1254 1232 hominis
1269 1194 1379 1232 fuerit

415 1251 605 1301 superbia.

1485 877 1685 914 Secundo:
1716 876 1810 924 quid
1838 876 1986 925 primus
2013 877 2135 915 homo
2163 878 2361 927 peccando
2382 891 2499 928 appe-

1537 948 1646 985 tierit.

1484 1021 1638 1058 Tertio:
1675 1029 1804 1058 utrum
1844 1020 1925 1058 eius
1962 1029 2163 1070 peccatum
2201 1022 2311 1060 fuerit
2346 1023 2500 1072 gravius

1538 1098 1718 1135 omnibus
1748 1097 1828 1135 aliis
1855 1097 2035 1146 peccatis.

1486 1176 1655 1223 Quarto:
1695 1174 1778 1224 quis
1805 1175 1892 1223 plus
1929 1173 2166 1222 peccaverit,
2194 1181 2323 1210 utrum
2351 1174 2412 1211 vir
2438 1175 2502 1212 vel

1539 1245 1687 1283 mulier.

2436 1315 2454 1324 κ

1129 1357 1448 1400 ARTICULUS
1480 1355 1687 1399 PRIMUS

814 1453 971 1484 uTRuM
993 1452 1202 1484 SUPERBIA
1225 1451 1386 1483 FUERIT
1410 1451 1527 1482 PRIMI
1551 1450 1733 1482 HOM1Nis
1756 1450 1996 1482 PECCATUM

463 1535 554 1567 Supra,
574 1541 618 1567 qu.
638 1541 680 1565 cv,
700 1539 746 1559 art.
768 1540 791 1564 2,
811 1533 843 1558 ad
863 1533 891 1564 35
912 1532 934 1557 1·
954 1532 1008 1557 11⁸⁸.

382 1570 424 1594 De
442 1570 529 1599 Malo,
549 1577 593 1602 qu.
613 1577 658 1600 vn,
677 1574 723 1594 art.
743 1577 767 1602 7,
787 1569 819 1593 ad
843 1575 888 1598 ¹23
908 1576 952 1600 qu.

338 1660 404 1720 ie*

343 1702 372 1744 R
429 1675 483 1693 s..

364 1669 372 1697 g
522 1662 544 1686 D
568 1661 705 1686 PRIMUM
733 1661 787 1686 sm
815 1659 1057 1685 PROCEDITUR.
1087 1647 1248 1684 Videtur
1271 1646 1377 1695 quod

362 1692 501 1759 affl
523 1702 699 1752 superbia
719 1715 797 1739 non
825 1701 935 1738 fuerit
952 1701 1073 1750 primi
1094 1700 1262 1738 hominis
1289 1712 1378 1749 pec-

311 1749 363 1836 ᾗ
461 1738 662 1793 beatum.
683 1755 783 1792 Dicit
803 1755 904 1791 enirn
926 1754 1146 1803 Apostolus,
1166 1754 1280 1790 Rom.
1302 1764 1326 1788 v
1344 1751 1376 1799 ²⁸,

313 1762 627 1858 Affl›quod
653 1821 723 1857 per
754 1808 1041 1845 inobedientiam
1081 1807 1190 1844 unius
1217 1806 1378 1843 hominis

304 1868 522 1910 peccatores
558 1862 745 1899 constituti
778 1867 864 1898 sunt
891 1860 1008 1898 multi.
1049 1860 1126 1897 Sed
1158 1859 1272 1908 primi
1308 1859 1378 1896 ho-

310 1915 422 1952 minis
455 1922 654 1963 peccatum
692 1922 747 1951 est
785 1926 830 1951 ex
867 1926 943 1963 quo
982 1925 1118 1950 omnes
1155 1919 1378 1961 peccatores

310 1968 498 2005 constituti
541 1976 628 2005 sunt
670 1967 839 2015 originali
880 1974 1052 2016 peccato,
1099 1966 1202 2014 Ergo
1245 1965 1379 2002 inobe-

309 2021 448 2058 dientia
476 2021 544 2058 fuit
570 2021 683 2070 primi
711 2020 879 2058 hominis
907 2027 1121 2069 peccatum,
1144 2026 1180 2056 et
1208 2030 1286 2056 non
1317 2030 1377 2055 su-

307 2075 451 2124 perbia.

363 2140 397 2165 2.
430 2129 663 2174 PRAETEREA‚
694 2126 923 2164 Ambros1us
953 2126 1061 2172 dicit,
1090 2137 1204 2174 super
1231 2125 1324 2162 Luc.
1345 2123 1376 2172 ²⁸,

275 2178 281 2189 ⁷
308 2181 413 2230 quod
444 2194 489 2218 eo
519 2181 651 2218 ordine
681 2180 853 2218 diabolus
883 2179 1077 2217 Christum
1111 2178 1271 2216 tentavit
1299 2190 1376 2228 quo

308 2235 474 2284 primum
509 2234 708 2272 hominem
742 2234 888 2271 deiecit.
929 2234 1005 2271 Sed
1044 2232 1215 2270 Christus
1250 2232 1376 2282 primo

308 2296 471 2326 tentatus
506 2296 561 2325 est
593 2290 640 2326 de
675 2288 779 2335 gula,
810 2295 850 2324 ut
877 2295 980 2336 patet
1009 2287 1201 2324 Matth.1v
1219 2285 1256 2334 ²³²,
1286 2297 1376 2323 cum

310 2342 343 2379 ei
373 2342 517 2379 dictum
543 2349 616 2379 est:
647 2341 687 2378 Si
709 2341 827 2378 Filius
845 2341 923 2378 Dei
943 2353 993 2387 es,
1014 2341 1074 2378 dic
1094 2346 1135 2377 ut
1157 2340 1298 2389 lapides
1319 2339 1378 2376 isti

307 2407 424 2444 panes
440 2396 554 2443 fiant.
592 2395 693 2443 Ergo
722 2394 891 2444 primum
929 2402 1130 2444 peccatum
1160 2393 1271 2443 primi
1308 2393 1377 2430 ho-

309 2449 420 2486 minis
449 2461 527 2486 non
555 2448 623 2485 fuit
651 2448 840 2497 superbia,
871 2449 939 2486 sed
967 2448 1066 2497 gula.

366 2504 399 2540 3.
429 2503 673 2549 PRAETEREA,
702 2502 821 2539 homo
851 2501 1006 2539 diabolo
1036 2508 1260 2550 suggerente
1289 2512 1376 2549 pec-

311 2556 418 2593 cavit.
456 2556 532 2593 Sed
562 2555 736 2592 diabolus
765 2562 914 2592 tentans
951 2555 1151 2592 hominem
1179 2554 1376 2592 scientiam

310 2609 543 2657 repromisit:
573 2616 615 2646 ut
642 2616 744 2658 patet
775 2609 868 2646 Gen.
890 2621 926 2646 111
945 2608 976 2646 ³¹⁸.
1007 2609 1109 2657 Ergo
1133 2609 1257 2659 prima
1276 2607 1376 2645 inor-

310 2663 452 2700 dinatio
473 2662 637 2699 hominis
653 2662 722 2699 fuit
740 2675 809 2711 per
823 2662 1034 2711 appetitum
1055 2661 1248 2699 scientiae:
1271 2662 1376 2710 quod

309 2716 470 2765 pertinet
489 2716 537 2753 ad
557 2715 824 2753 curiositatem.
855 2717 957 2764 Ergo
979 2715 1176 2753 curiositas
1204 2714 1272 2752 fuit
1290 2727 1375 2764 pec-

311 2778 450 2859 catun}³
466 2769 649 2818 primum,
679 2777 715 2806 et
743 2781 821 2806 non
851 2769 1039 2819 superbia.
1220 2821 1240 2843 ὃν
1285 2821 1340 2859 Μ

74 2828 210 2855 ’Vm-¹⁴-
391 2852 398 2860 .
454 2834 642 2860 RAETEREA
676 2835 719 2859 su
751 2835 790 2860 er
819 2822 908 2860 illud
938 2824 951 2860 I
981 2823 1033 2860 ad
1062 2822 1157 2860 Tim.
1179 2833 1202 2860 11
1337 2834 1376 2858 u-

75 2883 161 2932 iffi?
183 2884 243 2911 Aua·
263 2887 285 2905 et
309 2836 388 2913 liei-4
405 2876 555 2913 seducta
576 2876 612 2913 in
627 2835 1057 2925 giraeiiaricationefuit,
1079 2875 1168 2914 dicit
1188 2851 1325 2912 Glcissa
1338 2875 1374 2912 ³⁸:

84 2926 93 2931 ”
151 2926 156 2931 ’
312 2930 427 2966 Hanc
457 2929 707 2967 seductionem
738 2931 896 2980 proprie
930 2929 1133 2979 appellavit
1162 2928 1375 2978 Apostolus,

306 2994 378 3031 per
405 2995 519 3031 quam
548 2983 587 3019 id
612 2984 713 3032 quod
737 2984 978 3029 suadebatur,
998 2995 1083 3020 cum
1101 2982 1251 3032 falsum
1271 2987 1375 3028 esset,

311 3047 442 3072 verum
452 3042 625 3085 putatum
641 3042 709 3073 est:
727 3037 867 3074 scilicet
880 3038 981 3086 quod
994 3038 1098 3074 Deus
1118 3036 1264 3086 lignum
1285 3036 1378 3073 illud

71 1770 80 1781 ⁴
95 1769 161 1791 Vei-s.
178 1775 209 1797 ¹9·

94 2136 225 2158 Commeat.
240 2135 280 2157 lib.

68 2162 109 2189 IV,
130 2163 154 2184 iu
175 2168 225 2191 cap.
250 2168 273 2184 tv

69 2196 127 2211 vers.
142 2196 162 2218 3.

70 2298 80 2308 ⁸
94 2296 160 2319 Vere.
174 2302 194 2325 3.

73 2618 83 2627 ⁸
96 2616 161 2638 Vei-s.
177 2622 195 2643 5.

313 3142 488 3191 tigissent,
519 3142 620 3179 velut
644 3144 731 3180 deos
755 3145 906 3190 futuros
914 3157 927 3188 ;
955 3149 1136 3193 tanquam
1165 3143 1217 3180 eis
1245 3143 1377 3180 divini-

314 3201 423 3232 tatem
453 3196 635 3232 invideret
660 3197 726 3245 qui
747 3209 810 3234 eos
828 3198 997 3234 homines
1015 3198 1172 3244 fecerat.
1205 3196 1282 3233 Sed
1302 3197 1377 3233 hoc
1403 3227 1404 3230 ,

315 3249 466 3286 credere
495 3249 655 3297 pertinet
683 3250 731 3287 ad
760 3250 1033 3288 infidelitatem.
1068 3251 1169 3298 Ergo
1207 3250 1377 3299 primum

315 3309 511 3348 peccatum
530 3302 696 3339 hominis
716 3303 783 3340 fuit
802 3304 1016 3350 infidelitas,
1033 3312 1068 3341 et
1088 3316 1167 3341 non
1187 3303 1375 3352 superbia.

370 3355 443 3391 SED
473 3367 618 3392 CONTRA
646 3368 711 3393 Es‘r
739 3357 843 3405 quod
878 3357 1012 3395 dicitur
1045 3357 1161 3394 Eccli.
1182 3369 1206 3394 x
1224 3357 1264 3394 *z
1299 3358 1376 3394 Ini-

317 3406 406 3442 tium
427 3409 546 3444 omnis
560 3410 707 3456 peccati
722 3411 909 3458 superbia.
941 3411 1017 3448 Sed
1038 3418 1238 3460 peccatum
1263 3410 1376 3459 primi

317 3459 481 3495 hominis
511 3467 565 3497 est
594 3461 737 3498 initium
764 3464 888 3500 omnis
908 3464 1073 3513 peccati:
1104 3463 1316 3501 secundum
1337 3463 1378 3501 il-

371 3591 397 3621 α)
413 3590 510 3622 primo.
522 3604 541 3610 -
554 3591 645 3622 prima
664 3593 693 3621 L,
711 3593 789 3624 prius
809 3594 837 3619 Ρ.

371 3625 396 3657 ρ)
410 3626 530 3657 primum
547 3630 693 3657 peccatum.
706 3641 724 3646 -
740 3632 877 3659 peccatum
894 3631 979 3661 primi
998 3631 1042 3656 Pa.

1030 1540 1074 1565 qu.
1093 1539 1191 1562 Lunx,
1210 1537 1256 1556 art.
1279 1530 1301 1562 3,
1321 1531 1353 1556 ad
1374 1538 1405 1562 23
1424 1530 1445 1555 11
1464 1530 1548 1560 Sent„
1568 1530 1626 1555 dist.
1645 1537 1705 1561 xm,
1725 1538 1769 1563 qu.
1788 1537 1805 1560 1,
1825 1536 1870 1555 art.

972 1576 1022 1598 xiv,
1042 1573 1088 1593 art.
1110 1575 1133 1597 2,
1153 1567 1184 1592 ad
1205 1566 1233 1598 5;
1253 1574 1297 1600 qu.
1316 1574 1357 1597 xit,
1377 1571 1424 1592 art.
1445 1573 1469 1597 2,
1487 1566 1519 1591 ad
1539 1573 1569 1598 7;
1587 1565 1631 1590 Ad
1650 1565 1742 1595 Rom„
1762 1573 1818 1599 cap.
1837 1573 1861 1595 v.
1880 1565 1938 1591 lect.
1956 1572 1987 1595 v;
2007 1566 2016 1590 1
2035 1565 2073 1591 ad
2090 1565 2172 1595 nm„
2192 1574 2247 1599 cap.
2266 1574 2294 1598 11,
2315 1567 2372 1592 lect.
2391 1573 2430 1592 111.

1894 1538 1921 1559 ις
1942 1530 2086 1562 compend.
2110 1529 2211 1560 ΤΙιεοΙ.1
2232 1538 2287 1564 cap.
2307 1538 2382 1562 exem

1429 1646 1496 1683 lud
1522 1646 1636 1683 Rom.
1657 1657 1681 1683 v
1699 1645 1739 1682 *ε
1768 1646 1843 1682 Per
1873 1658 1989 1683 unum
2018 1646 2209 1683 hominem
2232 1653 2432 1695 peccatum
2461 1647 2500 1685 in
2528 1657 2539 1669 ⁸

1429 1700 1530 1737 hunc
1557 1699 1741 1736 mundum
1770 1699 1933 1736 intravit.
1969 1700 2071 1748 Ergo
2100 1699 2269 1748 primum
2297 1709 2500 1749 peccatum

1429 1753 1598 1790 hominis
1626 1752 1694 1789 fuit
1721 1752 1911 1801 superbia.

1484 1807 1712 1842 Respounno
1732 1817 1917 1843 mei-:unum
1937 1805 2043 1854 quod
2071 1806 2120 1843 ad
2147 1818 2269 1843 unum
2298 1815 2500 1856 peccatum

1430 1859 1540 1896 multi
1569 1866 1696 1896 motus
1725 1870 1951 1896 concurrere
1980 1866 2159 1908 possunt:
2188 1860 2286 1897 inter
2313 1873 2411 1910 quos
2439 1861 2501 1899 ille

1429 1913 1546 1949 habet
1575 1911 1761 1949 rationem
1781 1911 1895 1959 primi
1923 1911 2070 1960 peccati
2089 1912 2127 1950 in
2147 1925 2223 1962 quo
2251 1913 2378 1963 primo
2398 1919 2416 1936 ⁸
2443 1914 2501 1952 in-

1430 1964 1620 2003 ordinatio
1649 1963 1852 2002 invenitur.
1883 1964 2129 2002 Manifestum
2159 1973 2215 2003 est
2243 1974 2372 2004 autem
2396 1967 2503 2018 quod

1429 2019 1557 2068 primo
1585 2017 1778 2056 invenitur
1797 2017 2025 2056 inordinatio
2046 2018 2085 2056 in
2104 2026 2213 2056 motu
2237 2018 2406 2058 interiori
2423 2019 2504 2059 ani·

1431 2084 1518 2110 mae
1549 2084 1666 2121 quam
1700 2071 1738 2108 in
1768 2078 1854 2108 actu
1883 2071 2056 2108 exteriori
2095 2072 2284 2122 corporis:
2323 2073 2432 2123 quia,
2461 2080 2506 2113 ut

1430 2126 1666 2175 Augustinus
1687 2124 1786 2172 dicit,
1807 2124 1845 2162 in
1866 2126 1880 2161 l
1901 2126 1947 2162 de
1970 2125 2049 2163 Civ.
2070 2126 2146 2163 Dei
2161 2126 2193 2174 ²⁸,
2223 2138 2298 2164 non
2322 2127 2505 2166 amittitur
2529 2136 2540 2147 ⁸

1430 2180 1600 2229 corporis
1618 2179 1795 2216 sanctitas
1814 2184 1989 2217 manente
2003 2179 2155 2217 animae
2173 2180 2379 2219 sanctitate.
2400 2182 2502 2221 Inter

2553 1655 2621 1680 Vn.
2634 1661 2666 1679 ι.

1431 2241 1559 2271 motus
1588 2241 1717 2271 autern
1746 2231 1955 2280 interiores,
1979 2232 2085 2282 prius
2113 2241 2294 2272 movetur
2311 2235 2509 2285 appetitus
2561 2270 2564 2279 ,
2622 2270 2627 2280 ,
2652 2273 2654 2280 ,

1429 2287 1468 2324 in
1496 2287 1615 2324 finem
1645 2298 1762 2335 quam
1791 2285 1830 2323 in
1858 2285 1896 2323 id
1926 2286 2033 2335 quod
2062 2286 2256 2336 quaeritur
2283 2288 2504 2339 propterfiss

1430 2352 1533 2378 nem.
1564 2341 1613 2378 Et
1640 2340 1727 2378 ideo
1748 2339 1799 2376 ibi
1818 2339 1887 2376 fuit
1905 2339 2074 2389 primum
2103 2349 2306 2390 peccatum
2334 2342 2503 2380 hominis

1429 2394 1495 2431 ubi
1525 2393 1647 2443 potuit
1676 2405 1758 2430 esse
1787 2393 1935 2442 primus
1965 2393 2152 2443 appetitus
2179 2394 2384 2433 inordinati
2402 2395 2502 2436 finis.

1431 2447 1493 2485 Sic
1523 2455 1652 2485 autem
1679 2447 1800 2484 homo
1831 2454 1910 2484 erat
1937 2446 1976 2484 in
2004 2455 2101 2485 statu
2130 2446 2371 2486 innocentiae
2399 2447 2504 2487 insti-

1428 2509 1531 2538 tutus
1559 2508 1600 2538 ut
1629 2501 1731 2538 nulla
1760 2509 1859 2538 esset
1891 2499 2046 2538 rebellio
2085 2500 2205 2538 carnis
2234 2502 2280 2540 ad
2314 2502 2501 2552 spiritum.

1429 2554 1541 2592 Unde
1571 2567 1648 2591 non
1678 2553 1801 2603 potuit
1821 2566 1903 2591 esse
1922 2554 2047 2603 prima
2067 2554 2295 2592 inordinatio
2316 2555 2503 2605 appetitus

1428 2608 1588 2645 humani
1610 2620 1656 2645 ex
1674 2608 1751 2644 11οο
1778 2608 1884 2657 quod
1912 2607 2111 2657 appetierit
2139 2607 2295 2657 aliquod
2323 2609 2501 2648 sensibile

1429 2663 1589 2709 bonum,
1607 2661 1644 2698 in
1666 2661 1772 2710 quod
1794 2661 1917 2699 carnis
1933 2661 2241 2712 concupiscentia
2255 2662 2376 2700 tendit
2393 2675 2502 2713 prae-

1428 2723 1484 2753 ter
1500 2715 1675 2753 ordinem
1692 2714 1857 2752 rationis.
1878 2715 2119 2764 Relinquitur
2133 2715 2244 2764 igitur
2257 2716 2364 2765 quod
2378 2716 2503 2766 prima

1429 2768 1655 2807 inordinatio
1673 2768 1861 2818 appetitus
1888 2769 2047 2807 humani
2067 2769 2134 2807 fuit
2155 2781 2200 2807 ex
2218 2770 2294 2807 11οο
2311 2769 2418 2818 quod
2437 2769 2502 2808 ali-

1429 2823 1535 2871 quod
1565 2823 1710 2860 bonum
1739 2821 1928 2872 spirituale
1962 2822 2174 2861 inordinate
2203 2822 2369 2873 appetiit.
2408 2822 2502 2861 Non

1429 2884 1559 2913 autem
1580 2875 1794 2914 inordinate
1819 2876 2076 2926 appetivisset,
2097 2876 2313 2926 appetendo
2332 2875 2425 2914 illud
2443 2888 2500 2914 se-

1430 2930 1600 2968 cundum
1630 2942 1740 2967 suam
1770 2942 1992 2967 mensuram
2013 2942 2059 2967 ex
2080 2929 2209 2968 divina
2236 2929 2366 2978 regula
2393 2941 2502 2979 prae-

1429 2983 1609 3020 stitutam.
1630 2983 1742 3021 Unde
1759 2983 1981 3032 relinquitur
1996 2983 2101 3033 quod
2115 2982 2284 3033 primum
2299 2990 2500 3032 peccatum

1402 3079 1403 3084 ¹
1431 3037 1512 3074 eius
1532 3037 1599 3074 fuit
1617 3037 1655 3074 in
1683 3037 1758 3074 hoc
1778 3036 1882 3086 quod
1903 3036 2059 3087 appetiit
2086 3036 2284 3086 quoddam
2309 3035 2500 3085 spirituale

313 3090 394 3126 ideo
423 3095 579 3139 tangere
602 3091 847 3138 prohibuerit,
877 3091 979 3139 quod
1003 3091 1144 3127 sciebat
1169 3101 1243 3136 eos,
1267 3090 1301 3126 si
1327 3095 1375 3126 te·
1402 3095 1404 3130 Q

1430 3091 1578 3127 bonum
1599 3102 1714 3140 supra
1734 3103 1843 3127 suam
1865 3101 2098 3127 mensuram.
2130 3089 2248 3136 Quod
2268 3089 2430 3138 pertinet
2452 3089 2500 3128 ad

1431 3143 1664 3193 superbiam.
1694 3143 1805 3181 Unde
1836 3143 2080 3180 manifestum
2112 3150 2167 3180 est
2195 3143 2301 3191 quod
2330 3143 2500 3192 primum

1429 3205 1630 3246 peccatum
1653 3194 1668 3226 β
1696 3196 1863 3234 hominis
1892 3197 1960 3233 fuit
1988 3195 2178 3246 superbia.

1484 3252 1542 3287 An
1559 3262 1696 3288 PRlMUM
1716 3262 1815 3287 ERGO
1835 3261 2020 3287 01οΕΝοοΜ
2041 3249 2144 3299 quod
2164 3250 2239 3286 hoc
2259 3249 2365 3298 quod
2379 3250 2499 3286 homo

1431 3304 1562 3342 divino
1583 3310 1788 3352 praecepto
1808 3315 1887 3340 non
1907 3303 2079 3340 obediret
2097 3308 2123 3349 Υ,
2155 3315 2232 3340 11011
2258 3302 2326 3340 fuit
2346 3309 2502 3351 propter

1432 3370 1471 3394 se
1501 3358 1550 3394 ab
1581 3369 1627 3394 eo
1656 3356 1835 3394 volitum:
1873 3356 1962 3404 quia
1989 3356 2065 3392 hoc
2084 3368 2163 3393 non
2191 3364 2322 3405 posset
2356 3356 2502 3397 contina

1430 3422 1519 3459 gere
1549 3410 1618 3447 nisi
1651 3409 1938 3459 praesupposita
1976 3409 2253 3447 inordinatione
2281 3403 2498 3447 voluntatisss

1432 3463 1671 3513 Relinquitur
1704 3474 1794 3510 ergo
1832 3462 1937 3512 quod
1972 3463 2136 3500 voluerit
2167 3470 2323 3513 propter
2359 3461 2499 3513 aliquid

1486 3596 1512 3629 γ)
1532 3594 1650 3621 divine...
1668 3579 1795 3620 obediret.
1807 3608 1826 3613 -
1845 3602 1896 3619 non
1917 3595 2048 3620 obedierit
2067 3595 2158 3621 divino
2174 3598 2319 3628 praecepto
2339 3595 2385 3620 Pa.
