<?xml version="1.0" encoding="UTF-8"?>
<!DOCTYPE html PUBLIC "-//W3C//DTD XHTML 1.0 Transitional//EN"
    "http://www.w3.org/TR/xhtml1/DTD/xhtml1-transitional.dtd">
<html xmlns="http://www.w3.org/1999/xhtml" xml:lang="en" lang="en">
 <head>
  <title>
</title>
<meta http-equiv="Content-Type" content="text/html;charset=utf-8" />
  <meta name='ocr-system' content='tesseract 3.04.00' />
  <meta name='ocr-capabilities' content='ocr_page ocr_carea ocr_par ocr_line ocrx_word'/>
</head>
<body>
  <div class='ocr_page' id='page_1' title='image "./operaomniaiussui10thom/operaomniaiussui10thom_0436.png"; bbox 0 0 2768 4198; ppageno 0'>
   <div class='ocr_carea' id='block_1_1' title="bbox 61 1004 179 1082">
    <p class='ocr_par' dir='ltr' id='par_1_1' title="bbox 61 1004 179 1082">
     <span class='ocr_line' id='line_1_1' title="bbox 61 1004 179 1082; baseline 0.013 -31.013"><span class='ocrx_word' id='word_1_1' title='bbox 61 1004 179 1082; x_wconf 53' lang='lat'><strong>{232⁸</strong></span> 
     </span>
    </p>
   </div>
   <div class='ocr_carea' id='block_1_2' title="bbox 239 1640 699 1687">
    <p class='ocr_par' dir='ltr' id='par_1_2' title="bbox 239 1640 699 1687">
     <span class='ocr_line' id='line_1_2' title="bbox 239 1640 699 1687; baseline 0.004 -11"><span class='ocrx_word' id='word_1_2' title='bbox 239 1648 271 1669; x_wconf 56' lang='lat'><strong>¹¹*</strong></span> <span class='ocrx_word' id='word_1_3' title='bbox 299 1640 402 1687; x_wconf 88' lang='lat' dir='ltr'><strong>tinet,</strong></span> <span class='ocrx_word' id='word_1_4' title='bbox 425 1649 465 1677; x_wconf 93' lang='lat' dir='ltr'><strong>ut</strong></span> <span class='ocrx_word' id='word_1_5' title='bbox 487 1653 532 1677; x_wconf 84' lang='lat' dir='ltr'><strong>ex</strong></span> <span class='ocrx_word' id='word_1_6' title='bbox 553 1641 659 1678; x_wconf 92' lang='lat' dir='ltr'><strong>dictis</strong></span> <span class='ocrx_word' id='word_1_7' title='bbox 679 1641 699 1663; x_wconf 51' lang='grc' dir='ltr'><strong>’Β</strong></span> 
     </span>
    </p>
   </div>
   <div class='ocr_carea' id='block_1_3' title="bbox 65 2707 274 2756">
    <p class='ocr_par' dir='ltr' id='par_1_3' title="bbox 65 2707 274 2756">
     <span class='ocr_line' id='line_1_3' title="bbox 67 2707 274 2729; baseline -0.005 0"><span class='ocrx_word' id='word_1_8' title='bbox 67 2710 74 2718; x_wconf 85' lang='grc'><em>·</em></span> <span class='ocrx_word' id='word_1_9' title='bbox 89 2707 171 2729; x_wconf 89' lang='lat' dir='ltr'><strong>Lomb.</strong></span> <span class='ocrx_word' id='word_1_10' title='bbox 182 2707 205 2728; x_wconf 86' lang='lat' dir='ltr'><strong>in</strong></span> <span class='ocrx_word' id='word_1_11' title='bbox 216 2707 274 2729; x_wconf 84' lang='lat' dir='ltr'><strong>titul.</strong></span> 
     </span>
     <span class='ocr_line' id='line_1_4' title="bbox 65 2734 133 2756; baseline 0.015 -1"><span class='ocrx_word' id='word_1_12' title='bbox 65 2734 133 2756; x_wconf 75' lang='lat' dir='ltr'><strong>Psalt.</strong></span> 
     </span>
    </p>
   </div>
   <div class='ocr_carea' id='block_1_4' title="bbox 939 288 1837 351">
    <p class='ocr_par' dir='ltr' id='par_1_4' title="bbox 939 288 1837 351">
     <span class='ocr_line' id='line_1_5' title="bbox 939 288 1837 351; baseline 0.003 -11"><span class='ocrx_word' id='word_1_13' title='bbox 939 288 1207 350; x_wconf 78' lang='lat' dir='ltr'><strong>QUAEsTio</strong></span> <span class='ocrx_word' id='word_1_14' title='bbox 1238 304 1447 351; x_wconf 83' lang='lat' dir='ltr'><strong>CLXX1V‚</strong></span> <span class='ocrx_word' id='word_1_15' title='bbox 1476 305 1775 343; x_wconf 76' lang='lat' dir='ltr'><strong>ARTlcULUs</strong></span> <span class='ocrx_word' id='word_1_16' title='bbox 1806 307 1837 343; x_wconf 90' lang='lat'><strong>11</strong></span> 
     </span>
    </p>
   </div>
   <div class='ocr_carea' id='block_1_5' title="bbox 1060 437 1726 483">
    <p class='ocr_par' dir='ltr' id='par_1_5' title="bbox 1060 437 1726 483">
     <span class='ocr_line' id='line_1_6' title="bbox 1060 437 1726 483; baseline 0.005 -3"><span class='ocrx_word' id='word_1_17' title='bbox 1060 438 1379 480; x_wconf 86' lang='lat' dir='ltr'><strong>ARTICULUS</strong></span> <span class='ocrx_word' id='word_1_18' title='bbox 1423 437 1726 483; x_wconf 90' lang='lat' dir='ltr'>SECUNDUS</span> 
     </span>
    </p>
   </div>
   <div class='ocr_carea' id='block_1_6' title="bbox 474 531 2321 613">
    <p class='ocr_par' dir='ltr' id='par_1_6' title="bbox 474 531 2321 613">
     <span class='ocr_line' id='line_1_7' title="bbox 474 531 2321 568; baseline 0.002 -4"><span class='ocrx_word' id='word_1_19' title='bbox 474 534 627 564; x_wconf 91' lang='lat' dir='ltr'><strong>UTRUM</strong></span> <span class='ocrx_word' id='word_1_20' title='bbox 651 531 987 563; x_wconf 84' lang='lat' dir='ltr'>EXCELLENTIOR</span> <span class='ocrx_word' id='word_1_21' title='bbox 1010 531 1077 562; x_wconf 90' lang='lat' dir='ltr'><strong>SIT</strong></span> <span class='ocrx_word' id='word_1_22' title='bbox 1102 531 1351 562; x_wconf 89' lang='lat' dir='ltr'>PROPHETIA</span> <span class='ocrx_word' id='word_1_23' title='bbox 1374 531 1494 568; x_wconf 92' lang='lat' dir='ltr'><strong>QUAE</strong></span> <span class='ocrx_word' id='word_1_24' title='bbox 1517 532 1666 563; x_wconf 90' lang='lat' dir='ltr'><strong>HABET</strong></span> <span class='ocrx_word' id='word_1_25' title='bbox 1689 533 1897 565; x_wconf 90' lang='lat' dir='ltr'>VISIONEM</span> <span class='ocrx_word' id='word_1_26' title='bbox 1920 535 2321 567; x_wconf 89' lang='lat' dir='ltr'><strong>INTELLECTUALEM</strong></span> 
     </span>
     <span class='ocr_line' id='line_1_8' title="bbox 497 575 2291 613; baseline 0.002 -6"><span class='ocrx_word' id='word_1_27' title='bbox 497 578 553 607; x_wconf 87' lang='lat' dir='ltr'><strong>ET</strong></span> <span class='ocrx_word' id='word_1_28' title='bbox 579 577 879 612; x_wconf 85' lang='lat' dir='ltr'><strong>IMAGINARIAM,</strong></span> <span class='ocrx_word' id='word_1_29' title='bbox 897 576 1024 613; x_wconf 90' lang='lat' dir='ltr'>QUAM</span> <span class='ocrx_word' id='word_1_30' title='bbox 1048 576 1104 605; x_wconf 89' lang='lat' dir='ltr'><strong>EA</strong></span> <span class='ocrx_word' id='word_1_31' title='bbox 1129 575 1248 613; x_wconf 90' lang='lat' dir='ltr'><strong>QUAE</strong></span> <span class='ocrx_word' id='word_1_32' title='bbox 1273 575 1421 606; x_wconf 87' lang='lat' dir='ltr'><strong>HABET</strong></span> <span class='ocrx_word' id='word_1_33' title='bbox 1445 575 1652 607; x_wconf 86' lang='lat' dir='ltr'><strong>VlSlONEM</strong></span> <span class='ocrx_word' id='word_1_34' title='bbox 1676 577 2079 610; x_wconf 88' lang='lat' dir='ltr'><strong>INTELLECTUALEM</strong></span> <span class='ocrx_word' id='word_1_35' title='bbox 2102 580 2291 611; x_wconf 91' lang='lat' dir='ltr'><strong>TANTUM</strong></span> 
     </span>
    </p>
   </div>
   <div class='ocr_carea' id='block_1_7' title="bbox 808 653 1945 689">
    <p class='ocr_par' dir='ltr' id='par_1_7' title="bbox 808 653 1945 689">
     <span class='ocr_line' id='line_1_9' title="bbox 808 653 1945 689; baseline 0.004 -11"><span class='ocrx_word' id='word_1_36' title='bbox 808 655 882 685; x_wconf 79' lang='lat' dir='ltr'><strong>Infra,</strong></span> <span class='ocrx_word' id='word_1_37' title='bbox 903 660 948 680; x_wconf 82' lang='lat' dir='ltr'><strong>art.</strong></span> <span class='ocrx_word' id='word_1_38' title='bbox 971 654 999 685; x_wconf 80' lang='lat'><strong>3;</strong></span> <span class='ocrx_word' id='word_1_39' title='bbox 1019 655 1088 680; x_wconf 77' lang='lat' dir='ltr'><strong>Part.</strong></span> <span class='ocrx_word' id='word_1_40' title='bbox 1108 655 1148 685; x_wconf 89' lang='grc' dir='ltr'>ΙΙΙ,</span> <span class='ocrx_word' id='word_1_41' title='bbox 1168 662 1211 687; x_wconf 92' lang='lat' dir='ltr'><strong>qu.</strong></span> <span class='ocrx_word' id='word_1_42' title='bbox 1231 662 1291 685; x_wconf 86' lang='lat' dir='ltr'>xxx,</span> <span class='ocrx_word' id='word_1_43' title='bbox 1312 659 1357 680; x_wconf 84' lang='lat' dir='ltr'><strong>art.</strong></span> <span class='ocrx_word' id='word_1_44' title='bbox 1379 653 1401 683; x_wconf 82' lang='lat'><strong>3,</strong></span> <span class='ocrx_word' id='word_1_45' title='bbox 1421 655 1453 679; x_wconf 83' lang='lat' dir='ltr'><strong>ad</strong></span> <span class='ocrx_word' id='word_1_46' title='bbox 1476 662 1502 685; x_wconf 86' lang='lat'><strong>1;</strong></span> <span class='ocrx_word' id='word_1_47' title='bbox 1523 655 1565 679; x_wconf 84' lang='lat' dir='ltr'><strong>De</strong></span> <span class='ocrx_word' id='word_1_48' title='bbox 1590 655 1687 685; x_wconf 62' lang='lat' dir='ltr'><strong>Verit„</strong></span> <span class='ocrx_word' id='word_1_49' title='bbox 1709 663 1753 689; x_wconf 87' lang='lat' dir='ltr'><strong>qu.</strong></span> <span class='ocrx_word' id='word_1_50' title='bbox 1772 663 1816 686; x_wconf 81' lang='lat'><strong>¹11.</strong></span> <span class='ocrx_word' id='word_1_51' title='bbox 1836 662 1883 683; x_wconf 87' lang='lat' dir='ltr'><strong>art.</strong></span> <span class='ocrx_word' id='word_1_52' title='bbox 1907 664 1945 683; x_wconf 82' lang='lat'><strong>12.</strong></span> 
     </span>
    </p>
   </div>
   <div class='ocr_carea' id='block_1_8' title="bbox 352 736 1366 848">
    <p class='ocr_par' dir='ltr' id='par_1_8' title="bbox 341 736 1366 839">
     <span class='ocr_line' id='line_1_10' title="bbox 352 736 1366 788; baseline 0.001 -17"><span class='ocrx_word' id='word_1_53' title='bbox 352 765 378 788; x_wconf 35' lang='lat' dir='ltr'><strong>v-</strong></span> <span class='ocrx_word' id='word_1_54' title='bbox 428 760 468 777; x_wconf 60' lang='lat'><strong>„2—</strong></span> <span class='ocrx_word' id='word_1_55' title='bbox 511 749 533 772; x_wconf 89' lang='lat' dir='ltr'><em>D</em></span> <span class='ocrx_word' id='word_1_56' title='bbox 553 747 742 772; x_wconf 80' lang='lat' dir='ltr'><strong>SECUNDUM</strong></span> <span class='ocrx_word' id='word_1_57' title='bbox 758 747 810 772; x_wconf 77' lang='lat' dir='ltr'><strong>sm</strong></span> <span class='ocrx_word' id='word_1_58' title='bbox 827 747 1067 773; x_wconf 76' lang='lat' dir='ltr'><strong>PROCED1TUR.</strong></span> <span class='ocrx_word' id='word_1_59' title='bbox 1087 736 1247 773; x_wconf 90' lang='lat' dir='ltr'><strong>Videtur</strong></span> <span class='ocrx_word' id='word_1_60' title='bbox 1261 736 1366 784; x_wconf 92' lang='lat' dir='ltr'><strong>quod</strong></span> 
     </span>
     <span class='ocr_line' id='line_1_11' title="bbox 438 782 1364 848; baseline 0.002 -23.807"><span class='ocrx_word' id='word_1_61' title='bbox 438 782 489 839; x_wconf 59' lang='lat'><strong>²⁷³,</strong></span> <span class='ocrx_word' id='word_1_62' title='bbox 513 789 752 825; x_wconf 83' lang='lat' dir='ltr'>excellentior</span> <span class='ocrx_word' id='word_1_63' title='bbox 772 789 818 825; x_wconf 92' lang='lat' dir='ltr'><strong>sit</strong></span> <span class='ocrx_word' id='word_1_64' title='bbox 836 789 1037 838; x_wconf 82' lang='lat' dir='ltr'>prophetia</span> <span class='ocrx_word' id='word_1_65' title='bbox 1056 802 1155 848; x_wconf 83' lang='lat' dir='ltr'><strong>quae</strong></span> <span class='ocrx_word' id='word_1_66' title='bbox 1175 790 1290 826; x_wconf 89' lang='lat' dir='ltr'><strong>habet</strong></span> <span class='ocrx_word' id='word_1_67' title='bbox 1309 789 1364 826; x_wconf 92' lang='lat' dir='ltr'><strong>vi-</strong></span> 
     </span>
    </p>
   </div>
   <div class='ocr_carea' id='block_1_9' title="bbox 311 752 495 936">
    <p class='ocr_par' dir='ltr' id='par_1_9' title="bbox 311 752 495 936">
     <span class='ocr_line' id='line_1_12' title="bbox 311 752 495 936; baseline 0 0"><span class='ocrx_word' id='word_1_68' title='bbox 311 752 495 936; x_wconf 95' lang='lat' dir='ltr'><strong>  </strong></span> 
     </span>
    </p>
   </div>
   <div class='ocr_carea' id='block_1_10' title="bbox 300 948 1367 1009">
    <p class='ocr_par' dir='ltr' id='par_1_10' title="bbox 300 948 1367 1009">
     <span class='ocr_line' id='line_1_13' title="bbox 300 948 1367 1009; baseline 0.002 -25"><span class='ocrx_word' id='word_1_69' title='bbox 300 949 460 985; x_wconf 89' lang='lat' dir='ltr'><strong>ctualem</strong></span> <span class='ocrx_word' id='word_1_70' title='bbox 489 955 648 984; x_wconf 89' lang='lat' dir='ltr'><strong>tantum.</strong></span> <span class='ocrx_word' id='word_1_71' title='bbox 679 948 778 985; x_wconf 89' lang='lat' dir='ltr'>Dicit</span> <span class='ocrx_word' id='word_1_72' title='bbox 807 949 909 985; x_wconf 89' lang='lat' dir='ltr'><strong>enim</strong></span> <span class='ocrx_word' id='word_1_73' title='bbox 939 949 1187 1009; x_wconf 86' lang='lat' dir='ltr'><strong>Augustinus,</strong></span> <span class='ocrx_word' id='word_1_74' title='bbox 1209 950 1278 986; x_wconf 93' lang='lat' dir='ltr'><strong>XII</strong></span> <span class='ocrx_word' id='word_1_75' title='bbox 1306 961 1367 986; x_wconf 90' lang='lat' dir='ltr'><strong>su-</strong></span> 
     </span>
    </p>
   </div>
   <div class='ocr_carea' id='block_1_11' title="bbox 298 1108 1367 1170">
    <p class='ocr_par' dir='ltr' id='par_1_11' title="bbox 298 1108 1367 1170">
     <span class='ocr_line' id='line_1_14' title="bbox 298 1108 1367 1170; baseline 0.003 -27"><span class='ocrx_word' id='word_1_76' title='bbox 298 1108 494 1157; x_wconf 79' lang='lat' dir='ltr'><strong>mysteria:</strong></span> <span class='ocrx_word' id='word_1_77' title='bbox 514 1109 648 1144; x_wconf 89' lang='lat' dir='ltr'><strong>Minus</strong></span> <span class='ocrx_word' id='word_1_78' title='bbox 666 1114 721 1144; x_wconf 87' lang='lat' dir='ltr'><strong>est</strong></span> <span class='ocrx_word' id='word_1_79' title='bbox 731 1110 918 1157; x_wconf 87' lang='lat' dir='ltr'><strong>propheta</strong></span> <span class='ocrx_word' id='word_1_80' title='bbox 938 1110 1004 1170; x_wconf 81' lang='lat' dir='ltr'><strong>qui</strong></span> <span class='ocrx_word' id='word_1_81' title='bbox 1028 1122 1155 1146; x_wconf 91' lang='lat' dir='ltr'><strong>rerum</strong></span> <span class='ocrx_word' id='word_1_82' title='bbox 1175 1110 1367 1159; x_wconf 78' lang='lat' dir='ltr'><strong>significa-</strong></span> 
     </span>
    </p>
   </div>
   <div class='ocr_carea' id='block_1_12' title="bbox 292 1161 1395 1265">
    <p class='ocr_par' dir='ltr' id='par_1_12' title="bbox 292 1161 1395 1265">
     <span class='ocr_line' id='line_1_15' title="bbox 298 1161 1395 1213; baseline 0.001 -15"><span class='ocrx_word' id='word_1_83' title='bbox 298 1168 422 1198; x_wconf 89' lang='lat' dir='ltr'><strong>tarum</strong></span> <span class='ocrx_word' id='word_1_84' title='bbox 450 1161 529 1198; x_wconf 90' lang='lat' dir='ltr'><strong>solo</strong></span> <span class='ocrx_word' id='word_1_85' title='bbox 557 1161 688 1209; x_wconf 88' lang='lat' dir='ltr'><strong>spiritu</strong></span> <span class='ocrx_word' id='word_1_86' title='bbox 726 1163 826 1199; x_wconf 73' lang='lat' dir='ltr'><strong>videt</strong></span> <span class='ocrx_word' id='word_1_87' title='bbox 852 1163 1060 1213; x_wconf 85' lang='lat' dir='ltr'><strong>imagines;</strong></span> <span class='ocrx_word' id='word_1_88' title='bbox 1097 1169 1133 1200; x_wconf 90' lang='lat' dir='ltr'><strong>et</strong></span> <span class='ocrx_word' id='word_1_89' title='bbox 1164 1164 1288 1213; x_wconf 79' lang='lat' dir='ltr'><strong>magis</strong></span> <span class='ocrx_word' id='word_1_90' title='bbox 1316 1168 1370 1199; x_wconf 87' lang='lat' dir='ltr'><strong>est</strong></span> <span class='ocrx_word' id='word_1_91' title='bbox 1394 1198 1395 1203; x_wconf 71' lang='grc'><strong>,</strong></span> 
     </span>
     <span class='ocr_line' id='line_1_16' title="bbox 292 1214 1395 1265; baseline 0.003 -15"><span class='ocrx_word' id='word_1_92' title='bbox 292 1216 477 1263; x_wconf 87' lang='lat' dir='ltr'><strong>propheta</strong></span> <span class='ocrx_word' id='word_1_93' title='bbox 506 1215 572 1263; x_wconf 81' lang='lat' dir='ltr'><strong>qui</strong></span> <span class='ocrx_word' id='word_1_94' title='bbox 596 1214 675 1251; x_wconf 84' lang='lat' dir='ltr'><strong>solo</strong></span> <span class='ocrx_word' id='word_1_95' title='bbox 704 1227 837 1252; x_wconf 88' lang='lat' dir='ltr'><strong>earum</strong></span> <span class='ocrx_word' id='word_1_96' title='bbox 867 1216 1049 1253; x_wconf 85' lang='lat' dir='ltr'><strong>intellectu</strong></span> <span class='ocrx_word' id='word_1_97' title='bbox 1079 1223 1133 1253; x_wconf 84' lang='lat' dir='ltr'><strong>est</strong></span> <span class='ocrx_word' id='word_1_98' title='bbox 1153 1217 1367 1265; x_wconf 86' lang='lat' dir='ltr'><strong>praeditus‚·</strong></span> <span class='ocrx_word' id='word_1_99' title='bbox 1393 1216 1395 1257; x_wconf 61' lang='lat' dir='ltr'><strong>i</strong></span> 
     </span>
    </p>
   </div>
   <div class='ocr_carea' id='block_1_13' title="bbox 297 1268 1366 1319">
    <p class='ocr_par' dir='ltr' id='par_1_13' title="bbox 297 1268 1366 1319">
     <span class='ocr_line' id='line_1_17' title="bbox 297 1268 1366 1319; baseline 0.002 -15"><span class='ocrx_word' id='word_1_100' title='bbox 297 1268 362 1304; x_wconf 86' lang='lat' dir='ltr'><strong>sed</strong></span> <span class='ocrx_word' id='word_1_101' title='bbox 380 1268 548 1304; x_wconf 79' lang='lat' dir='ltr'><em>maxime</em></span> <span class='ocrx_word' id='word_1_102' title='bbox 562 1269 746 1319; x_wconf 86' lang='lat' dir='ltr'><strong>propheta</strong></span> <span class='ocrx_word' id='word_1_103' title='bbox 766 1275 821 1305; x_wconf 90' lang='lat' dir='ltr'><strong>est</strong></span> <span class='ocrx_word' id='word_1_104' title='bbox 847 1270 913 1318; x_wconf 86' lang='lat' dir='ltr'><strong>qui</strong></span> <span class='ocrx_word' id='word_1_105' title='bbox 931 1270 967 1306; x_wconf 87' lang='lat' dir='ltr'><strong>in</strong></span> <span class='ocrx_word' id='word_1_106' title='bbox 990 1276 1147 1318; x_wconf 87' lang='lat' dir='ltr'><strong>utroque</strong></span> <span class='ocrx_word' id='word_1_107' title='bbox 1160 1269 1366 1319; x_wconf 85' lang='lat' dir='ltr'><strong>praecellit.</strong></span> 
     </span>
    </p>
   </div>
   <div class='ocr_carea' id='block_1_14' title="bbox 299 1374 1370 1638">
    <p class='ocr_par' dir='ltr' id='par_1_14' title="bbox 299 1374 1367 1477">
     <span class='ocr_line' id='line_1_18' title="bbox 299 1374 1367 1425; baseline 0.004 -15"><span class='ocrx_word' id='word_1_108' title='bbox 299 1374 589 1411; x_wconf 84' lang='lat' dir='ltr'><strong>intellectualem</strong></span> <span class='ocrx_word' id='word_1_109' title='bbox 610 1382 646 1411; x_wconf 89' lang='lat' dir='ltr'><strong>et</strong></span> <span class='ocrx_word' id='word_1_110' title='bbox 665 1375 928 1423; x_wconf 82' lang='lat' dir='ltr'>imaginariam</span> <span class='ocrx_word' id='word_1_111' title='bbox 948 1377 1148 1414; x_wconf 89' lang='lat' dir='ltr'><strong>visionem.</strong></span> <span class='ocrx_word' id='word_1_112' title='bbox 1177 1378 1279 1425; x_wconf 89' lang='lat' dir='ltr'><strong>Ergo</strong></span> <span class='ocrx_word' id='word_1_113' title='bbox 1299 1377 1367 1414; x_wconf 89' lang='lat' dir='ltr'><strong>hu—</strong></span> 
     </span>
     <span class='ocr_line' id='line_1_19' title="bbox 299 1428 926 1477; baseline 0.005 -13"><span class='ocrx_word' id='word_1_114' title='bbox 299 1428 465 1464; x_wconf 90' lang='lat' dir='ltr'><strong>iusmodi</strong></span> <span class='ocrx_word' id='word_1_115' title='bbox 492 1429 693 1477; x_wconf 88' lang='lat' dir='ltr'><strong>prophetia</strong></span> <span class='ocrx_word' id='word_1_116' title='bbox 723 1437 778 1465; x_wconf 92' lang='lat' dir='ltr'><strong>est</strong></span> <span class='ocrx_word' id='word_1_117' title='bbox 806 1429 926 1467; x_wconf 88' lang='lat' dir='ltr'><strong>altior.</strong></span> 
     </span>
    </p>

    <p class='ocr_par' dir='ltr' id='par_1_15' title="bbox 299 1482 1370 1638">
     <span class='ocr_line' id='line_1_20' title="bbox 355 1482 1370 1530; baseline 0.003 -13"><span class='ocrx_word' id='word_1_118' title='bbox 355 1492 390 1517; x_wconf 91' lang='lat'><strong>2.</strong></span> <span class='ocrx_word' id='word_1_119' title='bbox 427 1482 672 1530; x_wconf 79' lang='lat' dir='ltr'><strong>PRAETEREA,</strong></span> <span class='ocrx_word' id='word_1_120' title='bbox 703 1490 846 1530; x_wconf 89' lang='lat' dir='ltr'><strong>quanto</strong></span> <span class='ocrx_word' id='word_1_121' title='bbox 881 1483 999 1520; x_wconf 88' lang='lat' dir='ltr'><strong>virtus</strong></span> <span class='ocrx_word' id='word_1_122' title='bbox 1038 1483 1195 1520; x_wconf 90' lang='lat' dir='ltr'><strong>alicuius</strong></span> <span class='ocrx_word' id='word_1_123' title='bbox 1232 1483 1285 1520; x_wconf 86' lang='lat' dir='ltr'><strong>rei</strong></span> <span class='ocrx_word' id='word_1_124' title='bbox 1314 1490 1370 1520; x_wconf 90' lang='lat' dir='ltr'><strong>est</strong></span> 
     </span>
     <span class='ocr_line' id='line_1_21' title="bbox 300 1534 1370 1583; baseline 0.004 -14"><span class='ocrx_word' id='word_1_125' title='bbox 300 1534 433 1581; x_wconf 88' lang='lat' dir='ltr'><strong>maior,</strong></span> <span class='ocrx_word' id='word_1_126' title='bbox 454 1542 558 1571; x_wconf 88' lang='lat' dir='ltr'><strong>tanto</strong></span> <span class='ocrx_word' id='word_1_127' title='bbox 590 1535 638 1572; x_wconf 88' lang='lat' dir='ltr'><strong>ad</strong></span> <span class='ocrx_word' id='word_1_128' title='bbox 669 1536 788 1583; x_wconf 89' lang='lat' dir='ltr'><strong>magis</strong></span> <span class='ocrx_word' id='word_1_129' title='bbox 819 1536 993 1573; x_wconf 85' lang='lat' dir='ltr'><strong>distantia</strong></span> <span class='ocrx_word' id='word_1_130' title='bbox 1022 1549 1061 1573; x_wconf 93' lang='lat' dir='ltr'><strong>se</strong></span> <span class='ocrx_word' id='word_1_131' title='bbox 1083 1536 1261 1573; x_wconf 88' lang='lat' dir='ltr'><strong>extendit.</strong></span> <span class='ocrx_word' id='word_1_132' title='bbox 1293 1536 1370 1573; x_wconf 89' lang='lat' dir='ltr'><strong>Sed</strong></span> 
     </span>
     <span class='ocr_line' id='line_1_22' title="bbox 299 1588 1370 1638; baseline 0.003 -15"><span class='ocrx_word' id='word_1_133' title='bbox 299 1588 429 1624; x_wconf 89' lang='lat' dir='ltr'><strong>lumen</strong></span> <span class='ocrx_word' id='word_1_134' title='bbox 450 1588 718 1637; x_wconf 90' lang='lat' dir='ltr'><strong>propheticum</strong></span> <span class='ocrx_word' id='word_1_135' title='bbox 739 1590 994 1638; x_wconf 80' lang='lat' dir='ltr'><strong>principaliter</strong></span> <span class='ocrx_word' id='word_1_136' title='bbox 1018 1591 1065 1627; x_wconf 92' lang='lat' dir='ltr'><strong>ad</strong></span> <span class='ocrx_word' id='word_1_137' title='bbox 1096 1597 1266 1626; x_wconf 88' lang='lat' dir='ltr'><strong>mentem</strong></span> <span class='ocrx_word' id='word_1_138' title='bbox 1286 1602 1370 1638; x_wconf 91' lang='lat' dir='ltr'><strong>per-</strong></span> 
     </span>
    </p>
   </div>
   <div class='ocr_carea' id='block_1_15' title="bbox 299 1695 1371 1850">
    <p class='ocr_par' dir='ltr' id='par_1_16' title="bbox 299 1695 1371 1850">
     <span class='ocr_line' id='line_1_23' title="bbox 301 1695 1370 1745; baseline 0.002 -15"><span class='ocrx_word' id='word_1_139' title='bbox 301 1706 383 1730; x_wconf 91' lang='lat' dir='ltr'><strong>esse</strong></span> <span class='ocrx_word' id='word_1_140' title='bbox 407 1695 607 1743; x_wconf 86' lang='lat' dir='ltr'><strong>prophetia</strong></span> <span class='ocrx_word' id='word_1_141' title='bbox 628 1707 725 1743; x_wconf 91' lang='lat' dir='ltr'><strong>quae</strong></span> <span class='ocrx_word' id='word_1_142' title='bbox 747 1696 938 1732; x_wconf 89' lang='lat' dir='ltr'><strong>derivatur</strong></span> <span class='ocrx_word' id='word_1_143' title='bbox 961 1709 1082 1745; x_wconf 91' lang='lat' dir='ltr'><strong>usque</strong></span> <span class='ocrx_word' id='word_1_144' title='bbox 1111 1696 1161 1733; x_wconf 92' lang='lat' dir='ltr'><strong>ad</strong></span> <span class='ocrx_word' id='word_1_145' title='bbox 1190 1695 1370 1743; x_wconf 90' lang='lat' dir='ltr'><strong>imagina-</strong></span> 
     </span>
     <span class='ocr_line' id='line_1_24' title="bbox 299 1747 1368 1797; baseline 0.002 -14"><span class='ocrx_word' id='word_1_146' title='bbox 299 1747 456 1793; x_wconf 85' lang='lat' dir='ltr'><strong>tionem,</strong></span> <span class='ocrx_word' id='word_1_147' title='bbox 479 1759 596 1794; x_wconf 86' lang='lat' dir='ltr'><strong>quam</strong></span> <span class='ocrx_word' id='word_1_148' title='bbox 626 1749 686 1784; x_wconf 89' lang='lat' dir='ltr'><strong>illa</strong></span> <span class='ocrx_word' id='word_1_149' title='bbox 715 1761 813 1797; x_wconf 88' lang='lat' dir='ltr'><strong>quae</strong></span> <span class='ocrx_word' id='word_1_150' title='bbox 843 1749 962 1786; x_wconf 85' lang='lat' dir='ltr'><strong>existit</strong></span> <span class='ocrx_word' id='word_1_151' title='bbox 991 1749 1028 1785; x_wconf 91' lang='lat' dir='ltr'><strong>in</strong></span> <span class='ocrx_word' id='word_1_152' title='bbox 1054 1749 1136 1785; x_wconf 91' lang='lat' dir='ltr'><strong>solo</strong></span> <span class='ocrx_word' id='word_1_153' title='bbox 1167 1748 1368 1785; x_wconf 90' lang='lat' dir='ltr'><strong>intellectu.</strong></span> 
     </span>
     <span class='ocr_line' id='line_1_25' title="bbox 355 1801 1371 1850; baseline 0.002 -14"><span class='ocrx_word' id='word_1_154' title='bbox 355 1802 389 1836; x_wconf 85' lang='lat'><strong>3.</strong></span> <span class='ocrx_word' id='word_1_155' title='bbox 426 1801 667 1847; x_wconf 77' lang='lat' dir='ltr'><strong>PRAETEREA,</strong></span> <span class='ocrx_word' id='word_1_156' title='bbox 706 1801 990 1850; x_wconf 75' lang='lat' dir='ltr'><strong>Hieronymus,</strong></span> <span class='ocrx_word' id='word_1_157' title='bbox 1020 1802 1058 1838; x_wconf 94' lang='lat' dir='ltr'><strong>in</strong></span> <span class='ocrx_word' id='word_1_158' title='bbox 1087 1802 1253 1849; x_wconf 89' lang='lat' dir='ltr'><strong>Prologo</strong></span> <span class='ocrx_word' id='word_1_159' title='bbox 1287 1801 1371 1838; x_wconf 90' lang='lat' dir='ltr'><strong>libri</strong></span> 
     </span>
    </p>
   </div>
   <div class='ocr_carea' id='block_1_16' title="bbox 298 1853 1400 1904">
    <p class='ocr_par' dir='ltr' id='par_1_17' title="bbox 298 1853 1400 1904">
     <span class='ocr_line' id='line_1_26' title="bbox 298 1853 1400 1904; baseline 0.002 -15"><span class='ocrx_word' id='word_1_160' title='bbox 298 1854 472 1902; x_wconf 79' lang='lat' dir='ltr'><strong>Regum,</strong></span> <span class='ocrx_word' id='word_1_161' title='bbox 511 1853 702 1902; x_wconf 88' lang='lat' dir='ltr'><strong>distinguit</strong></span> <span class='ocrx_word' id='word_1_162' title='bbox 734 1855 940 1903; x_wconf 81' lang='lat' dir='ltr'><strong>Prophetas</strong></span> <span class='ocrx_word' id='word_1_163' title='bbox 978 1863 1109 1891; x_wconf 92' lang='lat' dir='ltr'><strong>contra</strong></span> <span class='ocrx_word' id='word_1_164' title='bbox 1144 1855 1400 1904; x_wconf 70' lang='lat' dir='ltr'><strong>Hagiogra-3</strong></span> 
     </span>
    </p>
   </div>
   <div class='ocr_carea' id='block_1_17' title="bbox 293 1906 1373 2063">
    <p class='ocr_par' dir='ltr' id='par_1_18' title="bbox 293 1906 1373 2063">
     <span class='ocr_line' id='line_1_27' title="bbox 293 1906 1370 1957; baseline 0.002 -15"><span class='ocrx_word' id='word_1_165' title='bbox 293 1907 391 1955; x_wconf 88' lang='lat' dir='ltr'><strong>phos</strong></span> <span class='ocrx_word' id='word_1_166' title='bbox 411 1912 439 1942; x_wconf 67' lang='grc' dir='ltr'><strong>α.</strong></span> <span class='ocrx_word' id='word_1_167' title='bbox 471 1906 620 1942; x_wconf 89' lang='lat' dir='ltr'><strong>Omnes</strong></span> <span class='ocrx_word' id='word_1_168' title='bbox 649 1914 777 1945; x_wconf 87' lang='lat' dir='ltr'><strong>autem</strong></span> <span class='ocrx_word' id='word_1_169' title='bbox 808 1908 856 1944; x_wconf 90' lang='lat' dir='ltr'><strong>illi</strong></span> <span class='ocrx_word' id='word_1_170' title='bbox 886 1921 984 1956; x_wconf 90' lang='lat' dir='ltr'><strong>quos</strong></span> <span class='ocrx_word' id='word_1_171' title='bbox 1010 1908 1218 1957; x_wconf 89' lang='lat' dir='ltr'><strong>propbetas</strong></span> <span class='ocrx_word' id='word_1_172' title='bbox 1247 1907 1370 1944; x_wconf 92' lang='lat' dir='ltr'><strong>nomi-</strong></span> 
     </span>
     <span class='ocr_line' id='line_1_28' title="bbox 299 1959 1373 2008; baseline 0.003 -13"><span class='ocrx_word' id='word_1_173' title='bbox 299 1967 374 2006; x_wconf 87' lang='lat' dir='ltr'><strong>nat,</strong></span> <span class='ocrx_word' id='word_1_174' title='bbox 395 1966 487 2008; x_wconf 89' lang='lat' dir='ltr'><strong>puta</strong></span> <span class='ocrx_word' id='word_1_175' title='bbox 507 1959 634 2007; x_wconf 90' lang='lat' dir='ltr'><strong>Isaias,</strong></span> <span class='ocrx_word' id='word_1_176' title='bbox 657 1961 836 1998; x_wconf 87' lang='lat' dir='ltr'><strong>Ieremias</strong></span> <span class='ocrx_word' id='word_1_177' title='bbox 857 1969 893 1998; x_wconf 87' lang='lat' dir='ltr'><strong>et</strong></span> <span class='ocrx_word' id='word_1_178' title='bbox 920 1961 980 1998; x_wconf 91' lang='lat' dir='ltr'><strong>alii</strong></span> <span class='ocrx_word' id='word_1_179' title='bbox 1003 1961 1238 2007; x_wconf 90' lang='lat' dir='ltr'><strong>huiusmodi,</strong></span> <span class='ocrx_word' id='word_1_180' title='bbox 1260 1961 1373 1998; x_wconf 91' lang='lat' dir='ltr'><strong>simul</strong></span> 
     </span>
     <span class='ocr_line' id='line_1_29' title="bbox 300 2012 1370 2063; baseline 0.002 -14"><span class='ocrx_word' id='word_1_181' title='bbox 300 2025 387 2050; x_wconf 87' lang='lat' dir='ltr'><strong>curn</strong></span> <span class='ocrx_word' id='word_1_182' title='bbox 418 2012 656 2050; x_wconf 88' lang='lat' dir='ltr'><strong>intellectuali</strong></span> <span class='ocrx_word' id='word_1_183' title='bbox 676 2013 823 2052; x_wconf 84' lang='lat' dir='ltr'><strong>visione</strong></span> <span class='ocrx_word' id='word_1_184' title='bbox 853 2014 1118 2063; x_wconf 85' lang='lat' dir='ltr'><strong>imaginariam</strong></span> <span class='ocrx_word' id='word_1_185' title='bbox 1137 2015 1370 2052; x_wconf 87' lang='lat' dir='ltr'><strong>habuerunt:</strong></span> 
     </span>
    </p>
   </div>
   <div class='ocr_carea' id='block_1_18' title="bbox 299 2066 1399 2119">
    <p class='ocr_par' dir='ltr' id='par_1_19' title="bbox 299 2066 1399 2119">
     <span class='ocr_line' id='line_1_30' title="bbox 299 2066 1399 2119; baseline 0.002 -17"><span class='ocrx_word' id='word_1_186' title='bbox 299 2079 378 2103; x_wconf 92' lang='lat' dir='ltr'><strong>non</strong></span> <span class='ocrx_word' id='word_1_187' title='bbox 407 2073 535 2102; x_wconf 89' lang='lat' dir='ltr'><strong>autem</strong></span> <span class='ocrx_word' id='word_1_188' title='bbox 564 2066 613 2103; x_wconf 89' lang='lat' dir='ltr'><strong>illi</strong></span> <span class='ocrx_word' id='word_1_189' title='bbox 641 2067 707 2115; x_wconf 91' lang='lat' dir='ltr'><strong>qui</strong></span> <span class='ocrx_word' id='word_1_190' title='bbox 737 2068 913 2106; x_wconf 86' lang='lat' dir='ltr'><strong>dicuntur</strong></span> <span class='ocrx_word' id='word_1_191' title='bbox 946 2068 1194 2117; x_wconf 90' lang='lat' dir='ltr'><strong>hagiographi</strong></span> <span class='ocrx_word' id='word_1_192' title='bbox 1213 2066 1246 2115; x_wconf 75' lang='grc' dir='ltr'><strong>β,</strong></span> <span class='ocrx_word' id='word_1_193' title='bbox 1276 2068 1373 2105; x_wconf 89' lang='lat' dir='ltr'><strong>sicut</strong></span> <span class='ocrx_word' id='word_1_194' title='bbox 1398 2087 1399 2119; x_wconf 36' lang='lat' dir='ltr'><strong>t</strong></span> 
     </span>
    </p>
   </div>
   <div class='ocr_carea' id='block_1_19' title="bbox 301 2119 1373 2810">
    <p class='ocr_par' dir='ltr' id='par_1_20' title="bbox 301 2119 1373 2382">
     <span class='ocr_line' id='line_1_31' title="bbox 301 2119 1373 2170; baseline 0.002 -14"><span class='ocrx_word' id='word_1_195' title='bbox 301 2132 345 2156; x_wconf 88' lang='lat' dir='ltr'><strong>ex</strong></span> <span class='ocrx_word' id='word_1_196' title='bbox 374 2119 620 2168; x_wconf 88' lang='lat' dir='ltr'><strong>inspiratione</strong></span> <span class='ocrx_word' id='word_1_197' title='bbox 657 2121 819 2170; x_wconf 90' lang='lat' dir='ltr'><strong>Spiritus</strong></span> <span class='ocrx_word' id='word_1_198' title='bbox 858 2122 986 2158; x_wconf 89' lang='lat' dir='ltr'><strong>Sancti</strong></span> <span class='ocrx_word' id='word_1_199' title='bbox 1016 2122 1246 2169; x_wconf 89' lang='lat' dir='ltr'><strong>scribentes,</strong></span> <span class='ocrx_word' id='word_1_200' title='bbox 1276 2121 1373 2158; x_wconf 90' lang='lat' dir='ltr'><strong>sicut</strong></span> 
     </span>
     <span class='ocr_line' id='line_1_32' title="bbox 301 2173 1373 2224; baseline 0.002 -15"><span class='ocrx_word' id='word_1_201' title='bbox 301 2174 382 2220; x_wconf 87' lang='lat' dir='ltr'><strong>lob,</strong></span> <span class='ocrx_word' id='word_1_202' title='bbox 403 2173 543 2220; x_wconf 89' lang='lat' dir='ltr'><strong>David,</strong></span> <span class='ocrx_word' id='word_1_203' title='bbox 566 2174 752 2212; x_wconf 88' lang='lat' dir='ltr'><strong>Salomon</strong></span> <span class='ocrx_word' id='word_1_204' title='bbox 774 2182 810 2212; x_wconf 90' lang='lat' dir='ltr'><strong>et</strong></span> <span class='ocrx_word' id='word_1_205' title='bbox 829 2175 1061 2212; x_wconf 90' lang='lat' dir='ltr'><strong>huiusmodi.</strong></span> <span class='ocrx_word' id='word_1_206' title='bbox 1092 2175 1195 2224; x_wconf 90' lang='lat' dir='ltr'><strong>Ergo</strong></span> <span class='ocrx_word' id='word_1_207' title='bbox 1218 2175 1373 2212; x_wconf 88' lang='lat' dir='ltr'><strong>videtur</strong></span> 
     </span>
     <span class='ocr_line' id='line_1_33' title="bbox 301 2226 1371 2287; baseline 0.002 -25"><span class='ocrx_word' id='word_1_208' title='bbox 301 2227 407 2275; x_wconf 90' lang='lat' dir='ltr'><strong>quod</strong></span> <span class='ocrx_word' id='word_1_209' title='bbox 435 2226 556 2274; x_wconf 88' lang='lat' dir='ltr'><strong>magis</strong></span> <span class='ocrx_word' id='word_1_210' title='bbox 585 2228 738 2287; x_wconf 84' lang='lat' dir='ltr'><strong>proprie</strong></span> <span class='ocrx_word' id='word_1_211' title='bbox 775 2228 953 2266; x_wconf 89' lang='lat' dir='ltr'><strong>dicuntur</strong></span> <span class='ocrx_word' id='word_1_212' title='bbox 986 2229 1198 2278; x_wconf 88' lang='lat' dir='ltr'><strong>prophetae</strong></span> <span class='ocrx_word' id='word_1_213' title='bbox 1229 2227 1279 2264; x_wconf 92' lang='lat' dir='ltr'><strong>illi</strong></span> <span class='ocrx_word' id='word_1_214' title='bbox 1306 2227 1371 2276; x_wconf 92' lang='lat' dir='ltr'><strong>qui</strong></span> 
     </span>
     <span class='ocr_line' id='line_1_34' title="bbox 301 2279 1372 2329; baseline 0.002 -14"><span class='ocrx_word' id='word_1_215' title='bbox 301 2281 444 2316; x_wconf 91' lang='lat' dir='ltr'><strong>habent</strong></span> <span class='ocrx_word' id='word_1_216' title='bbox 469 2279 581 2316; x_wconf 91' lang='lat' dir='ltr'><strong>simul</strong></span> <span class='ocrx_word' id='word_1_217' title='bbox 604 2281 796 2318; x_wconf 89' lang='lat' dir='ltr'><strong>visionem</strong></span> <span class='ocrx_word' id='word_1_218' title='bbox 826 2281 1090 2329; x_wconf 87' lang='lat' dir='ltr'><strong>imaginariam</strong></span> <span class='ocrx_word' id='word_1_219' title='bbox 1111 2294 1199 2318; x_wconf 90' lang='lat' dir='ltr'><strong>cum</strong></span> <span class='ocrx_word' id='word_1_220' title='bbox 1229 2281 1372 2318; x_wconf 91' lang='lat' dir='ltr'><strong>intelle-</strong></span> 
     </span>
     <span class='ocr_line' id='line_1_35' title="bbox 303 2332 1369 2382; baseline 0 -12"><span class='ocrx_word' id='word_1_221' title='bbox 303 2333 426 2379; x_wconf 86' lang='lat' dir='ltr'><strong>ctuali,</strong></span> <span class='ocrx_word' id='word_1_222' title='bbox 447 2345 564 2381; x_wconf 90' lang='lat' dir='ltr'><strong>quam</strong></span> <span class='ocrx_word' id='word_1_223' title='bbox 584 2332 634 2370; x_wconf 88' lang='lat' dir='ltr'><strong>illi</strong></span> <span class='ocrx_word' id='word_1_224' title='bbox 653 2334 718 2382; x_wconf 89' lang='lat' dir='ltr'><strong>qui</strong></span> <span class='ocrx_word' id='word_1_225' title='bbox 738 2335 880 2371; x_wconf 89' lang='lat' dir='ltr'><strong>habent</strong></span> <span class='ocrx_word' id='word_1_226' title='bbox 894 2335 1188 2371; x_wconf 88' lang='lat' dir='ltr'><strong>intellectualem</strong></span> <span class='ocrx_word' id='word_1_227' title='bbox 1209 2342 1369 2370; x_wconf 87' lang='lat' dir='ltr'><strong>tantum.</strong></span> 
     </span>
    </p>

    <p class='ocr_par' dir='ltr' id='par_1_21' title="bbox 302 2362 1373 2703">
     <span class='ocr_line' id='line_1_36' title="bbox 355 2362 1370 2436; baseline 0.001 -14"><span class='ocrx_word' id='word_1_228' title='bbox 355 2398 392 2432; x_wconf 88' lang='lat'><strong>4.</strong></span> <span class='ocrx_word' id='word_1_229' title='bbox 410 2362 645 2434; x_wconf 48' lang='lat' dir='ltr'><strong>ISRAETEREA,</strong></span> <span class='ocrx_word' id='word_1_230' title='bbox 662 2387 871 2435; x_wconf 92' lang='lat' dir='ltr'><strong>Dionysius</strong></span> <span class='ocrx_word' id='word_1_231' title='bbox 893 2387 991 2434; x_wconf 90' lang='lat' dir='ltr'><strong>dicit,</strong></span> <span class='ocrx_word' id='word_1_232' title='bbox 1009 2399 1019 2423; x_wconf 87' lang='lat'>1</span> <span class='ocrx_word' id='word_1_233' title='bbox 1037 2387 1229 2436; x_wconf 89' lang='lat' dir='ltr'><strong>cap.Cael.</strong></span> <span class='ocrx_word' id='word_1_234' title='bbox 1245 2387 1370 2433; x_wconf 88' lang='lat' dir='ltr'><strong>Hier.,</strong></span> 
     </span>
     <span class='ocr_line' id='line_1_37' title="bbox 303 2439 1371 2490; baseline 0.001 -15"><span class='ocrx_word' id='word_1_235' title='bbox 303 2439 407 2487; x_wconf 92' lang='lat' dir='ltr'><strong>quod</strong></span> <span class='ocrx_word' id='word_1_236' title='bbox 428 2439 653 2487; x_wconf 86' lang='lat' dir='ltr'><strong>impossibile</strong></span> <span class='ocrx_word' id='word_1_237' title='bbox 672 2446 726 2477; x_wconf 88' lang='lat' dir='ltr'><strong>est</strong></span> <span class='ocrx_word' id='word_1_238' title='bbox 743 2441 849 2477; x_wconf 85' lang='lat' dir='ltr'><strong>nobis</strong></span> <span class='ocrx_word' id='word_1_239' title='bbox 867 2441 1107 2490; x_wconf 83' lang='lat' dir='ltr'><strong>superlucere</strong></span> <span class='ocrx_word' id='word_1_240' title='bbox 1126 2441 1294 2477; x_wconf 87' lang='lat' dir='ltr'><strong>divinum</strong></span> <span class='ocrx_word' id='word_1_241' title='bbox 1310 2451 1371 2477; x_wconf 86' lang='lat' dir='ltr'><strong>ra—</strong></span> 
     </span>
     <span class='ocr_line' id='line_1_38' title="bbox 303 2492 1371 2539; baseline 0.002 -11"><span class='ocrx_word' id='word_1_242' title='bbox 303 2493 418 2539; x_wconf 84' lang='lat' dir='ltr'><strong>dium,</strong></span> <span class='ocrx_word' id='word_1_243' title='bbox 439 2492 512 2529; x_wconf 89' lang='lat' dir='ltr'><strong>nisi</strong></span> <span class='ocrx_word' id='word_1_244' title='bbox 527 2493 708 2530; x_wconf 74' lang='lat' dir='ltr'><strong>varietate</strong></span> <span class='ocrx_word' id='word_1_245' title='bbox 731 2506 931 2531; x_wconf 83' lang='lat' dir='ltr'><strong>sacrorum</strong></span> <span class='ocrx_word' id='word_1_246' title='bbox 960 2493 1191 2530; x_wconf 78' lang='lat' dir='ltr'><strong>velaminum</strong></span> <span class='ocrx_word' id='word_1_247' title='bbox 1211 2493 1371 2530; x_wconf 89' lang='lat' dir='ltr'><strong>circum-</strong></span> 
     </span>
     <span class='ocr_line' id='line_1_39' title="bbox 302 2545 1372 2596; baseline 0.001 -14"><span class='ocrx_word' id='word_1_248' title='bbox 302 2546 478 2583; x_wconf 74' lang='lat' dir='ltr'><strong>velatum.</strong></span> <span class='ocrx_word' id='word_1_249' title='bbox 510 2545 588 2582; x_wconf 91' lang='lat' dir='ltr'><strong>Sed</strong></span> <span class='ocrx_word' id='word_1_250' title='bbox 616 2547 840 2596; x_wconf 91' lang='lat' dir='ltr'><strong>prophetica</strong></span> <span class='ocrx_word' id='word_1_251' title='bbox 869 2547 1049 2584; x_wconf 89' lang='lat' dir='ltr'><strong>revelatio</strong></span> <span class='ocrx_word' id='word_1_252' title='bbox 1069 2547 1112 2584; x_wconf 89' lang='lat' dir='ltr'><strong>fit</strong></span> <span class='ocrx_word' id='word_1_253' title='bbox 1130 2559 1199 2595; x_wconf 90' lang='lat' dir='ltr'><strong>per</strong></span> <span class='ocrx_word' id='word_1_254' title='bbox 1227 2546 1372 2585; x_wconf 89' lang='lat' dir='ltr'><strong>immis-</strong></span> 
     </span>
     <span class='ocr_line' id='line_1_40' title="bbox 304 2598 1373 2648; baseline 0.001 -12"><span class='ocrx_word' id='word_1_255' title='bbox 304 2599 453 2636; x_wconf 89' lang='lat' dir='ltr'><strong>sionem</strong></span> <span class='ocrx_word' id='word_1_256' title='bbox 475 2598 592 2636; x_wconf 90' lang='lat' dir='ltr'><strong>divini</strong></span> <span class='ocrx_word' id='word_1_257' title='bbox 614 2600 719 2637; x_wconf 88' lang='lat' dir='ltr'><strong>radii.</strong></span> <span class='ocrx_word' id='word_1_258' title='bbox 740 2601 843 2648; x_wconf 90' lang='lat' dir='ltr'><strong>Ergo</strong></span> <span class='ocrx_word' id='word_1_259' title='bbox 863 2601 1013 2638; x_wconf 91' lang='lat' dir='ltr'><strong>videtur</strong></span> <span class='ocrx_word' id='word_1_260' title='bbox 1028 2600 1135 2648; x_wconf 89' lang='lat' dir='ltr'><strong>quod</strong></span> <span class='ocrx_word' id='word_1_261' title='bbox 1155 2612 1234 2637; x_wconf 91' lang='lat' dir='ltr'><strong>non</strong></span> <span class='ocrx_word' id='word_1_262' title='bbox 1254 2600 1373 2648; x_wconf 90' lang='lat' dir='ltr'><strong>possit</strong></span> 
     </span>
     <span class='ocr_line' id='line_1_41' title="bbox 305 2653 1196 2703; baseline 0.001 -14"><span class='ocrx_word' id='word_1_263' title='bbox 305 2664 386 2689; x_wconf 91' lang='lat' dir='ltr'><strong>esse</strong></span> <span class='ocrx_word' id='word_1_264' title='bbox 417 2653 561 2700; x_wconf 87' lang='lat' dir='ltr'><strong>absque</strong></span> <span class='ocrx_word' id='word_1_265' title='bbox 590 2655 901 2703; x_wconf 88' lang='lat' dir='ltr'><strong>phantasmatum</strong></span> <span class='ocrx_word' id='word_1_266' title='bbox 930 2653 1196 2690; x_wconf 86' lang='lat' dir='ltr'><strong>velaminibus.</strong></span> 
     </span>
    </p>

    <p class='ocr_par' dir='ltr' id='par_1_22' title="bbox 305 2706 1373 2810">
     <span class='ocr_line' id='line_1_42' title="bbox 358 2706 1372 2756; baseline -0.002 -12"><span class='ocrx_word' id='word_1_267' title='bbox 358 2707 432 2744; x_wconf 75' lang='lat' dir='ltr'><strong>SED</strong></span> <span class='ocrx_word' id='word_1_268' title='bbox 460 2716 606 2744; x_wconf 80' lang='lat' dir='ltr'>CONTRA</span> <span class='ocrx_word' id='word_1_269' title='bbox 635 2718 702 2744; x_wconf 74' lang='lat' dir='ltr'><strong>as&#39;r</strong></span> <span class='ocrx_word' id='word_1_270' title='bbox 731 2708 834 2756; x_wconf 92' lang='lat' dir='ltr'><strong>quod</strong></span> <span class='ocrx_word' id='word_1_271' title='bbox 864 2707 1004 2744; x_wconf 90' lang='lat' dir='ltr'><strong>Glossa</strong></span> <span class='ocrx_word' id='word_1_272' title='bbox 1022 2706 1042 2728; x_wconf 77' lang='lat'><strong>’¹‘</strong></span> <span class='ocrx_word' id='word_1_273' title='bbox 1071 2706 1176 2753; x_wconf 87' lang='lat' dir='ltr'><strong>dicit,</strong></span> <span class='ocrx_word' id='word_1_274' title='bbox 1206 2706 1244 2743; x_wconf 91' lang='lat' dir='ltr'><strong>in</strong></span> <span class='ocrx_word' id='word_1_275' title='bbox 1273 2707 1372 2755; x_wconf 91' lang='lat' dir='ltr'><strong>prin-</strong></span> 
     </span>
     <span class='ocr_line' id='line_1_43' title="bbox 305 2735 1373 2810; baseline 0 -14"><span class='ocrx_word' id='word_1_276' title='bbox 305 2759 402 2810; x_wconf 90' lang='lat' dir='ltr'><strong>cipio</strong></span> <span class='ocrx_word' id='word_1_277' title='bbox 423 2759 606 2808; x_wconf 86' lang='lat' dir='ltr'><strong>Psalterii,</strong></span> <span class='ocrx_word' id='word_1_278' title='bbox 628 2760 732 2810; x_wconf 91' lang='lat' dir='ltr'><strong>quod</strong></span> <span class='ocrx_word' id='word_1_279' title='bbox 762 2760 823 2798; x_wconf 89' lang='lat' dir='ltr'><strong>ille</strong></span> <span class='ocrx_word' id='word_1_280' title='bbox 850 2761 983 2797; x_wconf 86' lang='lat' dir='ltr'><strong>modus</strong></span> <span class='ocrx_word' id='word_1_281' title='bbox 996 2735 1219 2809; x_wconf 84' lang='lat' dir='ltr'><strong>prophetiae</strong></span> <span class='ocrx_word' id='word_1_282' title='bbox 1242 2759 1373 2796; x_wconf 87' lang='lat' dir='ltr'><strong>ceteris</strong></span> 
     </span>
    </p>
   </div>
   <div class='ocr_carea' id='block_1_20' title="bbox 304 2812 1401 2863">
    <p class='ocr_par' dir='ltr' id='par_1_23' title="bbox 304 2812 1401 2863">
     <span class='ocr_line' id='line_1_44' title="bbox 304 2812 1401 2863; baseline -0.002 -11"><span class='ocrx_word' id='word_1_283' title='bbox 304 2821 358 2852; x_wconf 86' lang='lat' dir='ltr'><strong>est</strong></span> <span class='ocrx_word' id='word_1_284' title='bbox 384 2812 549 2862; x_wconf 79' lang='lat' dir='ltr'><strong>dignior,</strong></span> <span class='ocrx_word' id='word_1_285' title='bbox 571 2814 721 2863; x_wconf 82' lang='lat' dir='ltr'><strong>quando</strong></span> <span class='ocrx_word' id='word_1_286' title='bbox 741 2814 880 2851; x_wconf 88' lang='lat' dir='ltr'><strong>scilicet</strong></span> <span class='ocrx_word' id='word_1_287' title='bbox 899 2826 949 2850; x_wconf 89' lang='lat' dir='ltr'><strong>ex</strong></span> <span class='ocrx_word' id='word_1_288' title='bbox 966 2813 1047 2850; x_wconf 90' lang='lat' dir='ltr'><strong>sola</strong></span> <span class='ocrx_word' id='word_1_289' title='bbox 1067 2813 1226 2862; x_wconf 81' lang='lat' dir='ltr'><strong>Spiritus</strong></span> <span class='ocrx_word' id='word_1_290' title='bbox 1246 2813 1401 2859; x_wconf 86' lang='lat' dir='ltr'><strong>Sancti</strong></span> <span class='ocrx_word' id='word_1_291' title='bbox 1399 2827 1400 2836; x_wconf 58' lang='lat'>¹</span> 
     </span>
    </p>
   </div>
   <div class='ocr_carea' id='block_1_21' title="bbox 305 2866 1401 2968">
    <p class='ocr_par' dir='ltr' id='par_1_24' title="bbox 305 2866 1401 2968">
     <span class='ocr_line' id='line_1_45' title="bbox 305 2866 1401 2918; baseline -0.003 -12"><span class='ocrx_word' id='word_1_292' title='bbox 305 2866 558 2918; x_wconf 85' lang='lat' dir='ltr'><strong>inspiratione,</strong></span> <span class='ocrx_word' id='word_1_293' title='bbox 580 2873 722 2905; x_wconf 90' lang='lat' dir='ltr'><strong>remoto</strong></span> <span class='ocrx_word' id='word_1_294' title='bbox 743 2868 849 2904; x_wconf 90' lang='lat' dir='ltr'><strong>omni</strong></span> <span class='ocrx_word' id='word_1_295' title='bbox 866 2867 1048 2904; x_wconf 87' lang='lat' dir='ltr'><strong>exteriori</strong></span> <span class='ocrx_word' id='word_1_296' title='bbox 1067 2866 1401 2914; x_wconf 87' lang='lat' dir='ltr'><strong>adminiculofa-</strong></span> 
     </span>
     <span class='ocr_line' id='line_1_46' title="bbox 305 2919 1371 2968; baseline -0.004 -8"><span class='ocrx_word' id='word_1_297' title='bbox 305 2923 355 2960; x_wconf 91' lang='lat' dir='ltr'><strong>cti</strong></span> <span class='ocrx_word' id='word_1_298' title='bbox 379 2921 439 2959; x_wconf 77' lang='lat' dir='ltr'><strong>vet</strong></span> <span class='ocrx_word' id='word_1_299' title='bbox 466 2919 554 2957; x_wconf 87' lang='lat' dir='ltr'><strong>dicti</strong></span> <span class='ocrx_word' id='word_1_300' title='bbox 580 2921 639 2958; x_wconf 76' lang='lat' dir='ltr'><strong>vel</strong></span> <span class='ocrx_word' id='word_1_301' title='bbox 666 2921 818 2958; x_wconf 81' lang='lat' dir='ltr'><strong>visionis</strong></span> <span class='ocrx_word' id='word_1_302' title='bbox 846 2920 919 2957; x_wconf 82' lang='lat' dir='ltr'><strong>vel</strong></span> <span class='ocrx_word' id='word_1_303' title='bbox 932 2920 1087 2966; x_wconf 85' lang='lat' dir='ltr'><strong>somnii,</strong></span> <span class='ocrx_word' id='word_1_304' title='bbox 1113 2921 1371 2968; x_wconf 83' lang='lat' dir='ltr'><strong>prophetatur.</strong></span> 
     </span>
    </p>
   </div>
   <div class='ocr_carea' id='block_1_22' title="bbox 1391 734 1407 2826">
    <p class='ocr_par' dir='ltr' id='par_1_25' title="bbox 1391 734 1407 2826">
     <span class='ocr_line' id='line_1_47' title="bbox 1391 734 1407 2826; baseline 0 0"><span class='ocrx_word' id='word_1_305' title='bbox 1391 734 1407 2826; x_wconf 95' lang='lat' dir='ltr'><strong> </strong></span> 
     </span>
    </p>
   </div>
   <div class='ocr_carea' id='block_1_23' title="bbox 1421 735 2490 797">
    <p class='ocr_par' dir='ltr' id='par_1_26' title="bbox 1421 735 2490 797">
     <span class='ocr_line' id='line_1_48' title="bbox 1421 735 2490 797; baseline 0.007 -26"><span class='ocrx_word' id='word_1_306' title='bbox 1421 747 1567 772; x_wconf 91' lang='lat' dir='ltr'><strong>rerum:</strong></span> <span class='ocrx_word' id='word_1_307' title='bbox 1606 735 1727 783; x_wconf 88' lang='lat' dir='ltr'><strong>magis</strong></span> <span class='ocrx_word' id='word_1_308' title='bbox 1757 736 1856 773; x_wconf 91' lang='lat' dir='ltr'><strong>enim</strong></span> <span class='ocrx_word' id='word_1_309' title='bbox 1894 739 2177 797; x_wconf 80' lang='lat' dir='ltr'><strong>appropinquat</strong></span> <span class='ocrx_word' id='word_1_310' title='bbox 2213 741 2262 778; x_wconf 87' lang='lat' dir='ltr'><strong>ad</strong></span> <span class='ocrx_word' id='word_1_311' title='bbox 2298 741 2490 779; x_wconf 88' lang='lat' dir='ltr'><strong>visionem</strong></span> 
     </span>
    </p>
   </div>
   <div class='ocr_carea' id='block_1_24' title="bbox 467 788 2492 893">
    <p class='ocr_par' dir='ltr' id='par_1_27' title="bbox 480 788 2492 890">
     <span class='ocr_line' id='line_1_49' title="bbox 1392 788 2492 847; baseline 0.008 -24"><span class='ocrx_word' id='word_1_312' title='bbox 1392 832 1394 840; x_wconf 21' lang='grc' dir='ltr'><em>Α</em></span> <span class='ocrx_word' id='word_1_313' title='bbox 1420 788 1576 847; x_wconf 89' lang='lat' dir='ltr'><strong>patriae,</strong></span> <span class='ocrx_word' id='word_1_314' title='bbox 1607 789 1822 826; x_wconf 88' lang='lat' dir='ltr'><strong>secundum</strong></span> <span class='ocrx_word' id='word_1_315' title='bbox 1851 802 1969 838; x_wconf 89' lang='lat' dir='ltr'><strong>quam</strong></span> <span class='ocrx_word' id='word_1_316' title='bbox 1998 791 2036 828; x_wconf 91' lang='lat' dir='ltr'><strong>in</strong></span> <span class='ocrx_word' id='word_1_317' title='bbox 2066 793 2227 830; x_wconf 87' lang='lat' dir='ltr'><strong>essentia</strong></span> <span class='ocrx_word' id='word_1_318' title='bbox 2256 795 2329 832; x_wconf 91' lang='lat' dir='ltr'><strong>Dei</strong></span> <span class='ocrx_word' id='word_1_319' title='bbox 2353 794 2492 832; x_wconf 84' lang='lat' dir='ltr'><strong>veritas</strong></span> 
     </span>
     <span class='ocr_line' id='line_1_50' title="bbox 467 840 1394 893; baseline 0 -14"><span class='ocrx_word' id='word_1_320' title='bbox 467 840 659 893; x_wconf 47' lang='lat' dir='ltr'><strong>{sionem</strong></span> <span class='ocrx_word' id='word_1_321' title='bbox 693 842 985 879; x_wconf 87' lang='lat' dir='ltr'><strong>intellectualem</strong></span> <span class='ocrx_word' id='word_1_322' title='bbox 1025 851 1060 879; x_wconf 90' lang='lat' dir='ltr'><strong>et</strong></span> <span class='ocrx_word' id='word_1_323' title='bbox 1089 842 1365 890; x_wconf 87' lang='lat' dir='ltr'><strong>imaginariam,</strong></span> <span class='ocrx_word' id='word_1_324' title='bbox 1392 841 1394 868; x_wconf 70' lang='lat' dir='ltr'><strong>l</strong></span> 
     </span>
    </p>
   </div>
   <div class='ocr_carea' id='block_1_25' title="bbox 360 863 1394 944">
    <p class='ocr_par' dir='ltr' id='par_1_28' title="bbox 360 863 1394 944">
     <span class='ocr_line' id='line_1_51' title="bbox 360 863 1394 944; baseline 0.002 -14"><span class='ocrx_word' id='word_1_325' title='bbox 360 881 364 888; x_wconf 48' lang='grc'><strong>’</strong></span> <span class='ocrx_word' id='word_1_326' title='bbox 387 879 406 906; x_wconf 27' lang='lat'><strong>&#39;¹</strong></span> <span class='ocrx_word' id='word_1_327' title='bbox 425 863 477 926; x_wconf 59' lang='lat'><strong>13</strong></span> <span class='ocrx_word' id='word_1_328' title='bbox 466 887 627 943; x_wconf 39' lang='lat' dir='ltr'><strong>&amp;quam</strong></span> <span class='ocrx_word' id='word_1_329' title='bbox 659 907 702 931; x_wconf 90' lang='lat' dir='ltr'><strong>ea</strong></span> <span class='ocrx_word' id='word_1_330' title='bbox 731 907 828 944; x_wconf 91' lang='lat' dir='ltr'><strong>quae</strong></span> <span class='ocrx_word' id='word_1_331' title='bbox 865 896 981 933; x_wconf 89' lang='lat' dir='ltr'><strong>habet</strong></span> <span class='ocrx_word' id='word_1_332' title='bbox 1007 895 1196 933; x_wconf 89' lang='lat' dir='ltr'><strong>visionem</strong></span> <span class='ocrx_word' id='word_1_333' title='bbox 1225 896 1394 935; x_wconf 69' lang='lat' dir='ltr'><strong>intelle-1</strong></span> 
     </span>
    </p>
   </div>
   <div class='ocr_carea' id='block_1_26' title="bbox 1421 841 2634 947">
    <p class='ocr_par' dir='ltr' id='par_1_29' title="bbox 1421 841 2634 947">
     <span class='ocr_line' id='line_1_52' title="bbox 1422 841 2490 906; baseline 0.008 -29"><span class='ocrx_word' id='word_1_334' title='bbox 1422 841 1663 890; x_wconf 86' lang='lat' dir='ltr'><strong>conspicitur.</strong></span> <span class='ocrx_word' id='word_1_335' title='bbox 1693 842 1743 878; x_wconf 91' lang='lat' dir='ltr'><strong>Et</strong></span> <span class='ocrx_word' id='word_1_336' title='bbox 1761 842 1850 879; x_wconf 92' lang='lat' dir='ltr'><strong>inde</strong></span> <span class='ocrx_word' id='word_1_337' title='bbox 1867 851 1923 880; x_wconf 91' lang='lat' dir='ltr'><strong>est</strong></span> <span class='ocrx_word' id='word_1_338' title='bbox 1941 845 2047 903; x_wconf 84' lang='lat' dir='ltr'><strong>quod</strong></span> <span class='ocrx_word' id='word_1_339' title='bbox 2065 847 2267 906; x_wconf 85' lang='lat' dir='ltr'><strong>prophetia</strong></span> <span class='ocrx_word' id='word_1_340' title='bbox 2285 860 2355 896; x_wconf 89' lang='lat' dir='ltr'><strong>per</strong></span> <span class='ocrx_word' id='word_1_341' title='bbox 2374 860 2490 897; x_wconf 83' lang='lat' dir='ltr'><strong>quam</strong></span> 
     </span>
     <span class='ocr_line' id='line_1_53' title="bbox 1421 893 2634 947; baseline 0.008 -17"><span class='ocrx_word' id='word_1_342' title='bbox 1421 893 1548 942; x_wconf 89' lang='lat' dir='ltr'><strong>aliqua</strong></span> <span class='ocrx_word' id='word_1_343' title='bbox 1575 895 1874 944; x_wconf 88' lang='lat' dir='ltr'><strong>supernaturalis</strong></span> <span class='ocrx_word' id='word_1_344' title='bbox 1905 896 2046 934; x_wconf 87' lang='lat' dir='ltr'><strong>veritas</strong></span> <span class='ocrx_word' id='word_1_345' title='bbox 2075 899 2307 947; x_wconf 89' lang='lat' dir='ltr'><strong>conspicitur</strong></span> <span class='ocrx_word' id='word_1_346' title='bbox 2345 901 2448 938; x_wconf 91' lang='lat' dir='ltr'><strong>nude</strong></span> <span class='ocrx_word' id='word_1_347' title='bbox 2476 906 2491 929; x_wconf 76' lang='grc' dir='ltr'><strong>Ὺ</strong></span> <span class='ocrx_word' id='word_1_348' title='bbox 2615 903 2634 931; x_wconf 69' lang='grc' dir='ltr'>ἲ</span> 
     </span>
    </p>
   </div>
   <div class='ocr_carea' id='block_1_27' title="bbox 156 948 2494 1051">
    <p class='ocr_par' dir='ltr' id='par_1_30' title="bbox 169 948 2494 1050">
     <span class='ocr_line' id='line_1_54' title="bbox 1392 948 2494 1003; baseline 0.008 -20"><span class='ocrx_word' id='word_1_349' title='bbox 1392 949 1394 995; x_wconf 63' lang='grc' dir='ltr'>ᾗ</span> <span class='ocrx_word' id='word_1_350' title='bbox 1421 948 1635 985; x_wconf 89' lang='lat' dir='ltr'><strong>secundum</strong></span> <span class='ocrx_word' id='word_1_351' title='bbox 1674 949 1968 987; x_wconf 87' lang='lat' dir='ltr'><strong>intellectualem</strong></span> <span class='ocrx_word' id='word_1_352' title='bbox 2000 950 2223 1000; x_wconf 89' lang='lat' dir='ltr'><strong>veritatem,</strong></span> <span class='ocrx_word' id='word_1_353' title='bbox 2253 961 2310 990; x_wconf 88' lang='lat' dir='ltr'><strong>est</strong></span> <span class='ocrx_word' id='word_1_354' title='bbox 2345 954 2494 1003; x_wconf 90' lang='lat' dir='ltr'><strong>dignior</strong></span> 
     </span>
     <span class='ocr_line' id='line_1_55' title="bbox 156 1001 1394 1051; baseline 0.002 -14.021"><span class='ocrx_word' id='word_1_355' title='bbox 156 1019 221 1051; x_wconf 48' lang='grc' dir='ltr'><strong>(οι</strong></span> <span class='ocrx_word' id='word_1_356' title='bbox 223 1029 270 1050; x_wconf 59' lang='lat' dir='ltr'><strong>mh</strong></span> <span class='ocrx_word' id='word_1_357' title='bbox 293 1014 365 1050; x_wconf 83' lang='lat' dir='ltr'><strong>per</strong></span> <span class='ocrx_word' id='word_1_358' title='bbox 397 1002 488 1038; x_wconf 91' lang='lat' dir='ltr'><strong>Gen.</strong></span> <span class='ocrx_word' id='word_1_359' title='bbox 519 1002 571 1038; x_wconf 86' lang='lat' dir='ltr'><strong>ad</strong></span> <span class='ocrx_word' id='word_1_360' title='bbox 596 1001 660 1038; x_wconf 87' lang='lat' dir='ltr'><strong>litt.</strong></span> <span class='ocrx_word' id='word_1_361' title='bbox 681 1001 711 1048; x_wconf 62' lang='lat'><strong>²²,</strong></span> <span class='ocrx_word' id='word_1_362' title='bbox 735 1010 771 1038; x_wconf 92' lang='lat' dir='ltr'><strong>et</strong></span> <span class='ocrx_word' id='word_1_363' title='bbox 798 1003 959 1039; x_wconf 89' lang='lat' dir='ltr'><strong>habetur</strong></span> <span class='ocrx_word' id='word_1_364' title='bbox 986 1002 1023 1039; x_wconf 94' lang='lat' dir='ltr'><strong>in</strong></span> <span class='ocrx_word' id='word_1_365' title='bbox 1045 1003 1182 1040; x_wconf 91' lang='lat' dir='ltr'><strong>Glossa</strong></span> <span class='ocrx_word' id='word_1_366' title='bbox 1201 1002 1253 1049; x_wconf 43' lang='grc' dir='ltr'><strong>*ἦ</strong></span> <span class='ocrx_word' id='word_1_367' title='bbox 1284 1003 1369 1039; x_wconf 85' lang='lat' dir='ltr'><strong>lad</strong></span> <span class='ocrx_word' id='word_1_368' title='bbox 1393 1002 1394 1028; x_wconf 52' lang='grc' dir='ltr'>ἕ</span> 
     </span>
    </p>
   </div>
   <div class='ocr_carea' id='block_1_28' title="bbox 304 1033 1394 1104">
    <p class='ocr_par' dir='ltr' id='par_1_31' title="bbox 304 1033 1394 1104">
     <span class='ocr_line' id='line_1_56' title="bbox 304 1033 1394 1104; baseline 0 -12"><span class='ocrx_word' id='word_1_369' title='bbox 304 1056 389 1092; x_wconf 90' lang='lat' dir='ltr'><strong>Cor.</strong></span> <span class='ocrx_word' id='word_1_370' title='bbox 410 1066 492 1100; x_wconf 82' lang='lat' dir='ltr'><strong>xtv,</strong></span> <span class='ocrx_word' id='word_1_371' title='bbox 522 1067 637 1103; x_wconf 90' lang='lat' dir='ltr'><strong>super</strong></span> <span class='ocrx_word' id='word_1_372' title='bbox 664 1054 755 1092; x_wconf 89' lang='lat' dir='ltr'><strong>illud</strong></span> <span class='ocrx_word' id='word_1_373' title='bbox 779 1055 799 1076; x_wconf 69' lang='lat'><strong>&#39;¹‘</strong></span> <span class='ocrx_word' id='word_1_374' title='bbox 811 1056 1007 1104; x_wconf 85' lang='lat' dir='ltr'><strong>,Spiritus</strong></span> <span class='ocrx_word' id='word_1_375' title='bbox 1043 1062 1168 1093; x_wconf 86' lang='lat' dir='ltr'><strong>autem</strong></span> <span class='ocrx_word' id='word_1_376' title='bbox 1204 1033 1394 1104; x_wconf 66' lang='lat' dir='ltr'><strong>lo⁷quitur&#39;</strong></span> 
     </span>
    </p>
   </div>
   <div class='ocr_carea' id='block_1_29' title="bbox 1421 1001 2517 1259">
    <p class='ocr_par' dir='ltr' id='par_1_32' title="bbox 1421 1001 2517 1156">
     <span class='ocr_line' id='line_1_57' title="bbox 1421 1001 2492 1052; baseline 0.008 -15"><span class='ocrx_word' id='word_1_377' title='bbox 1421 1013 1540 1048; x_wconf 90' lang='lat' dir='ltr'><strong>quam</strong></span> <span class='ocrx_word' id='word_1_378' title='bbox 1575 1001 1636 1038; x_wconf 88' lang='lat' dir='ltr'><strong>illa</strong></span> <span class='ocrx_word' id='word_1_379' title='bbox 1663 1001 1702 1038; x_wconf 91' lang='lat' dir='ltr'><strong>in</strong></span> <span class='ocrx_word' id='word_1_380' title='bbox 1732 1014 1806 1050; x_wconf 86' lang='lat' dir='ltr'><strong>qua</strong></span> <span class='ocrx_word' id='word_1_381' title='bbox 1833 1002 1973 1040; x_wconf 89' lang='lat' dir='ltr'><strong>veritas</strong></span> <span class='ocrx_word' id='word_1_382' title='bbox 2002 1005 2299 1052; x_wconf 88' lang='lat' dir='ltr'><strong>supernaturalis</strong></span> <span class='ocrx_word' id='word_1_383' title='bbox 2334 1007 2492 1045; x_wconf 84' lang='lat' dir='ltr'><strong>manife-</strong></span> 
     </span>
     <span class='ocr_line' id='line_1_58' title="bbox 1422 1055 2517 1106; baseline 0.009 -16"><span class='ocrx_word' id='word_1_384' title='bbox 1422 1062 1540 1091; x_wconf 90' lang='lat' dir='ltr'><strong>statur</strong></span> <span class='ocrx_word' id='word_1_385' title='bbox 1566 1067 1636 1104; x_wconf 87' lang='lat' dir='ltr'><strong>per</strong></span> <span class='ocrx_word' id='word_1_386' title='bbox 1663 1055 1950 1094; x_wconf 90' lang='lat' dir='ltr'><strong>similitudinem</strong></span> <span class='ocrx_word' id='word_1_387' title='bbox 1987 1058 2246 1106; x_wconf 89' lang='lat' dir='ltr'><strong>corporalium</strong></span> <span class='ocrx_word' id='word_1_388' title='bbox 2279 1071 2407 1099; x_wconf 89' lang='lat' dir='ltr'><strong>rerum</strong></span> <span class='ocrx_word' id='word_1_389' title='bbox 2432 1073 2493 1098; x_wconf 92' lang='lat' dir='ltr'><strong>se·</strong></span> <span class='ocrx_word' id='word_1_390' title='bbox 2514 1098 2517 1100; x_wconf 83' lang='lat'><strong>.</strong></span> 
     </span>
     <span class='ocr_line' id='line_1_59' title="bbox 1422 1107 2115 1167; baseline 0.004 -23"><span class='ocrx_word' id='word_1_391' title='bbox 1422 1107 1592 1145; x_wconf 90' lang='lat' dir='ltr'><strong>cundum</strong></span> <span class='ocrx_word' id='word_1_392' title='bbox 1620 1107 1882 1167; x_wconf 81' lang='lat' dir='ltr'><strong>imaginariam</strong></span> <span class='ocrx_word' id='word_1_393' title='bbox 1910 1109 2115 1148; x_wconf 82' lang='lat' dir='ltr'><strong>visionem.</strong></span> 
     </span>
    </p>

    <p class='ocr_par' dir='ltr' id='par_1_33' title="bbox 1422 1161 2493 1259">
     <span class='ocr_line' id='line_1_60' title="bbox 1475 1161 2493 1214; baseline 0.007 -18"><span class='ocrx_word' id='word_1_394' title='bbox 1475 1161 1524 1197; x_wconf 88' lang='lat' dir='ltr'><strong>Et</strong></span> <span class='ocrx_word' id='word_1_395' title='bbox 1544 1173 1589 1197; x_wconf 84' lang='lat' dir='ltr'><strong>ex</strong></span> <span class='ocrx_word' id='word_1_396' title='bbox 1608 1161 1683 1198; x_wconf 91' lang='lat' dir='ltr'><strong>hoc</strong></span> <span class='ocrx_word' id='word_1_397' title='bbox 1703 1161 1818 1199; x_wconf 89' lang='lat' dir='ltr'><strong>etiam</strong></span> <span class='ocrx_word' id='word_1_398' title='bbox 1839 1163 2050 1200; x_wconf 88' lang='lat' dir='ltr'><strong>ostenditur</strong></span> <span class='ocrx_word' id='word_1_399' title='bbox 2069 1176 2180 1202; x_wconf 88' lang='lat' dir='ltr'><strong>mens</strong></span> <span class='ocrx_word' id='word_1_400' title='bbox 2199 1166 2412 1214; x_wconf 87' lang='lat' dir='ltr'><strong>prophetae</strong></span> <span class='ocrx_word' id='word_1_401' title='bbox 2432 1179 2493 1204; x_wconf 89' lang='lat' dir='ltr'><strong>su-</strong></span> 
     </span>
     <span class='ocr_line' id='line_1_61' title="bbox 1422 1214 2493 1259; baseline 0.007 -9"><span class='ocrx_word' id='word_1_402' title='bbox 1422 1214 1589 1251; x_wconf 89' lang='lat' dir='ltr'><strong>blimior:</strong></span> <span class='ocrx_word' id='word_1_403' title='bbox 1620 1214 1716 1251; x_wconf 88' lang='lat' dir='ltr'><strong>sicut</strong></span> <span class='ocrx_word' id='word_1_404' title='bbox 1743 1215 1782 1252; x_wconf 95' lang='lat' dir='ltr'><strong>in</strong></span> <span class='ocrx_word' id='word_1_405' title='bbox 1802 1215 1975 1254; x_wconf 87' lang='lat' dir='ltr'><strong>doctrina</strong></span> <span class='ocrx_word' id='word_1_406' title='bbox 1993 1216 2165 1255; x_wconf 88' lang='lat' dir='ltr'><strong>humana</strong></span> <span class='ocrx_word' id='word_1_407' title='bbox 2193 1218 2344 1256; x_wconf 89' lang='lat' dir='ltr'><strong>auditor</strong></span> <span class='ocrx_word' id='word_1_408' title='bbox 2368 1226 2493 1259; x_wconf 88' lang='lat' dir='ltr'><strong>osten—</strong></span> 
     </span>
    </p>
   </div>
   <div class='ocr_carea' id='block_1_30' title="bbox 299 1267 2495 1372">
    <p class='ocr_par' dir='ltr' id='par_1_34' title="bbox 299 1267 2495 1372">
     <span class='ocr_line' id='line_1_62' title="bbox 1394 1267 2495 1319; baseline 0.006 -16"><span class='ocrx_word' id='word_1_409' title='bbox 1394 1297 1395 1309; x_wconf 64' lang='grc'><strong>,</strong></span> <span class='ocrx_word' id='word_1_410' title='bbox 1423 1267 1523 1304; x_wconf 89' lang='lat' dir='ltr'><strong>ditur</strong></span> <span class='ocrx_word' id='word_1_411' title='bbox 1542 1280 1625 1304; x_wconf 88' lang='lat' dir='ltr'><strong>esse</strong></span> <span class='ocrx_word' id='word_1_412' title='bbox 1646 1267 1815 1305; x_wconf 89' lang='lat' dir='ltr'><strong>melioris</strong></span> <span class='ocrx_word' id='word_1_413' title='bbox 1840 1268 2050 1307; x_wconf 90' lang='lat' dir='ltr'><strong>intellectus</strong></span> <span class='ocrx_word' id='word_1_414' title='bbox 2079 1271 2143 1319; x_wconf 92' lang='lat' dir='ltr'><strong>qui</strong></span> <span class='ocrx_word' id='word_1_415' title='bbox 2161 1271 2362 1309; x_wconf 87' lang='lat' dir='ltr'><strong>veritatem</strong></span> <span class='ocrx_word' id='word_1_416' title='bbox 2389 1272 2495 1311; x_wconf 89' lang='lat' dir='ltr'><strong>intel—</strong></span> 
     </span>
     <span class='ocr_line' id='line_1_63' title="bbox 299 1322 1369 1372; baseline 0.003 -15"><span class='ocrx_word' id='word_1_417' title='bbox 299 1322 385 1357; x_wconf 92' lang='lat' dir='ltr'><strong>Hoc</strong></span> <span class='ocrx_word' id='word_1_418' title='bbox 405 1329 532 1357; x_wconf 90' lang='lat' dir='ltr'><strong>autem</strong></span> <span class='ocrx_word' id='word_1_419' title='bbox 552 1322 714 1370; x_wconf 89' lang='lat' dir='ltr'><strong>pertinet</strong></span> <span class='ocrx_word' id='word_1_420' title='bbox 730 1323 778 1359; x_wconf 90' lang='lat' dir='ltr'><strong>ad</strong></span> <span class='ocrx_word' id='word_1_421' title='bbox 792 1324 1022 1372; x_wconf 89' lang='lat' dir='ltr'><strong>prophetam</strong></span> <span class='ocrx_word' id='word_1_422' title='bbox 1038 1324 1102 1372; x_wconf 90' lang='lat' dir='ltr'><strong>qui</strong></span> <span class='ocrx_word' id='word_1_423' title='bbox 1122 1323 1233 1369; x_wconf 83' lang='lat' dir='ltr'><strong>simul</strong></span> <span class='ocrx_word' id='word_1_424' title='bbox 1254 1324 1369 1360; x_wconf 89' lang='lat' dir='ltr'><strong>habet</strong></span> 
     </span>
    </p>
   </div>
   <div class='ocr_carea' id='block_1_31' title="bbox 1422 1320 2501 1374">
    <p class='ocr_par' dir='ltr' id='par_1_35' title="bbox 1422 1320 2501 1374">
     <span class='ocr_line' id='line_1_64' title="bbox 1422 1320 2501 1374; baseline 0.006 -18"><span class='ocrx_word' id='word_1_425' title='bbox 1422 1320 1600 1369; x_wconf 86' lang='lat' dir='ltr'><strong>ligibilem</strong></span> <span class='ocrx_word' id='word_1_426' title='bbox 1623 1333 1645 1357; x_wconf 85' lang='lat' dir='ltr'><strong>a</strong></span> <span class='ocrx_word' id='word_1_427' title='bbox 1666 1322 1846 1370; x_wconf 89' lang='lat' dir='ltr'><strong>magistro</strong></span> <span class='ocrx_word' id='word_1_428' title='bbox 1867 1322 1971 1360; x_wconf 89' lang='lat' dir='ltr'><strong>nude</strong></span> <span class='ocrx_word' id='word_1_429' title='bbox 1989 1324 2180 1372; x_wconf 89' lang='lat' dir='ltr'><strong>prolatam</strong></span> <span class='ocrx_word' id='word_1_430' title='bbox 2201 1337 2338 1374; x_wconf 89' lang='lat' dir='ltr'><strong>capere</strong></span> <span class='ocrx_word' id='word_1_431' title='bbox 2356 1321 2501 1374; x_wconf 78' lang='lat' dir='ltr'><strong>potest,</strong></span> 
     </span>
    </p>
   </div>
   <div class='ocr_carea' id='block_1_32' title="bbox 1394 1373 2652 1539">
    <p class='ocr_par' dir='ltr' id='par_1_36' title="bbox 1394 1373 2652 1539">
     <span class='ocr_line' id='line_1_65' title="bbox 1394 1373 2496 1434; baseline 0.006 -25"><span class='ocrx_word' id='word_1_432' title='bbox 1394 1373 1396 1407; x_wconf 70' lang='grc' dir='ltr'>ἑ</span> <span class='ocrx_word' id='word_1_433' title='bbox 1422 1386 1539 1423; x_wconf 86' lang='lat' dir='ltr'><strong>quarn</strong></span> <span class='ocrx_word' id='word_1_434' title='bbox 1559 1374 1620 1411; x_wconf 90' lang='lat' dir='ltr'><strong>ille</strong></span> <span class='ocrx_word' id='word_1_435' title='bbox 1642 1375 1706 1424; x_wconf 90' lang='lat' dir='ltr'><strong>qui</strong></span> <span class='ocrx_word' id='word_1_436' title='bbox 1726 1375 1868 1434; x_wconf 87' lang='lat' dir='ltr'><strong>indiget</strong></span> <span class='ocrx_word' id='word_1_437' title='bbox 1887 1376 2128 1414; x_wconf 90' lang='lat' dir='ltr'><strong>sensibilibus</strong></span> <span class='ocrx_word' id='word_1_438' title='bbox 2150 1377 2331 1428; x_wconf 87' lang='lat' dir='ltr'><strong>exemplis</strong></span> <span class='ocrx_word' id='word_1_439' title='bbox 2352 1378 2402 1416; x_wconf 91' lang='lat' dir='ltr'><strong>ad</strong></span> <span class='ocrx_word' id='word_1_440' title='bbox 2419 1380 2496 1417; x_wconf 89' lang='lat' dir='ltr'><strong>hoc</strong></span> 
     </span>
     <span class='ocr_line' id='line_1_66' title="bbox 1394 1423 2496 1481; baseline 0.007 -18"><span class='ocrx_word' id='word_1_441' title='bbox 1394 1423 1396 1476; x_wconf 45' lang='lat' dir='ltr'><strong>i</strong></span> <span class='ocrx_word' id='word_1_442' title='bbox 1423 1427 1645 1464; x_wconf 87' lang='lat' dir='ltr'><strong>manuduci.</strong></span> <span class='ocrx_word' id='word_1_443' title='bbox 1674 1428 1815 1466; x_wconf 92' lang='lat' dir='ltr'><strong>Unde</strong></span> <span class='ocrx_word' id='word_1_444' title='bbox 1806 1441 1846 1466; x_wconf 82' lang='lat' dir='ltr'><strong>in</strong></span> <span class='ocrx_word' id='word_1_445' title='bbox 1866 1432 2246 1469; x_wconf 87' lang='lat' dir='ltr'><strong>commendationem</strong></span> <span class='ocrx_word' id='word_1_446' title='bbox 2269 1431 2496 1481; x_wconf 79' lang='lat' dir='ltr'><strong>prophetiae</strong></span> 
     </span>
     <span class='ocr_line' id='line_1_67' title="bbox 1396 1481 2652 1539; baseline 0.006 -22"><span class='ocrx_word' id='word_1_447' title='bbox 1396 1515 1397 1539; x_wconf 21' lang='grc' dir='ltr'>ᾗ</span> <span class='ocrx_word' id='word_1_448' title='bbox 1423 1481 1551 1518; x_wconf 89' lang='lat' dir='ltr'><strong>David</strong></span> <span class='ocrx_word' id='word_1_449' title='bbox 1581 1481 1735 1529; x_wconf 91' lang='lat' dir='ltr'><strong>dicitur,</strong></span> <span class='ocrx_word' id='word_1_450' title='bbox 1767 1483 1798 1518; x_wconf 94' lang='lat' dir='ltr'><strong>II</strong></span> <span class='ocrx_word' id='word_1_451' title='bbox 1828 1483 1926 1532; x_wconf 84' lang='lat' dir='ltr'><strong>Reg.</strong></span> <span class='ocrx_word' id='word_1_452' title='bbox 1951 1495 2037 1520; x_wconf 81' lang='lat' dir='ltr'><strong>xxm</strong></span> <span class='ocrx_word' id='word_1_453' title='bbox 2062 1483 2102 1520; x_wconf 75' lang='grc' dir='ltr'><strong>*ε</strong></span> <span class='ocrx_word' id='word_1_454' title='bbox 2140 1484 2245 1522; x_wconf 90' lang='lat' dir='ltr'><strong>Mihi</strong></span> <span class='ocrx_word' id='word_1_455' title='bbox 2270 1485 2415 1523; x_wconf 85' lang='lat' dir='ltr'><strong>locutus</strong></span> <span class='ocrx_word' id='word_1_456' title='bbox 2442 1491 2534 1526; x_wconf 83' lang='lat' dir='ltr'><strong>est·</strong></span> <span class='ocrx_word' id='word_1_457' title='bbox 2547 1494 2652 1525; x_wconf 71' lang='lat' dir='ltr'><strong>Vero-s-</strong></span> 
     </span>
    </p>
   </div>
   <div class='ocr_carea' id='block_1_33' title="bbox 1422 1534 2654 1584">
    <p class='ocr_par' dir='ltr' id='par_1_37' title="bbox 1422 1534 2654 1584">
     <span class='ocr_line' id='line_1_68' title="bbox 1422 1534 2654 1584; baseline 0.006 -14"><span class='ocrx_word' id='word_1_458' title='bbox 1422 1535 1548 1571; x_wconf 87' lang='lat' dir='ltr'><strong>Fortis</strong></span> <span class='ocrx_word' id='word_1_459' title='bbox 1567 1534 1710 1578; x_wconf 87' lang='lat' dir='ltr'><strong>Israel,·</strong></span> <span class='ocrx_word' id='word_1_460' title='bbox 1740 1542 1776 1571; x_wconf 92' lang='lat' dir='ltr'><strong>et</strong></span> <span class='ocrx_word' id='word_1_461' title='bbox 1795 1544 1930 1584; x_wconf 90' lang='lat' dir='ltr'><strong>postea</strong></span> <span class='ocrx_word' id='word_1_462' title='bbox 1948 1536 1968 1558; x_wconf 73' lang='lat'><strong>’¹‘</strong></span> <span class='ocrx_word' id='word_1_463' title='bbox 1997 1537 2142 1574; x_wconf 91' lang='lat' dir='ltr'><strong>subdit:</strong></span> <span class='ocrx_word' id='word_1_464' title='bbox 2172 1538 2278 1575; x_wconf 87' lang='lat' dir='ltr'><strong>Sicut</strong></span> <span class='ocrx_word' id='word_1_465' title='bbox 2294 1538 2364 1575; x_wconf 91' lang='lat' dir='ltr'><strong>lux</strong></span> <span class='ocrx_word' id='word_1_466' title='bbox 2381 1550 2496 1576; x_wconf 88' lang='lat' dir='ltr'><strong>auro·</strong></span> <span class='ocrx_word' id='word_1_467' title='bbox 2524 1551 2535 1561; x_wconf 85' lang='lat'><strong>·</strong></span> <span class='ocrx_word' id='word_1_468' title='bbox 2548 1548 2616 1572; x_wconf 74' lang='lat' dir='ltr'><strong>ven-</strong></span> <span class='ocrx_word' id='word_1_469' title='bbox 2629 1555 2654 1577; x_wconf 79' lang='lat'><strong>⁴·</strong></span> 
     </span>
    </p>
   </div>
   <div class='ocr_carea' id='block_1_34' title="bbox 726 1588 2440 1691">
    <p class='ocr_par' dir='ltr' id='par_1_38' title="bbox 726 1588 2440 1691">
     <span class='ocr_line' id='line_1_69' title="bbox 1396 1588 2440 1638; baseline 0.006 -15"><span class='ocrx_word' id='word_1_470' title='bbox 1396 1607 1398 1632; x_wconf 73' lang='lat'>÷</span> <span class='ocrx_word' id='word_1_471' title='bbox 1424 1599 1503 1633; x_wconf 88' lang='lat' dir='ltr'><strong>rae,</strong></span> <span class='ocrx_word' id='word_1_472' title='bbox 1524 1588 1667 1624; x_wconf 90' lang='lat' dir='ltr'><strong>oriente</strong></span> <span class='ocrx_word' id='word_1_473' title='bbox 1693 1588 1782 1634; x_wconf 88' lang='lat' dir='ltr'><strong>sole,</strong></span> <span class='ocrx_word' id='word_1_474' title='bbox 1803 1600 1916 1626; x_wconf 89' lang='lat' dir='ltr'><strong>mane</strong></span> <span class='ocrx_word' id='word_1_475' title='bbox 1943 1590 2084 1638; x_wconf 84' lang='lat' dir='ltr'><strong>absque</strong></span> <span class='ocrx_word' id='word_1_476' title='bbox 2112 1591 2272 1628; x_wconf 82' lang='lat' dir='ltr'><strong>nubibus</strong></span> <span class='ocrx_word' id='word_1_477' title='bbox 2300 1591 2440 1630; x_wconf 85' lang='lat' dir='ltr'><strong>rutilat.</strong></span> 
     </span>
     <span class='ocr_line' id='line_1_70' title="bbox 726 1643 1398 1691; baseline 0 -12"><span class='ocrx_word' id='word_1_478' title='bbox 726 1650 840 1691; x_wconf 90' lang='lat' dir='ltr'><strong>patet.</strong></span> <span class='ocrx_word' id='word_1_479' title='bbox 872 1644 974 1691; x_wconf 90' lang='lat' dir='ltr'><strong>Ergo</strong></span> <span class='ocrx_word' id='word_1_480' title='bbox 999 1643 1201 1691; x_wconf 88' lang='lat' dir='ltr'><strong>perfectior</strong></span> <span class='ocrx_word' id='word_1_481' title='bbox 1219 1643 1372 1679; x_wconf 91' lang='lat' dir='ltr'><strong>videtur</strong></span> <span class='ocrx_word' id='word_1_482' title='bbox 1397 1661 1398 1667; x_wconf 49' lang='lat'>1</span> 
     </span>
    </p>
   </div>
   <div class='ocr_carea' id='block_1_35' title="bbox 1478 1643 2497 1694">
    <p class='ocr_par' dir='ltr' id='par_1_39' title="bbox 1478 1643 2497 1694">
     <span class='ocr_line' id='line_1_71' title="bbox 1478 1643 2497 1694; baseline 0.005 -17"><span class='ocrx_word' id='word_1_483' title='bbox 1478 1643 1536 1677; x_wconf 84' lang='lat' dir='ltr'><strong>An</strong></span> <span class='ocrx_word' id='word_1_484' title='bbox 1557 1653 1695 1678; x_wconf 81' lang='lat' dir='ltr'>PR1MUM</span> <span class='ocrx_word' id='word_1_485' title='bbox 1716 1653 1815 1678; x_wconf 82' lang='lat' dir='ltr'>ERGO</span> <span class='ocrx_word' id='word_1_486' title='bbox 1843 1653 2028 1680; x_wconf 74' lang='lat' dir='ltr'><strong>mcaNDUM</strong></span> <span class='ocrx_word' id='word_1_487' title='bbox 2049 1643 2156 1692; x_wconf 91' lang='lat' dir='ltr'><strong>quod</strong></span> <span class='ocrx_word' id='word_1_488' title='bbox 2182 1645 2339 1692; x_wconf 89' lang='lat' dir='ltr'><strong>quando</strong></span> <span class='ocrx_word' id='word_1_489' title='bbox 2369 1645 2497 1694; x_wconf 86' lang='lat' dir='ltr'><strong>aliqua</strong></span> 
     </span>
    </p>
   </div>
   <div class='ocr_carea' id='block_1_36' title="bbox 1397 1694 2497 1801">
    <p class='ocr_par' dir='ltr' id='par_1_40' title="bbox 1397 1694 2497 1801">
     <span class='ocr_line' id='line_1_72' title="bbox 1397 1694 2497 1747; baseline 0.005 -17"><span class='ocrx_word' id='word_1_490' title='bbox 1397 1704 1399 1710; x_wconf 60' lang='lat'>‘</span> <span class='ocrx_word' id='word_1_491' title='bbox 1424 1694 1721 1742; x_wconf 90' lang='lat' dir='ltr'><strong>supernaturalis</strong></span> <span class='ocrx_word' id='word_1_492' title='bbox 1749 1695 1889 1732; x_wconf 88' lang='lat' dir='ltr'><strong>veritas</strong></span> <span class='ocrx_word' id='word_1_493' title='bbox 1918 1697 2124 1734; x_wconf 91' lang='lat' dir='ltr'><strong>revelanda</strong></span> <span class='ocrx_word' id='word_1_494' title='bbox 2153 1705 2208 1734; x_wconf 91' lang='lat' dir='ltr'><strong>est</strong></span> <span class='ocrx_word' id='word_1_495' title='bbox 2235 1710 2305 1747; x_wconf 93' lang='lat' dir='ltr'><strong>per</strong></span> <span class='ocrx_word' id='word_1_496' title='bbox 2325 1698 2497 1735; x_wconf 85' lang='lat' dir='ltr'><strong>similitu—</strong></span> 
     </span>
     <span class='ocr_line' id='line_1_73' title="bbox 1398 1746 2496 1801; baseline 0.006 -19"><span class='ocrx_word' id='word_1_497' title='bbox 1398 1746 1534 1783; x_wconf 65' lang='lat' dir='ltr'><strong>³dines</strong></span> <span class='ocrx_word' id='word_1_498' title='bbox 1573 1748 1812 1796; x_wconf 91' lang='lat' dir='ltr'><strong>corporales,</strong></span> <span class='ocrx_word' id='word_1_499' title='bbox 1842 1756 1932 1785; x_wconf 92' lang='lat' dir='ltr'><strong>tunc</strong></span> <span class='ocrx_word' id='word_1_500' title='bbox 1961 1750 2081 1798; x_wconf 89' lang='lat' dir='ltr'><strong>magis</strong></span> <span class='ocrx_word' id='word_1_501' title='bbox 2118 1757 2172 1787; x_wconf 90' lang='lat' dir='ltr'><strong>est</strong></span> <span class='ocrx_word' id='word_1_502' title='bbox 2205 1752 2393 1800; x_wconf 90' lang='lat' dir='ltr'><strong>propheta</strong></span> <span class='ocrx_word' id='word_1_503' title='bbox 2429 1751 2496 1801; x_wconf 90' lang='lat' dir='ltr'><strong>qui</strong></span> 
     </span>
    </p>
   </div>
   <div class='ocr_carea' id='block_1_37' title="bbox 1426 1801 2502 1904">
    <p class='ocr_par' dir='ltr' id='par_1_41' title="bbox 1426 1801 2502 1904">
     <span class='ocr_line' id='line_1_74' title="bbox 1426 1801 2502 1877; baseline 0.006 -41"><span class='ocrx_word' id='word_1_504' title='bbox 1426 1807 1631 1859; x_wconf 81' lang='lat' dir='ltr'><strong>utrumque</strong></span> <span class='ocrx_word' id='word_1_505' title='bbox 1666 1801 1803 1848; x_wconf 89' lang='lat' dir='ltr'><strong>habet,</strong></span> <span class='ocrx_word' id='word_1_506' title='bbox 1833 1802 1974 1839; x_wconf 89' lang='lat' dir='ltr'><strong>scilicet</strong></span> <span class='ocrx_word' id='word_1_507' title='bbox 2008 1803 2140 1840; x_wconf 89' lang='lat' dir='ltr'><strong>lumen</strong></span> <span class='ocrx_word' id='word_1_508' title='bbox 2178 1803 2431 1842; x_wconf 87' lang='lat' dir='ltr'><strong>intellectuale</strong></span> <span class='ocrx_word' id='word_1_509' title='bbox 2461 1812 2502 1877; x_wconf 49' lang='lat' dir='ltr'><strong>e}</strong></span> 
     </span>
     <span class='ocr_line' id='line_1_75' title="bbox 1426 1852 2497 1904; baseline 0.006 -15"><span class='ocrx_word' id='word_1_510' title='bbox 1426 1852 1689 1901; x_wconf 89' lang='lat' dir='ltr'><strong>imaginariam</strong></span> <span class='ocrx_word' id='word_1_511' title='bbox 1716 1853 1921 1901; x_wconf 88' lang='lat' dir='ltr'><strong>visionem,</strong></span> <span class='ocrx_word' id='word_1_512' title='bbox 1943 1867 2061 1903; x_wconf 88' lang='lat' dir='ltr'><strong>quam</strong></span> <span class='ocrx_word' id='word_1_513' title='bbox 2081 1856 2141 1892; x_wconf 90' lang='lat' dir='ltr'><strong>ille</strong></span> <span class='ocrx_word' id='word_1_514' title='bbox 2171 1857 2237 1904; x_wconf 89' lang='lat' dir='ltr'><strong>qui</strong></span> <span class='ocrx_word' id='word_1_515' title='bbox 2265 1857 2382 1895; x_wconf 90' lang='lat' dir='ltr'><strong>habet</strong></span> <span class='ocrx_word' id='word_1_516' title='bbox 2408 1858 2497 1895; x_wconf 89' lang='lat' dir='ltr'><strong>alte-</strong></span> 
     </span>
    </p>
   </div>
   <div class='ocr_carea' id='block_1_38' title="bbox 1398 1906 2509 2012">
    <p class='ocr_par' dir='ltr' id='par_1_42' title="bbox 1398 1906 2500 2012">
     <span class='ocr_line' id='line_1_76' title="bbox 1398 1906 2500 1959; baseline 0.006 -17"><span class='ocrx_word' id='word_1_517' title='bbox 1398 1937 1400 1953; x_wconf 41' lang='lat'><strong>,</strong></span> <span class='ocrx_word' id='word_1_518' title='bbox 1426 1917 1512 1943; x_wconf 91' lang='lat' dir='ltr'><strong>rum</strong></span> <span class='ocrx_word' id='word_1_519' title='bbox 1541 1913 1711 1944; x_wconf 86' lang='lat' dir='ltr'><strong>tanturn:</strong></span> <span class='ocrx_word' id='word_1_520' title='bbox 1751 1906 1841 1955; x_wconf 86' lang='lat' dir='ltr'><strong>quia</strong></span> <span class='ocrx_word' id='word_1_521' title='bbox 1869 1908 2071 1956; x_wconf 86' lang='lat' dir='ltr'><strong>perfectior</strong></span> <span class='ocrx_word' id='word_1_522' title='bbox 2109 1916 2164 1946; x_wconf 91' lang='lat' dir='ltr'><strong>est</strong></span> <span class='ocrx_word' id='word_1_523' title='bbox 2198 1909 2412 1959; x_wconf 86' lang='lat' dir='ltr'><strong>prophetia.</strong></span> <span class='ocrx_word' id='word_1_524' title='bbox 2447 1908 2500 1951; x_wconf 85' lang='lat' dir='ltr'><strong>Et</strong></span> 
     </span>
     <span class='ocr_line' id='line_1_77' title="bbox 1398 1954 2509 2012; baseline 0.005 -16"><span class='ocrx_word' id='word_1_525' title='bbox 1398 1959 1613 2009; x_wconf 77' lang='lat' dir='ltr'><strong>{quantum</strong></span> <span class='ocrx_word' id='word_1_526' title='bbox 1649 1960 1698 1997; x_wconf 89' lang='lat' dir='ltr'><strong>ad</strong></span> <span class='ocrx_word' id='word_1_527' title='bbox 1730 1960 1806 1997; x_wconf 92' lang='lat' dir='ltr'><strong>hoc</strong></span> <span class='ocrx_word' id='word_1_528' title='bbox 1843 1961 2009 2010; x_wconf 89' lang='lat' dir='ltr'><strong>loquitur</strong></span> <span class='ocrx_word' id='word_1_529' title='bbox 2036 1961 2283 2010; x_wconf 88' lang='lat' dir='ltr'><strong>Augustinus.</strong></span> <span class='ocrx_word' id='word_1_530' title='bbox 2323 1963 2402 2001; x_wconf 89' lang='lat' dir='ltr'><strong>Sed</strong></span> <span class='ocrx_word' id='word_1_531' title='bbox 2437 1954 2509 2012; x_wconf 50' lang='lat' dir='ltr'><strong>illa</strong></span> 
     </span>
    </p>
   </div>
   <div class='ocr_carea' id='block_1_39' title="bbox 1426 2013 2509 2116">
    <p class='ocr_par' dir='ltr' id='par_1_43' title="bbox 1426 2013 2509 2116">
     <span class='ocr_line' id='line_1_78' title="bbox 1426 2013 2509 2064; baseline 0.006 -15"><span class='ocrx_word' id='word_1_532' title='bbox 1426 2013 1628 2062; x_wconf 89' lang='lat' dir='ltr'><strong>prophetia</strong></span> <span class='ocrx_word' id='word_1_533' title='bbox 1655 2013 1694 2050; x_wconf 91' lang='lat' dir='ltr'><strong>in</strong></span> <span class='ocrx_word' id='word_1_534' title='bbox 1723 2025 1800 2063; x_wconf 87' lang='lat' dir='ltr'><strong>qua</strong></span> <span class='ocrx_word' id='word_1_535' title='bbox 1824 2014 2014 2052; x_wconf 88' lang='lat' dir='ltr'><strong>revelatur</strong></span> <span class='ocrx_word' id='word_1_536' title='bbox 2042 2015 2144 2053; x_wconf 92' lang='lat' dir='ltr'><strong>nude</strong></span> <span class='ocrx_word' id='word_1_537' title='bbox 2173 2015 2414 2064; x_wconf 82' lang='lat' dir='ltr'><strong>intelligibilis</strong></span> <span class='ocrx_word' id='word_1_538' title='bbox 2431 2028 2509 2056; x_wconf 73' lang='lat' dir='ltr'><strong>ve-</strong></span> 
     </span>
     <span class='ocr_line' id='line_1_79' title="bbox 1426 2065 1989 2116; baseline 0.005 -14"><span class='ocrx_word' id='word_1_539' title='bbox 1426 2065 1526 2113; x_wconf 86' lang='lat' dir='ltr'><strong>ritas,</strong></span> <span class='ocrx_word' id='word_1_540' title='bbox 1556 2074 1613 2103; x_wconf 91' lang='lat' dir='ltr'><strong>est</strong></span> <span class='ocrx_word' id='word_1_541' title='bbox 1641 2066 1822 2104; x_wconf 90' lang='lat' dir='ltr'><strong>omnibus</strong></span> <span class='ocrx_word' id='word_1_542' title='bbox 1850 2068 1989 2116; x_wconf 89' lang='lat' dir='ltr'><strong>potior.</strong></span> 
     </span>
    </p>
   </div>
   <div class='ocr_carea' id='block_1_40' title="bbox 1426 2107 2500 2280">
    <p class='ocr_par' dir='ltr' id='par_1_44' title="bbox 1426 2107 2499 2280">
     <span class='ocr_line' id='line_1_80' title="bbox 1478 2107 2499 2174; baseline 0.004 -18"><span class='ocrx_word' id='word_1_543' title='bbox 1478 2121 1538 2156; x_wconf 82' lang='lat' dir='ltr'><strong>An</strong></span> <span class='ocrx_word' id='word_1_544' title='bbox 1567 2131 1760 2158; x_wconf 81' lang='lat' dir='ltr'>SECUNDUM</span> <span class='ocrx_word' id='word_1_545' title='bbox 1780 2131 1967 2158; x_wconf 72' lang='lat' dir='ltr'><strong>meaunum</strong></span> <span class='ocrx_word' id='word_1_546' title='bbox 1986 2107 2092 2171; x_wconf 83' lang='lat' dir='ltr'><strong>quod</strong></span> <span class='ocrx_word' id='word_1_547' title='bbox 2116 2121 2220 2159; x_wconf 89' lang='lat' dir='ltr'><strong>aliud</strong></span> <span class='ocrx_word' id='word_1_548' title='bbox 2241 2129 2297 2160; x_wconf 90' lang='lat' dir='ltr'><strong>est</strong></span> <span class='ocrx_word' id='word_1_549' title='bbox 2314 2120 2499 2174; x_wconf 70' lang='lat' dir='ltr'><strong>iudicium</strong></span> 
     </span>
     <span class='ocr_line' id='line_1_81' title="bbox 1427 2172 2499 2226; baseline 0.005 -17"><span class='ocrx_word' id='word_1_550' title='bbox 1427 2173 1473 2210; x_wconf 93' lang='lat' dir='ltr'><strong>de</strong></span> <span class='ocrx_word' id='word_1_551' title='bbox 1494 2172 1552 2210; x_wconf 93' lang='lat' dir='ltr'><strong>his</strong></span> <span class='ocrx_word' id='word_1_552' title='bbox 1568 2185 1667 2222; x_wconf 91' lang='lat' dir='ltr'><strong>quae</strong></span> <span class='ocrx_word' id='word_1_553' title='bbox 1686 2181 1845 2223; x_wconf 91' lang='lat' dir='ltr'><strong>propter</strong></span> <span class='ocrx_word' id='word_1_554' title='bbox 1864 2186 1905 2211; x_wconf 88' lang='lat' dir='ltr'><strong>se</strong></span> <span class='ocrx_word' id='word_1_555' title='bbox 1925 2183 2177 2223; x_wconf 89' lang='lat' dir='ltr'><strong>quaeruntur:</strong></span> <span class='ocrx_word' id='word_1_556' title='bbox 2199 2183 2236 2212; x_wconf 89' lang='lat' dir='ltr'><strong>et</strong></span> <span class='ocrx_word' id='word_1_557' title='bbox 2256 2175 2304 2213; x_wconf 91' lang='lat' dir='ltr'><strong>de</strong></span> <span class='ocrx_word' id='word_1_558' title='bbox 2319 2175 2378 2214; x_wconf 91' lang='lat' dir='ltr'><strong>his</strong></span> <span class='ocrx_word' id='word_1_559' title='bbox 2398 2177 2499 2226; x_wconf 77' lang='lat' dir='ltr'><strong>quae</strong></span> 
     </span>
     <span class='ocr_line' id='line_1_82' title="bbox 1426 2227 2500 2280; baseline 0.006 -18"><span class='ocrx_word' id='word_1_560' title='bbox 1426 2234 1662 2276; x_wconf 90' lang='lat' dir='ltr'><strong>quaeruntur</strong></span> <span class='ocrx_word' id='word_1_561' title='bbox 1680 2235 1838 2277; x_wconf 87' lang='lat' dir='ltr'><strong>propter</strong></span> <span class='ocrx_word' id='word_1_562' title='bbox 1866 2227 1981 2265; x_wconf 89' lang='lat' dir='ltr'><strong>aliud.</strong></span> <span class='ocrx_word' id='word_1_563' title='bbox 2012 2229 2054 2266; x_wconf 92' lang='lat' dir='ltr'><strong>In</strong></span> <span class='ocrx_word' id='word_1_564' title='bbox 2073 2227 2132 2266; x_wconf 90' lang='lat' dir='ltr'><strong>his</strong></span> <span class='ocrx_word' id='word_1_565' title='bbox 2153 2228 2253 2267; x_wconf 81' lang='lat' dir='ltr'><strong>enirn</strong></span> <span class='ocrx_word' id='word_1_566' title='bbox 2283 2241 2383 2278; x_wconf 88' lang='lat' dir='ltr'><strong>quae</strong></span> <span class='ocrx_word' id='word_1_567' title='bbox 2410 2241 2500 2280; x_wconf 87' lang='lat' dir='ltr'><strong>pro</strong></span> 
     </span>
    </p>
   </div>
   <div class='ocr_carea' id='block_1_41' title="bbox 1398 2281 2508 2333">
    <p class='ocr_par' dir='ltr' id='par_1_45' title="bbox 1398 2281 2508 2333">
     <span class='ocr_line' id='line_1_83' title="bbox 1398 2281 2508 2333; baseline 0.005 -18"><span class='ocrx_word' id='word_1_568' title='bbox 1398 2305 1399 2316; x_wconf 62' lang='grc'>,</span> <span class='ocrx_word' id='word_1_569' title='bbox 1426 2287 1510 2328; x_wconf 85' lang='lat' dir='ltr'><strong>pter</strong></span> <span class='ocrx_word' id='word_1_570' title='bbox 1529 2292 1570 2316; x_wconf 90' lang='lat' dir='ltr'><strong>se</strong></span> <span class='ocrx_word' id='word_1_571' title='bbox 1590 2289 1838 2328; x_wconf 89' lang='lat' dir='ltr'><strong>quaeruntur,</strong></span> <span class='ocrx_word' id='word_1_572' title='bbox 1858 2289 2001 2330; x_wconf 88' lang='lat' dir='ltr'><strong>quanto</strong></span> <span class='ocrx_word' id='word_1_573' title='bbox 2017 2281 2138 2319; x_wconf 86' lang='lat' dir='ltr'><strong>virtus</strong></span> <span class='ocrx_word' id='word_1_574' title='bbox 2157 2281 2303 2330; x_wconf 83' lang='lat' dir='ltr'><strong>agentis</strong></span> <span class='ocrx_word' id='word_1_575' title='bbox 2322 2282 2372 2321; x_wconf 86' lang='lat' dir='ltr'><strong>ad</strong></span> <span class='ocrx_word' id='word_1_576' title='bbox 2390 2283 2508 2333; x_wconf 79' lang='lat' dir='ltr'><strong>plura</strong></span> 
     </span>
    </p>
   </div>
   <div class='ocr_carea' id='block_1_42' title="bbox 1426 2332 2645 2863">
    <p class='ocr_par' dir='ltr' id='par_1_46' title="bbox 1426 2332 2645 2863">
     <span class='ocr_line' id='line_1_84' title="bbox 1427 2332 2508 2384; baseline 0.006 -16"><span class='ocrx_word' id='word_1_577' title='bbox 1427 2340 1464 2369; x_wconf 89' lang='lat' dir='ltr'><strong>et</strong></span> <span class='ocrx_word' id='word_1_578' title='bbox 1491 2332 1699 2370; x_wconf 86' lang='lat' dir='ltr'><strong>remotiora</strong></span> <span class='ocrx_word' id='word_1_579' title='bbox 1727 2346 1768 2369; x_wconf 89' lang='lat' dir='ltr'><strong>se</strong></span> <span class='ocrx_word' id='word_1_580' title='bbox 1798 2334 1976 2381; x_wconf 89' lang='lat' dir='ltr'><strong>extendit,</strong></span> <span class='ocrx_word' id='word_1_581' title='bbox 2005 2342 2111 2372; x_wconf 89' lang='lat' dir='ltr'><strong>tanto</strong></span> <span class='ocrx_word' id='word_1_582' title='bbox 2140 2335 2269 2384; x_wconf 90' lang='lat' dir='ltr'><strong>potior</strong></span> <span class='ocrx_word' id='word_1_583' title='bbox 2297 2344 2370 2373; x_wconf 90' lang='lat' dir='ltr'><strong>est:</strong></span> <span class='ocrx_word' id='word_1_584' title='bbox 2402 2336 2508 2374; x_wconf 80' lang='lat' dir='ltr'><strong>sicut·</strong></span> 
     </span>
     <span class='ocr_line' id='line_1_85' title="bbox 1428 2385 2504 2439; baseline 0.005 -17"><span class='ocrx_word' id='word_1_585' title='bbox 1428 2385 1601 2422; x_wconf 90' lang='lat' dir='ltr'><strong>medicus</strong></span> <span class='ocrx_word' id='word_1_586' title='bbox 1634 2393 1829 2434; x_wconf 90' lang='lat' dir='ltr'><strong>reputatur</strong></span> <span class='ocrx_word' id='word_1_587' title='bbox 1865 2387 2001 2424; x_wconf 89' lang='lat' dir='ltr'><strong>melior</strong></span> <span class='ocrx_word' id='word_1_588' title='bbox 2037 2387 2101 2437; x_wconf 92' lang='lat' dir='ltr'><strong>qui</strong></span> <span class='ocrx_word' id='word_1_589' title='bbox 2130 2395 2257 2437; x_wconf 88' lang='lat' dir='ltr'><strong>potest</strong></span> <span class='ocrx_word' id='word_1_590' title='bbox 2289 2390 2434 2439; x_wconf 87' lang='lat' dir='ltr'><strong>plures,</strong></span> <span class='ocrx_word' id='word_1_591' title='bbox 2465 2390 2504 2427; x_wconf 86' lang='lat' dir='ltr'><strong>&#39;et</strong></span> 
     </span>
     <span class='ocr_line' id='line_1_86' title="bbox 1427 2438 2510 2487; baseline 0.005 -12"><span class='ocrx_word' id='word_1_592' title='bbox 1427 2438 1547 2487; x_wconf 88' lang='lat' dir='ltr'><strong>magis</strong></span> <span class='ocrx_word' id='word_1_593' title='bbox 1577 2450 1598 2475; x_wconf 90' lang='lat' dir='ltr'><strong>a</strong></span> <span class='ocrx_word' id='word_1_594' title='bbox 1627 2439 1785 2476; x_wconf 89' lang='lat' dir='ltr'><strong>sanitate</strong></span> <span class='ocrx_word' id='word_1_595' title='bbox 1815 2438 1994 2477; x_wconf 88' lang='lat' dir='ltr'><strong>distantes</strong></span> <span class='ocrx_word' id='word_1_596' title='bbox 2022 2452 2169 2478; x_wconf 89' lang='lat' dir='ltr'><strong>sanare.</strong></span> <span class='ocrx_word' id='word_1_597' title='bbox 2209 2441 2252 2478; x_wconf 91' lang='lat' dir='ltr'><strong>In</strong></span> <span class='ocrx_word' id='word_1_598' title='bbox 2279 2441 2338 2479; x_wconf 87' lang='lat' dir='ltr'><strong>his</strong></span> <span class='ocrx_word' id='word_1_599' title='bbox 2372 2450 2510 2480; x_wconf 89' lang='lat' dir='ltr'><strong>autem</strong></span> 
     </span>
     <span class='ocr_line' id='line_1_87' title="bbox 1427 2493 2508 2545; baseline 0.007 -17"><span class='ocrx_word' id='word_1_600' title='bbox 1427 2504 1527 2540; x_wconf 89' lang='lat' dir='ltr'><strong>quae</strong></span> <span class='ocrx_word' id='word_1_601' title='bbox 1556 2504 1635 2529; x_wconf 93' lang='lat' dir='ltr'><strong>non</strong></span> <span class='ocrx_word' id='word_1_602' title='bbox 1665 2500 1900 2541; x_wconf 89' lang='lat' dir='ltr'><strong>quaeruntur</strong></span> <span class='ocrx_word' id='word_1_603' title='bbox 1929 2493 1999 2530; x_wconf 84' lang='lat' dir='ltr'><strong>nisi</strong></span> <span class='ocrx_word' id='word_1_604' title='bbox 2026 2501 2183 2543; x_wconf 87' lang='lat' dir='ltr'><strong>propter</strong></span> <span class='ocrx_word' id='word_1_605' title='bbox 2211 2493 2327 2542; x_wconf 88' lang='lat' dir='ltr'><strong>aliud,</strong></span> <span class='ocrx_word' id='word_1_606' title='bbox 2353 2495 2508 2545; x_wconf 70' lang='lat' dir='ltr'><strong>quanto</strong></span> 
     </span>
     <span class='ocr_line' id='line_1_88' title="bbox 1427 2546 2500 2604; baseline 0.006 -22"><span class='ocrx_word' id='word_1_607' title='bbox 1427 2557 1544 2593; x_wconf 87' lang='lat' dir='ltr'><strong>agens</strong></span> <span class='ocrx_word' id='word_1_608' title='bbox 1563 2552 1689 2604; x_wconf 88' lang='lat' dir='ltr'><strong>potest</strong></span> <span class='ocrx_word' id='word_1_609' title='bbox 1709 2557 1755 2582; x_wconf 87' lang='lat' dir='ltr'><strong>ex</strong></span> <span class='ocrx_word' id='word_1_610' title='bbox 1773 2546 2017 2594; x_wconf 88' lang='lat' dir='ltr'><strong>paucioribus</strong></span> <span class='ocrx_word' id='word_1_611' title='bbox 2038 2555 2074 2584; x_wconf 90' lang='lat' dir='ltr'><strong>et</strong></span> <span class='ocrx_word' id='word_1_612' title='bbox 2093 2546 2432 2597; x_wconf 86' lang='lat' dir='ltr'><strong>propinquioribus</strong></span> <span class='ocrx_word' id='word_1_613' title='bbox 2448 2550 2500 2588; x_wconf 72' lang='lat' dir='ltr'><strong>ad</strong></span> 
     </span>
     <span class='ocr_line' id='line_1_89' title="bbox 1427 2599 2502 2660; baseline 0.005 -25"><span class='ocrx_word' id='word_1_614' title='bbox 1427 2611 1540 2635; x_wconf 91' lang='lat' dir='ltr'><strong>suum</strong></span> <span class='ocrx_word' id='word_1_615' title='bbox 1569 2599 1755 2636; x_wconf 88' lang='lat' dir='ltr'><strong>intentum</strong></span> <span class='ocrx_word' id='word_1_616' title='bbox 1771 2599 1989 2660; x_wconf 80' lang='lat' dir='ltr'><strong>pervenire,</strong></span> <span class='ocrx_word' id='word_1_617' title='bbox 2010 2607 2115 2637; x_wconf 86' lang='lat' dir='ltr'><strong>tanto</strong></span> <span class='ocrx_word' id='word_1_618' title='bbox 2134 2600 2288 2638; x_wconf 90' lang='lat' dir='ltr'><strong>videtur</strong></span> <span class='ocrx_word' id='word_1_619' title='bbox 2316 2613 2400 2638; x_wconf 82' lang='lat' dir='ltr'><strong>esse</strong></span> <span class='ocrx_word' id='word_1_620' title='bbox 2419 2613 2502 2640; x_wconf 69' lang='lat' dir='ltr'><strong>me·</strong></span> 
     </span>
     <span class='ocr_line' id='line_1_90' title="bbox 1426 2651 2507 2707; baseline 0.004 -19"><span class='ocrx_word' id='word_1_621' title='bbox 1426 2651 1515 2688; x_wconf 90' lang='lat' dir='ltr'><strong>ioris</strong></span> <span class='ocrx_word' id='word_1_622' title='bbox 1542 2651 1711 2689; x_wconf 87' lang='lat' dir='ltr'><strong>virtutis:</strong></span> <span class='ocrx_word' id='word_1_623' title='bbox 1750 2652 1846 2689; x_wconf 88' lang='lat' dir='ltr'><strong>sicut</strong></span> <span class='ocrx_word' id='word_1_624' title='bbox 1876 2653 1996 2701; x_wconf 86' lang='lat' dir='ltr'><strong>magis</strong></span> <span class='ocrx_word' id='word_1_625' title='bbox 2025 2653 2201 2691; x_wconf 88' lang='lat' dir='ltr'><strong>laudatur</strong></span> <span class='ocrx_word' id='word_1_626' title='bbox 2232 2653 2425 2692; x_wconf 85' lang='lat' dir='ltr'><strong>medicus</strong></span> <span class='ocrx_word' id='word_1_627' title='bbox 2422 2655 2507 2707; x_wconf 76' lang='lat' dir='ltr'><strong>qui¹</strong></span> 
     </span>
     <span class='ocr_line' id='line_1_91' title="bbox 1427 2704 2645 2756; baseline 0.005 -15"><span class='ocrx_word' id='word_1_628' title='bbox 1427 2717 1496 2754; x_wconf 91' lang='lat' dir='ltr'><strong>per</strong></span> <span class='ocrx_word' id='word_1_629' title='bbox 1522 2705 1705 2754; x_wconf 89' lang='lat' dir='ltr'><strong>pauciora</strong></span> <span class='ocrx_word' id='word_1_630' title='bbox 1727 2712 1764 2742; x_wconf 89' lang='lat' dir='ltr'><strong>et</strong></span> <span class='ocrx_word' id='word_1_631' title='bbox 1783 2704 1962 2743; x_wconf 87' lang='lat' dir='ltr'><strong>leviora</strong></span> <span class='ocrx_word' id='word_1_632' title='bbox 1989 2714 2116 2756; x_wconf 91' lang='lat' dir='ltr'><strong>potest</strong></span> <span class='ocrx_word' id='word_1_633' title='bbox 2134 2718 2269 2744; x_wconf 87' lang='lat' dir='ltr'><strong>sanare</strong></span> <span class='ocrx_word' id='word_1_634' title='bbox 2288 2706 2509 2754; x_wconf 65' lang='lat' dir='ltr'><strong>infirmum:</strong></span> <span class='ocrx_word' id='word_1_635' title='bbox 2627 2705 2645 2732; x_wconf 79' lang='lat'>⁸</span> 
     </span>
     <span class='ocr_line' id='line_1_92' title="bbox 1426 2751 2509 2811; baseline 0.005 -16"><span class='ocrx_word' id='word_1_636' title='bbox 1426 2757 1532 2795; x_wconf 88' lang='lat' dir='ltr'><strong>Visio</strong></span> <span class='ocrx_word' id='word_1_637' title='bbox 1563 2766 1690 2796; x_wconf 89' lang='lat' dir='ltr'><strong>autem</strong></span> <span class='ocrx_word' id='word_1_638' title='bbox 1720 2758 1944 2808; x_wconf 88' lang='lat' dir='ltr'><strong>imaginaria</strong></span> <span class='ocrx_word' id='word_1_639' title='bbox 1971 2759 2011 2797; x_wconf 93' lang='lat' dir='ltr'><strong>in</strong></span> <span class='ocrx_word' id='word_1_640' title='bbox 2031 2759 2247 2808; x_wconf 87' lang='lat' dir='ltr'><strong>cognitione</strong></span> <span class='ocrx_word' id='word_1_641' title='bbox 2275 2751 2509 2811; x_wconf 51' lang='lat' dir='ltr'><strong>prophetica,¹</strong></span> 
     </span>
     <span class='ocr_line' id='line_1_93' title="bbox 1428 2811 2498 2863; baseline 0.005 -15"><span class='ocrx_word' id='word_1_642' title='bbox 1428 2824 1507 2849; x_wconf 91' lang='lat' dir='ltr'><strong>non</strong></span> <span class='ocrx_word' id='word_1_643' title='bbox 1536 2811 1738 2860; x_wconf 90' lang='lat' dir='ltr'><strong>requiritur</strong></span> <span class='ocrx_word' id='word_1_644' title='bbox 1776 2820 1933 2862; x_wconf 88' lang='lat' dir='ltr'><strong>propter</strong></span> <span class='ocrx_word' id='word_1_645' title='bbox 1960 2825 2022 2859; x_wconf 88' lang='lat' dir='ltr'><strong>se,</strong></span> <span class='ocrx_word' id='word_1_646' title='bbox 2051 2813 2121 2851; x_wconf 83' lang='lat' dir='ltr'><strong>sed</strong></span> <span class='ocrx_word' id='word_1_647' title='bbox 2148 2821 2306 2863; x_wconf 87' lang='lat' dir='ltr'><strong>propter</strong></span> <span class='ocrx_word' id='word_1_648' title='bbox 2341 2814 2498 2855; x_wconf 78' lang='lat' dir='ltr'><strong>manife-</strong></span> 
     </span>
    </p>
   </div>
   <div class='ocr_carea' id='block_1_43' title="bbox 1400 2865 2500 2918">
    <p class='ocr_par' dir='ltr' id='par_1_47' title="bbox 1400 2865 2500 2918">
     <span class='ocr_line' id='line_1_94' title="bbox 1400 2865 2500 2918; baseline 0.003 -16"><span class='ocrx_word' id='word_1_649' title='bbox 1400 2902 1401 2907; x_wconf 67' lang='grc'><strong>,</strong></span> <span class='ocrx_word' id='word_1_650' title='bbox 1428 2865 1629 2902; x_wconf 88' lang='lat' dir='ltr'><strong>stationem</strong></span> <span class='ocrx_word' id='word_1_651' title='bbox 1649 2865 1887 2914; x_wconf 89' lang='lat' dir='ltr'><strong>intelligibilis</strong></span> <span class='ocrx_word' id='word_1_652' title='bbox 1906 2866 2086 2904; x_wconf 87' lang='lat' dir='ltr'><strong>veritatis.</strong></span> <span class='ocrx_word' id='word_1_653' title='bbox 2117 2867 2166 2904; x_wconf 93' lang='lat' dir='ltr'><strong>Et</strong></span> <span class='ocrx_word' id='word_1_654' title='bbox 2184 2866 2272 2904; x_wconf 86' lang='lat' dir='ltr'><strong>ideo</strong></span> <span class='ocrx_word' id='word_1_655' title='bbox 2297 2874 2404 2905; x_wconf 81' lang='lat' dir='ltr'><strong>tanto</strong></span> <span class='ocrx_word' id='word_1_656' title='bbox 2431 2879 2500 2918; x_wconf 58' lang='lat' dir='ltr'><strong>poa</strong></span> 
     </span>
    </p>
   </div>
   <div class='ocr_carea' id='block_1_44' title="bbox 360 2913 2474 3023">
    <p class='ocr_par' dir='ltr' id='par_1_48' title="bbox 360 2913 2474 3023">
     <span class='ocr_line' id='line_1_95' title="bbox 1400 2913 2474 2969; baseline 0.002 -14"><span class='ocrx_word' id='word_1_657' title='bbox 1400 2913 1401 2955; x_wconf 66' lang='grc' dir='ltr'><strong>ἶ</strong></span> <span class='ocrx_word' id='word_1_658' title='bbox 1428 2918 1501 2955; x_wconf 86' lang='lat' dir='ltr'><strong>tior</strong></span> <span class='ocrx_word' id='word_1_659' title='bbox 1530 2926 1585 2955; x_wconf 91' lang='lat' dir='ltr'><strong>est</strong></span> <span class='ocrx_word' id='word_1_660' title='bbox 1612 2919 1824 2969; x_wconf 88' lang='lat' dir='ltr'><strong>prophetia,</strong></span> <span class='ocrx_word' id='word_1_661' title='bbox 1855 2926 1999 2969; x_wconf 87' lang='lat' dir='ltr'><strong>quanto</strong></span> <span class='ocrx_word' id='word_1_662' title='bbox 2027 2919 2154 2956; x_wconf 85' lang='lat' dir='ltr'><strong>minus</strong></span> <span class='ocrx_word' id='word_1_663' title='bbox 2183 2931 2227 2956; x_wconf 85' lang='lat' dir='ltr'><strong>ea</strong></span> <span class='ocrx_word' id='word_1_664' title='bbox 2255 2919 2411 2968; x_wconf 63' lang='lat' dir='ltr'><strong>indiget:</strong></span> <span class='ocrx_word' id='word_1_665' title='bbox 2470 2939 2474 2943; x_wconf 91' lang='lat'>·</span> 
     </span>
     <span class='ocr_line' id='line_1_96' title="bbox 360 2973 1402 3023; baseline -0.003 -11"><span class='ocrx_word' id='word_1_666' title='bbox 360 2977 586 3012; x_wconf 63' lang='lat' dir='ltr'><strong>Respounzo</strong></span> <span class='ocrx_word' id='word_1_667' title='bbox 606 2985 791 3012; x_wconf 78' lang='lat' dir='ltr'><strong>mcENDUM</strong></span> <span class='ocrx_word' id='word_1_668' title='bbox 811 2973 916 3023; x_wconf 92' lang='lat' dir='ltr'><strong>quod</strong></span> <span class='ocrx_word' id='word_1_669' title='bbox 938 2973 1098 3021; x_wconf 87' lang='lat' dir='ltr'><strong>dignitas</strong></span> <span class='ocrx_word' id='word_1_670' title='bbox 1118 2985 1254 3010; x_wconf 89' lang='lat' dir='ltr'><strong>eorum</strong></span> <span class='ocrx_word' id='word_1_671' title='bbox 1274 2985 1372 3022; x_wconf 90' lang='lat' dir='ltr'><strong>quae</strong></span> <span class='ocrx_word' id='word_1_672' title='bbox 1400 2982 1402 3019; x_wconf 54' lang='lat' dir='ltr'><strong>g</strong></span> 
     </span>
    </p>
   </div>
   <div class='ocr_carea' id='block_1_45' title="bbox 1482 2970 2505 3024">
    <p class='ocr_par' dir='ltr' id='par_1_49' title="bbox 1482 2970 2505 3024">
     <span class='ocr_line' id='line_1_97' title="bbox 1482 2970 2505 3024; baseline 0.003 -16"><span class='ocrx_word' id='word_1_673' title='bbox 1482 2973 1540 3008; x_wconf 80' lang='lat' dir='ltr'><strong>An</strong></span> <span class='ocrx_word' id='word_1_674' title='bbox 1555 2983 1717 3010; x_wconf 77' lang='lat' dir='ltr'>TERTIUM</span> <span class='ocrx_word' id='word_1_675' title='bbox 1737 2983 1923 3010; x_wconf 63' lang='lat' dir='ltr'><strong>monimum</strong></span> <span class='ocrx_word' id='word_1_676' title='bbox 1941 2971 2046 3022; x_wconf 91' lang='lat' dir='ltr'><strong>quod</strong></span> <span class='ocrx_word' id='word_1_677' title='bbox 2062 2971 2152 3017; x_wconf 89' lang='lat' dir='ltr'><strong>nihil</strong></span> <span class='ocrx_word' id='word_1_678' title='bbox 2166 2970 2345 3023; x_wconf 84' lang='lat' dir='ltr'><strong>prohibet</strong></span> <span class='ocrx_word' id='word_1_679' title='bbox 2358 2971 2505 3024; x_wconf 75' lang='lat' dir='ltr'><strong>aliquid</strong></span> 
     </span>
    </p>
   </div>
   <div class='ocr_carea' id='block_1_46' title="bbox 307 3025 2500 3087">
    <p class='ocr_par' dir='ltr' id='par_1_50' title="bbox 307 3025 2500 3087">
     <span class='ocr_line' id='line_1_98' title="bbox 307 3025 2500 3087; baseline -0.001 -21"><span class='ocrx_word' id='word_1_680' title='bbox 307 3037 394 3066; x_wconf 87' lang='lat' dir='ltr'><strong>sunt</strong></span> <span class='ocrx_word' id='word_1_681' title='bbox 422 3029 471 3066; x_wconf 90' lang='lat' dir='ltr'><strong>ad</strong></span> <span class='ocrx_word' id='word_1_682' title='bbox 507 3028 646 3074; x_wconf 87' lang='lat' dir='ltr'><strong>finem,</strong></span> <span class='ocrx_word' id='word_1_683' title='bbox 676 3027 881 3077; x_wconf 87' lang='lat' dir='ltr'><strong>praecipue</strong></span> <span class='ocrx_word' id='word_1_684' title='bbox 921 3026 1182 3064; x_wconf 88' lang='lat' dir='ltr'><strong>consideratur</strong></span> <span class='ocrx_word' id='word_1_685' title='bbox 1210 3038 1254 3064; x_wconf 89' lang='lat' dir='ltr'><strong>ex</strong></span> <span class='ocrx_word' id='word_1_686' title='bbox 1283 3026 1372 3064; x_wconf 91' lang='lat' dir='ltr'><strong>fine.</strong></span> <span class='ocrx_word' id='word_1_687' title='bbox 1400 3029 1402 3068; x_wconf 83' lang='lat'>!</span> <span class='ocrx_word' id='word_1_688' title='bbox 1430 3038 1512 3062; x_wconf 90' lang='lat' dir='ltr'><strong>esse</strong></span> <span class='ocrx_word' id='word_1_689' title='bbox 1541 3025 1761 3085; x_wconf 78' lang='lat' dir='ltr'><strong>simpliciter</strong></span> <span class='ocrx_word' id='word_1_690' title='bbox 1788 3026 1958 3075; x_wconf 90' lang='lat' dir='ltr'><strong>melius,</strong></span> <span class='ocrx_word' id='word_1_691' title='bbox 1968 3026 2073 3075; x_wconf 87' lang='lat' dir='ltr'><strong>quod</strong></span> <span class='ocrx_word' id='word_1_692' title='bbox 2101 3033 2230 3064; x_wconf 88' lang='lat' dir='ltr'><strong>tamen</strong></span> <span class='ocrx_word' id='word_1_693' title='bbox 2257 3025 2385 3064; x_wconf 87' lang='lat' dir='ltr'><strong>minus</strong></span> <span class='ocrx_word' id='word_1_694' title='bbox 2411 3038 2500 3087; x_wconf 79' lang='lat' dir='ltr'><strong>pro-</strong></span> 
     </span>
    </p>
   </div>
   <div class='ocr_carea' id='block_1_47' title="bbox 307 3079 1404 3397">
    <p class='ocr_par' dir='ltr' id='par_1_51' title="bbox 307 3079 1402 3397">
     <span class='ocr_line' id='line_1_99' title="bbox 308 3079 1402 3131; baseline -0.003 -12"><span class='ocrx_word' id='word_1_695' title='bbox 308 3083 410 3120; x_wconf 91' lang='lat' dir='ltr'><strong>Finis</strong></span> <span class='ocrx_word' id='word_1_696' title='bbox 439 3090 569 3119; x_wconf 90' lang='lat' dir='ltr'><strong>autem</strong></span> <span class='ocrx_word' id='word_1_697' title='bbox 598 3080 820 3131; x_wconf 89' lang='lat' dir='ltr'><strong>prophetiae</strong></span> <span class='ocrx_word' id='word_1_698' title='bbox 850 3088 906 3117; x_wconf 86' lang='lat' dir='ltr'><strong>est</strong></span> <span class='ocrx_word' id='word_1_699' title='bbox 935 3079 1188 3117; x_wconf 85' lang='lat' dir='ltr'><strong>manifestatio</strong></span> <span class='ocrx_word' id='word_1_700' title='bbox 1218 3079 1402 3116; x_wconf 89' lang='lat' dir='ltr'><strong>alicuius</strong></span> 
     </span>
     <span class='ocr_line' id='line_1_100' title="bbox 307 3119 1402 3184; baseline -0.003 -11"><span class='ocrx_word' id='word_1_701' title='bbox 307 3136 473 3173; x_wconf 89' lang='lat' dir='ltr'><strong>veritatis</strong></span> <span class='ocrx_word' id='word_1_702' title='bbox 494 3146 610 3184; x_wconf 89' lang='lat' dir='ltr'><strong>supra</strong></span> <span class='ocrx_word' id='word_1_703' title='bbox 638 3134 837 3172; x_wconf 90' lang='lat' dir='ltr'><strong>hominem</strong></span> <span class='ocrx_word' id='word_1_704' title='bbox 858 3133 1060 3170; x_wconf 84' lang='lat' dir='ltr'><strong>existentis.</strong></span> <span class='ocrx_word' id='word_1_705' title='bbox 1090 3133 1201 3171; x_wconf 91' lang='lat' dir='ltr'><strong>Unde</strong></span> <span class='ocrx_word' id='word_1_706' title='bbox 1231 3119 1402 3181; x_wconf 83' lang='lat' dir='ltr'><strong>quanto</strong></span> 
     </span>
     <span class='ocr_line' id='line_1_101' title="bbox 308 3186 1375 3236; baseline -0.003 -10"><span class='ocrx_word' id='word_1_707' title='bbox 308 3189 528 3226; x_wconf 90' lang='lat' dir='ltr'><strong>huiusmodi</strong></span> <span class='ocrx_word' id='word_1_708' title='bbox 555 3187 806 3225; x_wconf 86' lang='lat' dir='ltr'><strong>manifestatio</strong></span> <span class='ocrx_word' id='word_1_709' title='bbox 837 3195 891 3224; x_wconf 91' lang='lat' dir='ltr'><strong>est</strong></span> <span class='ocrx_word' id='word_1_710' title='bbox 918 3186 1056 3236; x_wconf 90' lang='lat' dir='ltr'><strong>potior,</strong></span> <span class='ocrx_word' id='word_1_711' title='bbox 1077 3194 1181 3223; x_wconf 87' lang='lat' dir='ltr'><strong>tanto</strong></span> <span class='ocrx_word' id='word_1_712' title='bbox 1210 3186 1375 3235; x_wconf 92' lang='lat' dir='ltr'><strong>prophe-</strong></span> 
     </span>
     <span class='ocr_line' id='line_1_102' title="bbox 309 3239 1376 3290; baseline -0.002 -12"><span class='ocrx_word' id='word_1_713' title='bbox 309 3243 359 3279; x_wconf 91' lang='lat' dir='ltr'><strong>tia</strong></span> <span class='ocrx_word' id='word_1_714' title='bbox 388 3251 442 3278; x_wconf 90' lang='lat' dir='ltr'><strong>est</strong></span> <span class='ocrx_word' id='word_1_715' title='bbox 471 3241 631 3290; x_wconf 87' lang='lat' dir='ltr'><strong>dignior.</strong></span> <span class='ocrx_word' id='word_1_716' title='bbox 662 3240 910 3278; x_wconf 87' lang='lat' dir='ltr'><strong>Manifestum</strong></span> <span class='ocrx_word' id='word_1_717' title='bbox 935 3247 991 3277; x_wconf 91' lang='lat' dir='ltr'><strong>est</strong></span> <span class='ocrx_word' id='word_1_718' title='bbox 1019 3247 1148 3277; x_wconf 85' lang='lat' dir='ltr'><strong>autem</strong></span> <span class='ocrx_word' id='word_1_719' title='bbox 1169 3239 1275 3288; x_wconf 92' lang='lat' dir='ltr'><strong>quod</strong></span> <span class='ocrx_word' id='word_1_720' title='bbox 1295 3251 1376 3276; x_wconf 91' lang='lat' dir='ltr'><strong>ma-</strong></span> 
     </span>
     <span class='ocr_line' id='line_1_103' title="bbox 311 3293 1376 3342; baseline -0.001 -11"><span class='ocrx_word' id='word_1_721' title='bbox 311 3295 496 3332; x_wconf 89' lang='lat' dir='ltr'><strong>nifestatio</strong></span> <span class='ocrx_word' id='word_1_722' title='bbox 516 3294 684 3332; x_wconf 87' lang='lat' dir='ltr'><strong>veritatis</strong></span> <span class='ocrx_word' id='word_1_723' title='bbox 705 3293 856 3332; x_wconf 90' lang='lat' dir='ltr'><strong>divinae</strong></span> <span class='ocrx_word' id='word_1_724' title='bbox 886 3305 984 3342; x_wconf 91' lang='lat' dir='ltr'><strong>quae</strong></span> <span class='ocrx_word' id='word_1_725' title='bbox 1004 3293 1047 3330; x_wconf 90' lang='lat' dir='ltr'><strong>fit</strong></span> <span class='ocrx_word' id='word_1_726' title='bbox 1066 3293 1278 3330; x_wconf 89' lang='lat' dir='ltr'><strong>secundum</strong></span> <span class='ocrx_word' id='word_1_727' title='bbox 1307 3305 1376 3330; x_wconf 93' lang='lat' dir='ltr'><strong>nu-</strong></span> 
     </span>
     <span class='ocr_line' id='line_1_104' title="bbox 312 3346 1404 3397; baseline -0.003 -12"><span class='ocrx_word' id='word_1_728' title='bbox 312 3348 400 3385; x_wconf 89' lang='lat' dir='ltr'><strong>dam</strong></span> <span class='ocrx_word' id='word_1_729' title='bbox 431 3348 790 3397; x_wconf 89' lang='lat' dir='ltr'><strong>contemplationem</strong></span> <span class='ocrx_word' id='word_1_730' title='bbox 821 3347 938 3396; x_wconf 90' lang='lat' dir='ltr'><strong>ipsius</strong></span> <span class='ocrx_word' id='word_1_731' title='bbox 966 3346 1145 3394; x_wconf 89' lang='lat' dir='ltr'><strong>veritatis,</strong></span> <span class='ocrx_word' id='word_1_732' title='bbox 1166 3346 1293 3395; x_wconf 90' lang='lat' dir='ltr'><strong>potior</strong></span> <span class='ocrx_word' id='word_1_733' title='bbox 1322 3354 1404 3383; x_wconf 87' lang='lat' dir='ltr'><strong>est</strong></span> 
     </span>
    </p>
   </div>
   <div class='ocr_carea' id='block_1_48' title="bbox 313 3399 1405 3450">
    <p class='ocr_par' dir='ltr' id='par_1_52' title="bbox 313 3399 1405 3450">
     <span class='ocr_line' id='line_1_105' title="bbox 313 3399 1405 3450; baseline -0.001 -13"><span class='ocrx_word' id='word_1_734' title='bbox 313 3413 429 3448; x_wconf 91' lang='lat' dir='ltr'><strong>quam</strong></span> <span class='ocrx_word' id='word_1_735' title='bbox 458 3401 518 3438; x_wconf 90' lang='lat' dir='ltr'><strong>illa</strong></span> <span class='ocrx_word' id='word_1_736' title='bbox 547 3413 645 3450; x_wconf 90' lang='lat' dir='ltr'><strong>quae</strong></span> <span class='ocrx_word' id='word_1_737' title='bbox 674 3401 716 3438; x_wconf 86' lang='lat' dir='ltr'><strong>fit</strong></span> <span class='ocrx_word' id='word_1_738' title='bbox 744 3401 814 3438; x_wconf 92' lang='lat' dir='ltr'><strong>sub</strong></span> <span class='ocrx_word' id='word_1_739' title='bbox 849 3399 1091 3437; x_wconf 89' lang='lat' dir='ltr'><strong>similitudine</strong></span> <span class='ocrx_word' id='word_1_740' title='bbox 1121 3399 1376 3449; x_wconf 90' lang='lat' dir='ltr'><strong>corporalium</strong></span> <span class='ocrx_word' id='word_1_741' title='bbox 1402 3426 1405 3436; x_wconf 43' lang='lat' dir='ltr'><strong>t</strong></span> 
     </span>
    </p>
   </div>
   <div class='ocr_carea' id='block_1_49' title="bbox 313 3513 1379 3656">
    <p class='ocr_par' dir='ltr' id='par_1_53' title="bbox 313 3513 1379 3656">
     <span class='ocr_line' id='line_1_106' title="bbox 367 3513 1379 3548; baseline 0 -10"><span class='ocrx_word' id='word_1_742' title='bbox 367 3514 394 3546; x_wconf 82' lang='grc' dir='ltr'><strong>α)</strong></span> <span class='ocrx_word' id='word_1_743' title='bbox 415 3515 634 3547; x_wconf 84' lang='lat' dir='ltr'><strong>Hagiographos.</strong></span> <span class='ocrx_word' id='word_1_744' title='bbox 646 3527 665 3533; x_wconf 90' lang='lat'><em>—</em></span> <span class='ocrx_word' id='word_1_745' title='bbox 682 3515 853 3547; x_wconf 79' lang='lat' dir='ltr'><strong>geographus</strong></span> <span class='ocrx_word' id='word_1_746' title='bbox 871 3515 1021 3547; x_wconf 82' lang='lat' dir='ltr'><strong>BEFlpAK.</strong></span> <span class='ocrx_word' id='word_1_747' title='bbox 1036 3515 1206 3548; x_wconf 76' lang='lat' dir='ltr'><strong>geographos</strong></span> <span class='ocrx_word' id='word_1_748' title='bbox 1218 3514 1290 3543; x_wconf 85' lang='lat' dir='ltr'><strong>DLa,</strong></span> <span class='ocrx_word' id='word_1_749' title='bbox 1304 3513 1379 3547; x_wconf 83' lang='lat' dir='ltr'><strong>agio-</strong></span> 
     </span>
     <span class='ocr_line' id='line_1_107' title="bbox 313 3550 1062 3584; baseline 0 -9"><span class='ocrx_word' id='word_1_750' title='bbox 313 3550 432 3584; x_wconf 82' lang='lat' dir='ltr'><strong>graphas</strong></span> <span class='ocrx_word' id='word_1_751' title='bbox 452 3550 542 3579; x_wconf 78' lang='lat' dir='ltr'><strong>sACK,</strong></span> <span class='ocrx_word' id='word_1_752' title='bbox 562 3550 749 3583; x_wconf 78' lang='lat' dir='ltr'><strong>ageographas</strong></span> <span class='ocrx_word' id='word_1_753' title='bbox 768 3551 815 3583; x_wconf 86' lang='lat' dir='ltr'><strong>pc,</strong></span> <span class='ocrx_word' id='word_1_754' title='bbox 834 3551 1010 3584; x_wconf 77' lang='lat' dir='ltr'><strong>ayographas</strong></span> <span class='ocrx_word' id='word_1_755' title='bbox 1029 3551 1062 3575; x_wconf 84' lang='lat' dir='ltr'><strong>H.</strong></span> 
     </span>
     <span class='ocr_line' id='line_1_108' title="bbox 314 3584 1379 3656; baseline -0.002 -46"><span class='ocrx_word' id='word_1_756' title='bbox 314 3584 601 3656; x_wconf 46' lang='lat' dir='ltr'><strong>ayoffirxhgiiographi.</strong></span> <span class='ocrx_word' id='word_1_757' title='bbox 613 3599 631 3604; x_wconf 96' lang='lat'><em>-</em></span> <span class='ocrx_word' id='word_1_758' title='bbox 649 3586 816 3618; x_wconf 78' lang='lat' dir='ltr'><strong>ageographi</strong></span> <span class='ocrx_word' id='word_1_759' title='bbox 840 3586 1038 3618; x_wconf 83' lang='lat' dir='ltr'><strong>BEFleAGK,</strong></span> <span class='ocrx_word' id='word_1_760' title='bbox 1057 3585 1207 3618; x_wconf 77' lang='lat' dir='ltr'><strong>geographi</strong></span> <span class='ocrx_word' id='word_1_761' title='bbox 1225 3584 1291 3617; x_wconf 88' lang='lat' dir='ltr'><strong>DpG</strong></span> <span class='ocrx_word' id='word_1_762' title='bbox 1310 3589 1335 3609; x_wconf 84' lang='lat' dir='ltr'><strong>et</strong></span> <span class='ocrx_word' id='word_1_763' title='bbox 1353 3590 1379 3613; x_wconf 76' lang='lat' dir='ltr'><strong>a,</strong></span> 
     </span>
    </p>
   </div>
   <div class='ocr_carea' id='block_1_50' title="bbox 1401 3149 1403 3267">
    <p class='ocr_par' dir='ltr' id='par_1_54' title="bbox 1401 3149 1403 3267">
     <span class='ocr_line' id='line_1_109' title="bbox 1401 3149 1403 3267; baseline 0 931"><span class='ocrx_word' id='word_1_764' title='bbox 1401 3149 1403 3267; x_wconf 95' lang='lat' dir='ltr'><strong> </strong></span> 
     </span>
    </p>
   </div>
   <div class='ocr_carea' id='block_1_51' title="bbox 1405 3515 1409 3644">
    <p class='ocr_par' dir='ltr' id='par_1_55' title="bbox 1405 3515 1409 3644">
     <span class='ocr_line' id='line_1_110' title="bbox 1405 3515 1409 3644; baseline 0 554"><span class='ocrx_word' id='word_1_765' title='bbox 1405 3515 1409 3644; x_wconf 95' lang='lat' dir='ltr'><strong> </strong></span> 
     </span>
    </p>
   </div>
   <div class='ocr_carea' id='block_1_52' title="bbox 1401 3078 2506 3448">
    <p class='ocr_par' dir='ltr' id='par_1_56' title="bbox 1401 3078 2506 3448">
     <span class='ocr_line' id='line_1_111' title="bbox 1401 3078 2503 3140; baseline 0.003 -25.078"><span class='ocrx_word' id='word_1_766' title='bbox 1401 3079 1509 3140; x_wconf 89' lang='lat' dir='ltr'><strong>prie</strong></span> <span class='ocrx_word' id='word_1_767' title='bbox 1539 3078 1671 3128; x_wconf 88' lang='lat' dir='ltr'><strong>recipit</strong></span> <span class='ocrx_word' id='word_1_768' title='bbox 1698 3078 1856 3116; x_wconf 82' lang='lat' dir='ltr'><strong>alicuius</strong></span> <span class='ocrx_word' id='word_1_769' title='bbox 1874 3078 2218 3128; x_wconf 78' lang='lat' dir='ltr'><strong>praedicationem·</strong></span> <span class='ocrx_word' id='word_1_770' title='bbox 2248 3078 2344 3117; x_wconf 84' lang='lat' dir='ltr'><strong>sicut</strong></span> <span class='ocrx_word' id='word_1_771' title='bbox 2372 3079 2503 3128; x_wconf 85' lang='lat' dir='ltr'><strong>cogni-</strong></span> 
     </span>
     <span class='ocr_line' id='line_1_112' title="bbox 1429 3130 2506 3182; baseline 0.002 -13"><span class='ocrx_word' id='word_1_772' title='bbox 1429 3132 1482 3169; x_wconf 90' lang='lat' dir='ltr'><strong>tio</strong></span> <span class='ocrx_word' id='word_1_773' title='bbox 1510 3132 1653 3181; x_wconf 87' lang='lat' dir='ltr'><strong>patriae</strong></span> <span class='ocrx_word' id='word_1_774' title='bbox 1673 3139 1730 3169; x_wconf 90' lang='lat' dir='ltr'><strong>est</strong></span> <span class='ocrx_word' id='word_1_775' title='bbox 1747 3132 1913 3170; x_wconf 89' lang='lat' dir='ltr'><strong>nobilior</strong></span> <span class='ocrx_word' id='word_1_776' title='bbox 1939 3143 2057 3181; x_wconf 83' lang='lat' dir='ltr'><strong>quam</strong></span> <span class='ocrx_word' id='word_1_777' title='bbox 2087 3130 2252 3179; x_wconf 79' lang='lat' dir='ltr'><strong>cognitio</strong></span> <span class='ocrx_word' id='word_1_778' title='bbox 2280 3132 2380 3180; x_wconf 84' lang='lat' dir='ltr'><strong>viae,</strong></span> <span class='ocrx_word' id='word_1_779' title='bbox 2400 3142 2506 3182; x_wconf 76' lang='lat' dir='ltr'><strong>quae</strong></span> 
     </span>
     <span class='ocr_line' id='line_1_113' title="bbox 1430 3184 2502 3245; baseline 0.001 -22"><span class='ocrx_word' id='word_1_780' title='bbox 1430 3194 1559 3223; x_wconf 89' lang='lat' dir='ltr'><strong>tamen</strong></span> <span class='ocrx_word' id='word_1_781' title='bbox 1588 3185 1709 3245; x_wconf 79' lang='lat' dir='ltr'><strong>magis</strong></span> <span class='ocrx_word' id='word_1_782' title='bbox 1737 3185 1891 3234; x_wconf 92' lang='lat' dir='ltr'><strong>proprie</strong></span> <span class='ocrx_word' id='word_1_783' title='bbox 1921 3184 2055 3222; x_wconf 91' lang='lat' dir='ltr'><strong>dicitur</strong></span> <span class='ocrx_word' id='word_1_784' title='bbox 2082 3184 2191 3231; x_wconf 89' lang='lat' dir='ltr'><strong>fides,</strong></span> <span class='ocrx_word' id='word_1_785' title='bbox 2221 3197 2267 3222; x_wconf 92' lang='lat' dir='ltr'><strong>eo</strong></span> <span class='ocrx_word' id='word_1_786' title='bbox 2295 3185 2402 3234; x_wconf 93' lang='lat' dir='ltr'><strong>quod</strong></span> <span class='ocrx_word' id='word_1_787' title='bbox 2430 3198 2502 3224; x_wconf 91' lang='lat' dir='ltr'><strong>no-</strong></span> 
     </span>
     <span class='ocr_line' id='line_1_114' title="bbox 1430 3236 2501 3288; baseline 0 -12"><span class='ocrx_word' id='word_1_788' title='bbox 1430 3251 1521 3276; x_wconf 90' lang='lat' dir='ltr'><strong>men</strong></span> <span class='ocrx_word' id='word_1_789' title='bbox 1536 3238 1627 3276; x_wconf 90' lang='lat' dir='ltr'><strong>fidei</strong></span> <span class='ocrx_word' id='word_1_790' title='bbox 1642 3238 1823 3288; x_wconf 89' lang='lat' dir='ltr'><strong>importat</strong></span> <span class='ocrx_word' id='word_1_791' title='bbox 1841 3236 2170 3288; x_wconf 88' lang='lat' dir='ltr'><strong>imperfectionem</strong></span> <span class='ocrx_word' id='word_1_792' title='bbox 2190 3238 2427 3286; x_wconf 89' lang='lat' dir='ltr'><strong>cognitionis.</strong></span> <span class='ocrx_word' id='word_1_793' title='bbox 2444 3239 2501 3277; x_wconf 89' lang='lat' dir='ltr'><strong>Si-</strong></span> 
     </span>
     <span class='ocr_line' id='line_1_115' title="bbox 1431 3290 2500 3352; baseline 0.001 -23"><span class='ocrx_word' id='word_1_794' title='bbox 1431 3292 1567 3329; x_wconf 88' lang='lat' dir='ltr'><strong>militer</strong></span> <span class='ocrx_word' id='word_1_795' title='bbox 1587 3299 1714 3329; x_wconf 89' lang='lat' dir='ltr'><strong>autem</strong></span> <span class='ocrx_word' id='word_1_796' title='bbox 1734 3290 1935 3351; x_wconf 81' lang='lat' dir='ltr'><strong>prophetia</strong></span> <span class='ocrx_word' id='word_1_797' title='bbox 1955 3290 2135 3339; x_wconf 89' lang='lat' dir='ltr'><strong>importat</strong></span> <span class='ocrx_word' id='word_1_798' title='bbox 2153 3291 2348 3352; x_wconf 80' lang='lat' dir='ltr'><strong>quandam</strong></span> <span class='ocrx_word' id='word_1_799' title='bbox 2364 3293 2500 3330; x_wconf 90' lang='lat' dir='ltr'><strong>obscu-</strong></span> 
     </span>
     <span class='ocr_line' id='line_1_116' title="bbox 1432 3342 2502 3392; baseline 0.001 -10"><span class='ocrx_word' id='word_1_800' title='bbox 1432 3346 1577 3382; x_wconf 89' lang='lat' dir='ltr'><strong>ritatem</strong></span> <span class='ocrx_word' id='word_1_801' title='bbox 1607 3353 1642 3382; x_wconf 89' lang='lat' dir='ltr'><strong>et</strong></span> <span class='ocrx_word' id='word_1_802' title='bbox 1662 3344 1918 3382; x_wconf 88' lang='lat' dir='ltr'><strong>remotionem</strong></span> <span class='ocrx_word' id='word_1_803' title='bbox 1937 3343 1986 3380; x_wconf 88' lang='lat' dir='ltr'><strong>ab</strong></span> <span class='ocrx_word' id='word_1_804' title='bbox 2016 3342 2232 3392; x_wconf 90' lang='lat' dir='ltr'><strong>intelligibili</strong></span> <span class='ocrx_word' id='word_1_805' title='bbox 2251 3345 2422 3383; x_wconf 88' lang='lat' dir='ltr'><strong>veritate.</strong></span> <span class='ocrx_word' id='word_1_806' title='bbox 2452 3345 2502 3384; x_wconf 89' lang='lat' dir='ltr'><strong>Et</strong></span> 
     </span>
     <span class='ocr_line' id='line_1_117' title="bbox 1432 3395 2500 3448; baseline 0 -12"><span class='ocrx_word' id='word_1_807' title='bbox 1432 3398 1519 3436; x_wconf 91' lang='lat' dir='ltr'><strong>ideo</strong></span> <span class='ocrx_word' id='word_1_808' title='bbox 1549 3397 1670 3446; x_wconf 84' lang='lat' dir='ltr'><strong>magis</strong></span> <span class='ocrx_word' id='word_1_809' title='bbox 1707 3396 1861 3446; x_wconf 91' lang='lat' dir='ltr'><strong>proprie</strong></span> <span class='ocrx_word' id='word_1_810' title='bbox 1899 3395 2074 3434; x_wconf 89' lang='lat' dir='ltr'><strong>dicuntur</strong></span> <span class='ocrx_word' id='word_1_811' title='bbox 2100 3398 2311 3448; x_wconf 83' lang='lat' dir='ltr'><strong>prophetae</strong></span> <span class='ocrx_word' id='word_1_812' title='bbox 2348 3397 2414 3447; x_wconf 88' lang='lat' dir='ltr'><strong>qui</strong></span> <span class='ocrx_word' id='word_1_813' title='bbox 2445 3398 2500 3436; x_wconf 87' lang='lat' dir='ltr'><strong>vi—</strong></span> 
     </span>
    </p>
   </div>
   <div class='ocr_carea' id='block_1_53' title="bbox 1487 3510 2458 3580">
    <p class='ocr_par' dir='ltr' id='par_1_57' title="bbox 1487 3510 2458 3580">
     <span class='ocr_line' id='line_1_118' title="bbox 1505 3510 2458 3546; baseline 0.002 -10"><span class='ocrx_word' id='word_1_814' title='bbox 1505 3511 1642 3544; x_wconf 80' lang='lat' dir='ltr'><strong>)nude.-</strong></span> <span class='ocrx_word' id='word_1_815' title='bbox 1661 3510 1732 3535; x_wconf 82' lang='lat' dir='ltr'><strong>unde</strong></span> <span class='ocrx_word' id='word_1_816' title='bbox 1750 3510 1821 3542; x_wconf 85' lang='lat' dir='ltr'><strong>pBK.</strong></span> <span class='ocrx_word' id='word_1_817' title='bbox 1841 3510 1908 3535; x_wconf 79' lang='lat' dir='ltr'><strong>nube</strong></span> <span class='ocrx_word' id='word_1_818' title='bbox 1926 3511 2044 3540; x_wconf 78' lang='lat' dir='ltr'><strong>L.1·uste</strong></span> <span class='ocrx_word' id='word_1_819' title='bbox 2064 3512 2102 3542; x_wconf 81' lang='grc' dir='ltr'><strong>Η,</strong></span> <span class='ocrx_word' id='word_1_820' title='bbox 2121 3519 2175 3538; x_wconf 86' lang='lat' dir='ltr'><strong>om.</strong></span> <span class='ocrx_word' id='word_1_821' title='bbox 2194 3511 2281 3543; x_wconf 77' lang='lat' dir='ltr'><strong>PDla3</strong></span> <span class='ocrx_word' id='word_1_822' title='bbox 2301 3512 2393 3538; x_wconf 70' lang='lat' dir='ltr'><strong>abrasa</strong></span> <span class='ocrx_word' id='word_1_823' title='bbox 2410 3512 2458 3546; x_wconf 83' lang='lat' dir='ltr'><strong>pC.</strong></span> 
     </span>
     <span class='ocr_line' id='line_1_119' title="bbox 1487 3519 2058 3580; baseline 0.002 -9"><span class='ocrx_word' id='word_1_824' title='bbox 1487 3519 1512 3580; x_wconf 59' lang='grc' dir='ltr'><strong>ἔ)</strong></span> <span class='ocrx_word' id='word_1_825' title='bbox 1532 3547 1674 3572; x_wconf 73' lang='lat' dir='ltr'><strong>levium.-</strong></span> <span class='ocrx_word' id='word_1_826' title='bbox 1691 3545 1795 3570; x_wconf 80' lang='lat' dir='ltr'><strong>leniora</strong></span> <span class='ocrx_word' id='word_1_827' title='bbox 1815 3546 1894 3576; x_wconf 83' lang='lat' dir='ltr'><strong>PHa‚·</strong></span> <span class='ocrx_word' id='word_1_828' title='bbox 1913 3551 1941 3571; x_wconf 80' lang='lat' dir='ltr'><strong>ut</strong></span> <span class='ocrx_word' id='word_1_829' title='bbox 1959 3554 2007 3572; x_wconf 86' lang='lat' dir='ltr'><strong>nos</strong></span> <span class='ocrx_word' id='word_1_830' title='bbox 2026 3547 2058 3573; x_wconf 92' lang='lat' dir='ltr'><strong>G.</strong></span> 
     </span>
    </p>
   </div>
  </div>
 </body>
</html>
