2612 4178
152 279 173 302 X

151 345 231 375 vires
263 341 438 375 defuerint?
469 343 573 373 Nemo
606 351 671 371 non
703 340 787 370 videt
818 338 896 379 quid
927 337 1024 378 egerit
1054 342 1228 366 corrector:

151 389 278 431 quoties
294 389 392 425 licuit,
410 398 446 418 ex
462 388 571 428 aliquo
587 386 668 416 libro
686 385 807 426 primae
828 382 934 413 classis
959 383 1060 412 bonas
1077 379 1229 411 lectiones

151 435 319 466 mutuabat
343 440 374 464 et
396 442 492 473 super
523 430 698 471 marginem
727 427 943 459 Atrebatensis
974 425 1174 459 rescribebat,
1199 431 1230 454 et

150 481 194 510 sic
224 478 330 509 sensui
358 485 389 508 et
416 477 513 508 errori
544 475 703 510 satisfecit,
728 475 848 514 absque
879 481 998 511 magno
1029 471 1078 501 sui
1110 468 1229 519 ingenii

149 525 272 555 labore:
299 533 385 559 nam,
403 522 428 552 si
445 531 517 552 vera
542 521 644 551 dicere
667 519 814 553 velimus,
838 516 963 556 egregia
986 514 1164 555 corrigendi
1181 523 1229 544 vis

150 579 215 599 non
241 567 395 598 residebat
411 567 442 597 in
459 566 530 606 ipso
548 572 734 600 correctore,
752 563 806 593 sed
823 562 855 591 in
872 560 949 601 ipsis
965 560 1060 591 bonis
1083 558 1228 590 lectioni-

150 615 208 644 bus
224 613 346 653 primae
371 611 492 643 classis:
517 610 634 651 quibus
658 618 754 648 super
770 606 947 646 marginem
962 604 1033 635 libri
1050 603 1228 643 corrigendi

150 657 352 698 transcriptis,
378 667 416 687 eo
445 656 516 696 ipso
537 655 634 685 errori
666 652 862 684 satisfactum
891 650 960 686 fuit,
985 649 1064 690 quin
1096 648 1229 698 fortasse

149 710 307 733 corrector
330 703 369 732 de
393 710 497 732 errore
521 710 585 740 qua
609 698 663 729 tali
692 695 885 735 cogitaverit.
919 695 1012 731 Quae
1042 700 1230 724 correctoris

149 749 227 779 vires
251 747 368 777 fuerint
391 752 486 786 patet,
512 745 576 780 ubi,
602 742 719 773 codicis
748 740 875 771 alterius
903 739 1021 769 auxilio
1046 739 1088 768 ob
1114 737 1228 768 erroris

148 792 413 823 communitatem
438 789 617 823 destitutus,
642 786 810 817 meliorem
836 784 1010 815 lectionem
1034 792 1071 814 ex
1094 782 1227 824 proprio

147 837 276 878 ingenio
301 846 408 867 eruere
433 834 572 874 cogitur:
599 840 675 863 tunc
699 832 738 861 de
762 840 856 860 sensu
883 828 976 860 unice
999 827 1156 859 sollicitus
1180 833 1228 858 est

147 893 204 913 nec
228 891 321 922 saepe
345 880 420 911 scite
443 889 518 909 eum
543 876 688 912 restituit,
714 873 827 906 erroris
851 883 927 905 vero
951 873 1076 904 nodum
1101 872 1229 903 inextri-

147 935 254 958 catum
270 926 354 956 abire
371 924 454 955 sinit.
480 923 578 961 Quid,
595 921 685 963 quod
702 919 889 951 correctoris
907 918 1041 949 facultas
1058 928 1091 949 se
1108 917 1226 959 prodit,

146 972 240 1003 etiam
266 971 318 1002 ubi
344 980 409 1000 non
435 965 583 1008 corrigit?
606 966 724 998 Multas
752 965 870 996 scilicet
892 963 1109 995 Atrebatensis
1133 973 1227 994 enor-

145 1017 269 1048 mitates
294 1021 453 1046 corrector
477 1023 542 1044 non
567 1011 709 1047 advertit,
730 1020 806 1040 narn
831 1020 883 1040 eas
907 1009 1112 1040 emendando
1137 1018 1226 1049 prae—

143 1062 236 1093 teriit.
276 1060 374 1098 Quid,
399 1059 487 1100 quod
513 1067 586 1099 prae
616 1056 718 1087 oculis
748 1055 868 1086 habens
899 1054 1070 1086 lectionem
1104 1053 1227 1094 primae

144 1107 264 1142 classis,
296 1114 432 1146 eamque
465 1102 560 1134 errori
596 1101 785 1141 corrigendo
818 1099 999 1141 applicans,
1031 1109 1126 1140 saepe
1159 1108 1226 1129 non

143 1151 280 1193 perfecte
297 1150 398 1181 reddit
413 1148 585 1180 lectionem
604 1156 704 1188 quam
724 1142 920 1176 transcribit?
949 1145 1007 1176 Ex.
1025 1155 1072 1185 gr.
1089 1145 1122 1175 in
1139 1150 1225 1175 textu

143 1196 307 1228 Sermonis
326 1195 357 1226 S.
376 1193 547 1234 Augustini
564 1193 602 1222 de
619 1191 800 1232 Epiphania
817 1190 950 1232 optime.
958 1189 1088 1230 corrigit
1104 1198 1226 1220 errores

142 1242 237 1284 quod,
262 1240 438 1277 dubitabat,
462 1238 610 1269 Christus
632 1236 779 1274 habebat,
797 1237 828 1267 in
853 1245 930 1277 qua,
956 1235 1168 1272 tradideritis,
1184 1235 1224 1272 si,

141 1287 327 1318 sustineatis
336 1293 348 1323 ;
379 1291 507 1315 econtra
535 1283 575 1314 de
603 1292 662 1323 pro
694 1282 726 1312 in
758 1281 920 1317 remansit,
945 1287 976 1311 et
999 1280 1031 1311 in
1064 1279 1137 1316 fine,
1165 1289 1225 1320 pro

137 1333 290 1374 proximo
319 1329 436 1372 (errore
466 1327 597 1369 proprio
630 1327 747 1358 librarii
777 1323 1009 1368 Atrebatensis)
1035 1326 1224 1366 passionem

136 1387 290 1419 passuro,
315 1381 475 1406 corrector
499 1373 605 1404 scribit
623 1373 810 1413 passionem
829 1381 894 1413 pro
922 1370 1051 1402 Christo
1068 1379 1225 1412 passuro,

141 1423 219 1454 dum
237 1421 339 1462 prima
357 1419 463 1450 classis
479 1420 665 1460 passionem
684 1417 777 1459 ponit
793 1424 868 1458 post
885 1426 1040 1458 passuro.
1058 1433 1079 1440 -
1097 1415 1226 1454 Quibus

141 1474 248 1499 autem
271 1465 391 1496 viribus
415 1471 575 1495 corrector
599 1463 718 1494 codicis
742 1461 960 1494 Atrebatensis
983 1461 1055 1497 fuit,
1074 1471 1140 1492 non
1158 1471 1225 1492 me-

139 1512 273 1543 lioribus
293 1521 326 1541 se
347 1509 444 1541 fuisse
468 1519 582 1540 omnes
607 1515 800 1540 correctores
825 1508 1057 1539 demonstrant.
1083 1507 1226 1545 Quando

140 1567 205 1589 non
219 1557 337 1587 habent
352 1555 437 1586 unde
453 1555 553 1585 bonas
569 1554 724 1585 lectiones
740 1553 961 1589 transcribant,
975 1553 1015 1583 ad
1028 1551 1224 1593 completam

138 1612 283 1634 errorum
300 1600 528 1632 correctionem
547 1610 612 1630 non
633 1599 830 1640 pertingunt,
848 1599 903 1630 sed
919 1605 974 1629 aut
990 1598 1108 1629 laxatas
1124 1607 1224 1628 enun-

138 1648 290 1679 tiatorum
325 1655 497 1686 compages
522 1655 587 1675 non
613 1645 791 1676 revinciunt
807 1667 815 1682 ,
840 1651 896 1675 aut
918 1643 1029 1679 lectio,
1053 1652 1152 1685 quam
1178 1652 1226 1673 ex-

139 1693 277 1734 cogitant
309 1698 343 1722 ut
374 1690 580 1731 intelligentia
618 1691 740 1727 redeat,
767 1700 834 1721 non
865 1699 901 1720 ea
933 1697 980 1720 est
1012 1698 1049 1719 ex
1080 1698 1144 1730 qua
1169 1697 1226 1729 per

138 1738 249 1769 falsam
280 1735 527 1777 descriptionem
558 1735 685 1767 habitus
714 1742 745 1766 et
767 1734 871 1775 figura
902 1734 1017 1765 erroris
1046 1733 1224 1774 corrigendi

138 1783 211 1814 oriri
228 1781 402 1823 potuerint.
428 1781 478 1812 Sic
495 1781 643 1812 millenae
661 1781 819 1812 secundae
846 1789 962 1810 manus
992 1789 1089 1820 super
1111 1778 1224 1819 margi—

138 1838 193 1859 nes
208 1835 391 1859 nostrorum
409 1826 558 1857 codicum
581 1836 707 1866 sparsae
735 1824 994 1856 insufficientiam
1018 1824 1135 1855 docent
1159 1834 1225 1854 cor-

137 1881 297 1904 rectorum
323 1882 383 1903 suo
407 1871 537 1911 ingenio
562 1871 765 1907 relictorum;
790 1870 815 1901 si
846 1880 910 1901 non
938 1869 1163 1904 transcribunt.
1190 1876 1225 1900 ut

137 1918 313 1960 plurimum
339 1917 420 1947 male
445 1916 618 1956 corrigunt.

189 1963 207 2004 g
233 1963 280 1994 13.
305 1963 356 1993 De
383 1961 522 2003 Origine
544 1961 713 1992 Bonarum
740 1961 928 1998 Lectionum
948 1960 1081 2000 primae
1109 1959 1224 1990 classis

136 2008 314 2039 Erroribus
338 2008 453 2038 tertiae
468 2007 703 2048 oppositarum.
720 2006 815 2037 Nunc
835 2005 928 2036 nobis
949 2005 1152 2036 redeundum
1177 2012 1224 2036 est

135 2054 175 2085 ad
192 2052 413 2095 quaestionem
430 2052 448 2094 ἕ
462 2063 493 2094 7.
510 2051 575 2082 iam
591 2051 800 2087 insinuatam,
823 2058 932 2082 utrum
953 2049 1223 2091 exemplar—origo

135 2098 285 2130 codicum
311 2097 432 2138 primae
456 2097 564 2127 classis
581 2096 677 2128 fuerit
697 2096 776 2127 liber
791 2095 900 2127 tertiae
925 2095 1034 2126 classis
1054 2095 1222 2126 correctio-

135 2144 228 2175 nibus
246 2142 389 2178 refertus,
407 2152 446 2173 an
466 2141 584 2183 potius,
599 2141 679 2172 infra
697 2141 945 2182 Apographum,
958 2151 976 2171 a
994 2140 1099 2181 primo
1116 2150 1223 2171 exem-

135 2188 214 2230 plari
240 2187 349 2220 tertiae
372 2187 435 2218 iam
460 2197 478 2218 a
503 2186 661 2228 principio
690 2185 944 2227 transcriptionis
973 2185 1109 2216 omnino
1135 2185 1224 2217 inde-

135 2234 277 2275 pendens
302 2232 406 2264 fuerit.
432 2232 543 2263 Altero
568 2239 641 2264 utro
666 2238 836 2263 stemmate
860 2241 933 2262 vera
955 2231 1046 2271 origo
1067 2230 1223 2262 contineri

135 2279 237 2310 debet.
262 2278 356 2314 Nam,
373 2277 455 2309 sicut
471 2287 592 2308 errores
617 2287 810 2308 communes
835 2276 1002 2308 universos
1022 2276 1149 2308 codices
1166 2287 1223 2308 no-

134 2332 216 2355 stros
242 2323 296 2354 uni
325 2322 523 2364 apographo,
548 2329 703 2364 tanquam
731 2321 888 2364 superiori
920 2321 1044 2359 unitati,
1069 2321 1224 2353 insolubi-

134 2370 204 2400 liter
232 2368 340 2409 ligant,
366 2368 407 2399 ita
431 2368 536 2399 bonae
565 2367 719 2399 lectiones
754 2367 855 2399 solius
888 2366 1027 2407 primae,
1053 2367 1223 2408 oppositae

135 2413 295 2446 erroribus
324 2413 424 2444 solius
455 2412 583 2449 tertiae,
616 2422 771 2454 tanquam
802 2412 949 2444 ultimam
983 2412 1033 2444 sui
1064 2412 1223 2453 originem

136 2469 238 2491 unum
264 2459 486 2489 demonstrant
518 2459 694 2499 exemplar,
719 2458 809 2499 quod
834 2457 883 2488 his
907 2457 1002 2489 bonis
1031 2457 1224 2489 lectionibus

135 2516 151 2536 a
177 2504 282 2546 primo
307 2503 495 2545 apographo
520 2503 628 2535 tertiae
659 2513 792 2544 prorsus
820 2502 1006 2534 distinctum
1038 2510 1115 2535 erat.
1147 2503 1223 2535 ldeo

135 2549 216 2581 infra
240 2548 493 2590 Apographum,
520 2547 642 2579 fontem
667 2548 895 2580 communium
924 2558 1082 2584 errorum,
1108 2548 1223 2580 divisio

135 2594 279 2626 facienda
296 2601 352 2630 est,
371 2601 406 2624 ut
422 2593 633 2634 discrepantia
648 2593 748 2625 totius
765 2593 887 2634 primae
911 2604 929 2624 a
953 2601 1020 2625 tota
1037 2594 1128 2626 tertia
1149 2604 1223 2626 cau-

136 2650 203 2671 sam
229 2639 350 2670 habeat.
377 2638 484 2670 Causa
504 2646 611 2670 autem
636 2638 733 2670 huius
757 2638 988 2680 discrepantiae
1011 2639 1161 2671 alterutra
1177 2651 1223 2671 se-

136 2684 306 2726 quentium
332 2683 428 2715 fuisse
454 2691 578 2725 potest:
604 2694 641 2715 ex
666 2683 865 2725 Apographo
890 2684 957 2715 duo
980 2683 1099 2716 librarii
1124 2692 1223 2716 trans-

138 2729 317 2771 cripserint;
349 2739 433 2760 unus
458 2729 686 2770 negligentius,
712 2729 751 2760 ad
781 2739 903 2760 errores
928 2729 1116 2771 Apographi
1145 2741 1223 2762 suos

138 2785 240 2806 novos
260 2774 424 2809 addendo:
442 2774 538 2805 huius
558 2774 674 2805 librarii
691 2785 775 2816 opus
795 2774 958 2815 exemplar
974 2782 1055 2806 esset
1072 2775 1222 2807 codicum

137 2819 244 2851 tertiae
269 2819 391 2856 classis;
417 2819 495 2850 alter
519 2819 665 2850 librarius
689 2819 804 2851 maiori
829 2830 903 2851 cura
921 2827 952 2851 et
967 2827 1033 2851 arte
1053 2821 1222 2862 scripserit,

139 2865 271 2905 eiusque
296 2864 374 2894 liber
398 2872 493 2904 caput
525 2864 646 2905 primae
671 2865 778 2896 classis
804 2865 905 2897 factus
930 2865 1035 2897 fuerit.
1059 2866 1147 2898 Haec
1170 2877 1222 2907 ge-

140 2909 223 2940 nesis
254 2908 508 2940 convenientiam
538 2917 568 2941 et
597 2910 838 2951 discrepantiam
871 2910 1020 2942 classium
1054 2911 1147 2952 plene
1171 2922 1223 2944 ex-

140 2954 246 2995 plicat,
267 2954 320 2984 sed
338 2961 444 2985 tamen
460 2955 612 2986 abstracte
630 2955 806 2997 loquendo.
825 2956 933 2987 Potest
950 2966 1016 2987 esse
1034 2963 1070 2987 ut
1086 2958 1222 2989 omnino

141 2999 199 3030 alia
218 2998 325 3030 fuerit:
352 2998 484 3030 fortasse
501 2999 626 3031 codices
646 3001 754 3032 tertiae
771 3000 878 3032 classis
894 3008 1017 3032 textum
1035 3003 1223 3044 Apographi

141 3044 315 3080 continent,
341 3044 382 3075 ita
413 3051 447 3075 ut
477 3052 558 3086 quot
586 3055 706 3076 errores
732 3046 763 3076 in
795 3046 885 3077 tertia
917 3056 1109 3078 communes
1138 3055 1223 3085 sunt,

141 3089 276 3120 totidem
307 3089 371 3119 iam
403 3088 559 3121 extiterint
588 3089 620 3121 in
652 3090 757 3131 primo
784 3091 998 3132 Apographo;
1023 3091 1047 3122 si
1081 3103 1156 3124 vero
1181 3093 1223 3125 ibi

143 3133 281 3170 fuerunt,
307 3144 381 3165 cum
407 3134 509 3175 prima
532 3135 639 3166 classis
663 3135 766 3167 eidem
792 3136 990 3177 Apographo
1008 3147 1064 3178 per
1079 3147 1224 3170 errorum

142 3178 339 3210 identitatem
370 3179 555 3215 adhaereat,
580 3181 758 3212 necessario
786 3181 931 3223 sequitur
956 3189 989 3213 ut
1015 3182 1226 3224 discrepantia

143 3222 263 3263 primae
288 3223 394 3254 classis
418 3234 436 3255 a
460 3224 550 3256 tertia
575 3235 631 3266 per
655 3233 867 3257 correctorem
892 3226 1072 3258 introducta
1090 3227 1140 3265 sit,
1157 3229 1224 3270 qui,

145 3267 253 3298 multis
278 3268 434 3299 erroribus
458 3269 490 3300 in
515 3269 624 3311 aliquo
649 3270 757 3302 codice
787 3271 894 3303 tertiae
923 3272 1098 3312 expunctis,
1124 3274 1225 3305 bonas

145 3311 295 3343 lectiones
319 3323 414 3353 super
430 3314 605 3355 marginem
630 3315 806 3357 scripserit:
827 3316 879 3347 ille
900 3317 999 3348 codex
1019 3325 1083 3348 tam
1101 3319 1225 3359 egregie

146 3364 305 3388 correctus
329 3364 416 3398 pater
440 3366 519 3389 esset
543 3360 691 3391 codicum
709 3361 830 3402 primae
855 3362 973 3399 classis,
991 3362 1023 3393 in
1040 3363 1158 3405 quibus
1178 3375 1225 3396 se-

148 3402 268 3432 cundae
293 3403 477 3433 correctoris
502 3413 615 3435 manus
639 3416 694 3445 per
718 3406 995 3447 transcriptionem
1016 3407 1047 3439 in
1067 3409 1225 3441 continuo

146 3454 231 3477 textu
265 3456 300 3477 ex
325 3446 426 3478 oculis
450 3448 672 3489 disparuerint.
696 3451 801 3482 Aliam
824 3460 946 3493 praeter
968 3452 1152 3485 alterutram
1178 3465 1224 3486 as-

147 3491 301 3532 signatam
326 3501 391 3522 non
422 3492 569 3523 videmus
593 3493 694 3531 viam,
719 3506 782 3536 qua
806 3496 1016 3538 discrepantia
1041 3498 1122 3529 inter
1145 3499 1226 3530 duas

148 3535 261 3567 classes
282 3535 428 3568 advenire
444 3538 615 3578 potuisset:
645 3549 765 3571 errores
790 3541 882 3581 primi
907 3542 1083 3583 apographi
1108 3543 1224 3576 debent

148 3587 203 3612 aut
227 3579 258 3611 in
284 3580 423 3612 ulteriori
449 3581 660 3623 descriptione
685 3585 779 3621 aucti,
804 3594 858 3617 aut
888 3586 1064 3628 aliquando
1089 3598 1144 3629 per
1169 3589 1225 3620 ali-

148 3634 246 3665 quem
271 3633 480 3657 correctorem
506 3627 620 3659 minuti
644 3638 721 3660 esse.

201 3669 220 3710 5
250 3679 297 3710 14.
323 3669 544 3711 Supponendo
565 3672 720 3712 originem
745 3673 865 3714 primae
890 3676 996 3707 classis
1027 3687 1097 3708 eam
1127 3677 1225 3709 fuisse

1282 345 1382 376 quam
1400 335 1553 367 ultimum
1577 344 1712 367 stemma
1729 336 1886 377 exprimit,
1904 336 2051 377 quaestio
2076 335 2187 371 oritur,
2205 334 2368 366 undenam

1282 387 1443 410 corrector
1470 381 1643 421 sumpserit
1669 381 1824 412 lectiones
1852 391 1926 412 suas
1949 388 2015 412 tam
2040 380 2216 411 eminenter
2245 375 2368 410 bonas?

1282 423 1316 455 Si
1340 434 1447 455 rerum
1471 425 1707 466 phaenomena,
1727 436 1810 467 quae
1826 425 1859 456 in
1876 426 1967 457 omni
1983 425 2113 456 scientia
2137 425 2253 461 valent,
2271 423 2367 455 etiam

1282 468 1315 498 in
1347 468 1454 505 critica
1478 470 1582 501 valere
1606 471 1854 511 permittuntur.
1879 471 2143 512 respondendum
2167 477 2230 500 est:
2263 478 2367 499 corre—

1282 519 1351 544 ctor
1373 523 1440 544 non
1457 515 1587 555 propria
1602 515 1811 556 intelligentia
1833 523 1864 546 et
1879 523 1946 546 arte
1967 515 2122 547 lectiones
2145 525 2182 545 ex
2207 513 2369 545 erroribus

1282 557 1350 598 ipse
1381 558 1473 594 eruit,
1498 560 1553 590 sed
1578 570 1615 590 ex
1639 560 1750 602 aliquo
1779 561 1862 591 libro
1886 561 2062 602 descripsit.
2094 563 2298 600 Argumento
2322 565 2370 588 est

1281 602 1350 643 ipsa
1383 603 1568 635 excellentia
1602 605 1818 637 correctionis.
1854 606 2012 643 Quamvis
2049 605 2136 636 enim
2167 611 2291 635 certum
2322 610 2370 633 est

1282 654 1510 684 correctorem,
1542 659 1641 689 quem
1675 650 1816 682 adfuisse
1851 651 2084 692 supponimus,
2117 660 2183 681 non
2215 648 2368 679 omnibus

1281 691 1442 723 erroribus
1466 692 1537 723 libri
1557 693 1607 724 sui
1625 695 1823 732 subvenisse,
1840 703 1947 727 tamen
1972 703 2137 737 quotquot
2160 695 2232 726 loca
2255 693 2368 734 tetigit,

1280 743 1347 767 tam
1371 737 1504 768 solerter
1526 745 1557 768 et
1581 739 1709 771 oculate
1733 741 1926 778 emendavit,
1943 748 1980 772 ut
1995 741 2106 772 nullus
2129 749 2277 771 recensor
2297 749 2367 769 mo-

1281 781 1409 818 dernus,
1439 782 1557 823 opibus
1585 783 1734 814 scientiae
1761 785 1888 816 criticae
1918 786 2102 822 instructus,
2131 785 2311 826 pleniorem
2338 790 2369 814 et

1280 825 1492 858 efficaciorem
1523 828 1756 859 correctionem
1782 830 1985 870 produceret.
2016 831 2121 862 Adeas
2144 830 2163 872 fi
2190 831 2219 861 3.
2244 837 2366 860 textum

1253 875 1254 878 ’
1279 870 1312 902 S.
1338 872 1522 912 Augustini,
1547 873 1683 913 plenum
1707 874 1870 906 erroribus
1893 876 2085 916 exemplaris
2107 875 2218 907 tertiae
2241 874 2367 910 classis;

1279 915 1388 947 videas
1412 927 1452 948 an
1477 917 1510 948 in
1534 918 1651 949 eodem
1683 925 1770 949 textu
1801 919 1925 960 primae
1955 921 2064 952 classis
2087 920 2106 962 5
2130 931 2161 962 7.
2185 920 2288 951 iotam
2312 926 2369 950 aut

1279 961 1404 1002 apicem
1436 962 1552 994 addere
1576 963 1627 994 vel
1654 963 1767 995 tollere
1798 974 1883 1005 opus
1909 964 1950 996 sit
1973 965 2014 996 ad
2037 975 2160 997 errores
2191 965 2368 996 secundam

1279 1006 1545 1047 perfectissimam
1562 1016 1662 1040 artem
1679 1009 1915 1040 restaurandos.
1939 1009 2035 1041 Dicas
2049 1010 2076 1042 si
2091 1009 2139 1040 vis
2155 1017 2368 1042 correctorem

1279 1061 1317 1082 ex
1341 1052 1452 1094 aliquo
1484 1053 1596 1085 codice
1619 1053 1652 1085 S.
1677 1054 1863 1094 Augustini,
1888 1064 1988 1095 quem
2014 1055 2056 1085 sd
2083 1064 2200 1086 manus
2226 1055 2367 1092 haberet,

1279 1098 1460 1130 correxisse.
1478 1098 1573 1130 Dicas
1589 1097 1753 1142 (quamvis
1769 1100 1854 1130 serio
1871 1099 1932 1130 dici
1949 1098 2077 1142 nequit)
2093 1109 2208 1131 omnes
2229 1114 2244 1129 ι
2256 1107 2368 1132 aucto·

1279 1141 1386 1174 ritates
1406 1156 1420 1171 »
1448 1143 1481 1174 in
1502 1144 1640 1185 propriis
1660 1145 1726 1176 suis
1741 1144 1872 1176 sedibus
1889 1154 1946 1185 per
1961 1151 2174 1176 correctorem
2197 1144 2367 1186 inspectas,

1280 1194 1377 1229 atque
1408 1188 1483 1219 inde
1513 1189 1545 1220 in
1578 1189 1697 1221 librum
1728 1190 1955 1231 corrigendum
1986 1189 2155 1222 translatas
2185 1199 2269 1226 esse,
2300 1200 2368 1221 non

1279 1239 1363 1264 totas
1390 1233 1538 1274 integras,
1563 1242 1599 1266 ut
1623 1234 1655 1265 in
1680 1235 1767 1266 libris
1790 1242 1962 1267 auctorum
1994 1235 2156 1276 leguntur,
2180 1235 2236 1266 sed
2259 1235 2368 1266 solum

1279 1284 1417 1315 tantum,
1435 1289 1493 1310 nec
1518 1279 1592 1321 plus
1617 1290 1674 1311 nec
1691 1281 1809 1318 minus,
1827 1288 1988 1323 quantum
2005 1281 2045 1311 ad
2067 1280 2180 1312 locum
2208 1280 2368 1321 corrigen-

1276 1323 1357 1354 dum
1382 1324 1583 1356 adamussim
1607 1325 1775 1357 sufficeret.
1802 1326 1942 1358 Facilius
1966 1326 2170 1357 crederemus
2194 1325 2239 1357 sic
2263 1325 2366 1367 egisse

1280 1376 1428 1400 nostrum
1449 1377 1663 1402 correctorem
1678 1371 1936 1413 hypotheticum,
1953 1381 2054 1413 quam
2073 1370 2276 1402 crederemus
2291 1380 2369 1402 eum

1279 1414 1408 1455 propria
1433 1422 1500 1446 arte
1524 1422 1572 1447 tot
1595 1416 1775 1457 aenigmata
1806 1426 1953 1448 errorum
1984 1416 2162 1448 resolvisse.
2195 1416 2237 1448 Et
2259 1423 2368 1448 tamen

1278 1468 1457 1491 remaneret
1480 1461 1717 1502 explicandum,
1735 1462 1822 1493 unde
1845 1462 2020 1503 sumpserit
2043 1461 2258 1494 correctiones
2282 1471 2368 1493 erro-

1278 1514 1350 1535 rum
1376 1504 1408 1536 in
1434 1505 1536 1546 ipsius
1559 1506 1591 1538 S.
1607 1506 1758 1539 Thomae
1781 1507 1929 1539 oratione
1953 1506 2202 1539 occurrentium.
2229 1507 2296 1538 Has
2313 1515 2370 1549 per

1278 1549 1363 1580 viam
1388 1550 1578 1583 scientificae
1602 1561 1748 1583 errorum
1774 1552 2045 1594 interpretationis
2068 1562 2127 1584 sua
2143 1552 2262 1584 virtute
2281 1552 2368 1583 inve·

1279 1594 1346 1626 nire
1363 1605 1428 1626 non
1445 1596 1556 1628 valuit.
1581 1596 1668 1638 Ergo
1684 1607 1737 1629 eas
1753 1597 1851 1629 etiam
1866 1608 1903 1629 ex
1919 1598 2031 1640 aliquo
2052 1597 2136 1630 libro
2159 1597 2368 1639 transcripsit.

1279 1640 1374 1671 Liber
1389 1651 1465 1672 vero
1482 1641 1535 1673 ille
1551 1642 1706 1683 pertinuit
1721 1643 1761 1674 ad
1777 1643 1985 1675 traditionem
2004 1643 2172 1675 Secundae
2190 1643 2368 1679 Secundae,

1279 1695 1345 1716 non
1362 1693 1472 1718 autem
1487 1688 1527 1718 ad
1545 1687 1670 1719 tertiam
1690 1687 1823 1720 classem
1847 1699 1932 1730 quae
1956 1698 2043 1720 nunc
2067 1695 2167 1720 extat:
2192 1696 2369 1731 utrumque

1278 1741 1335 1772 per
1358 1741 1392 1762 se
1416 1739 1512 1773 patet.
1539 1732 1626 1774 Ergo
1649 1733 1728 1764 liber
1751 1733 1805 1765 ille
1828 1741 1885 1766 aut
1907 1734 2016 1776 ipsum
2041 1734 2292 1776 autographum,
2312 1740 2370 1766 sut

1277 1776 1374 1807 altera
1399 1787 1436 1808 ex
1460 1778 1664 1819 autographo
1688 1778 1892 1820 transcriptio
1915 1787 1992 1816 erat,
2012 1789 2096 1822 quae
2119 1779 2189 1822 ipsa
2214 1789 2290 1811 cum
2310 1789 2369 1812 sua

1278 1821 1442 1862 progenie,
1464 1823 1489 1853 si
1514 1833 1613 1865 quam
1639 1824 1797 1860 habuerit,
1820 1824 1950 1862 interiit,
1966 1825 2027 1862 vel,
2045 1832 2082 1856 ut
2104 1824 2230 1856 cautius
2254 1825 2370 1867 loqua—

1278 1876 1362 1903 mur,
1380 1867 1420 1898 ad
1444 1875 1588 1899 nostram
1612 1868 1761 1900 notitiam
1786 1879 1853 1901 non
1877 1870 2031 1911 pervenit.
2057 1869 2092 1902 ln
2117 1870 2172 1902 tsli
2195 1870 2279 1902 libro
2298 1880 2368 1902 cor·

1278 1919 1382 1943 rector
1398 1912 1551 1957 lectiones
1567 1913 1693 1945 haurire
1710 1914 1827 1955 potuit,
1843 1914 1964 1956 quibus
1979 1923 2011 1946 et
2026 1922 2149 1947 textum
2169 1915 2202 1947 S.
2218 1915 2369 1948 Thomae

1277 1964 1308 1988 et
1321 1957 1412 1988 locos
1428 1958 1468 1989 ab
1481 1969 1521 1990 eo
1534 1958 1648 1990 citatos
1665 1959 1845 2000 corrigeret.
1863 1959 1910 1990 Ex
1926 1959 1990 1991 hoc
2005 1967 2089 1992 certe
2105 1961 2369 1993 concludendum

1277 2012 1345 2034 esse
1375 2003 1560 2044 opinamur,
1585 2004 1739 2036 lectiones
1770 2005 1873 2036 bonas
1902 2004 2026 2046 primae
2056 2005 2176 2042 classis,
2199 2006 2369 2048 oppositas

1277 2047 1470 2080 lectionibus
1489 2050 1629 2081 erroneis
1646 2050 1765 2087 tertiae,
1783 2050 1926 2081 valorem
1943 2057 1974 2082 et
1989 2050 2214 2083 auctoritatem
2229 2051 2371 2084 alterius

1278 2094 1468 2135 exemplaris
1498 2095 1623 2131 habere,
1648 2096 1725 2137 quia
1753 2105 1812 2127 nec
1839 2105 1877 2126 ex
1904 2095 2094 2127 correctoris
2121 2096 2226 2138 eapite
2249 2096 2368 2134 venire,

1278 2149 1336 2170 nec
1357 2148 1442 2171 extra
1466 2140 1612 2172 codicem
1632 2141 1798 2172 Secundae
1818 2140 1984 2172 Secundae
2004 2141 2127 2173 assumi
2145 2142 2324 2183 potuerint.

1331 2184 1350 2226 g
1376 2186 1423 2216 15.
1449 2185 1619 2226 Originem
1643 2185 1795 2217 codicum
1819 2185 1942 2226 primae
1967 2186 2075 2218 classis
2099 2196 2156 2228 per
2180 2188 2370 2220 correctoris

1277 2229 1494 2262 interventum
1515 2231 1662 2272 explicari
1679 2241 1785 2272 posse,
1802 2230 1958 2272 superiori
1985 2231 2185 2273 paragrapho
2203 2243 2269 2264 non
2285 2232 2368 2265 affir-

1278 2275 1449 2312 mavimus,
1468 2277 1522 2307 sed
1539 2276 1775 2318 supposuimus
1791 2283 1929 2308 tantum.
1952 2276 2091 2309 Probare
2107 2277 2366 2316 intendebamus,

1276 2320 1441 2358 lectiones,
1467 2331 1527 2362 pro
1557 2322 1718 2353 erroribus
1748 2321 1859 2353 tertiae
1891 2322 1998 2353 classis
2025 2322 2058 2353 in
2086 2330 2196 2355 nostra
2226 2323 2369 2356 editione

1277 2366 1456 2407 adoptatas,
1472 2367 1610 2398 mediate
1626 2367 1676 2398 vel
1692 2366 1878 2399 immediate
1893 2377 1930 2398 ex
1945 2367 2150 2409 autographo
2166 2368 2253 2406 oriri,
2269 2369 2366 2401 etism

1277 2413 1442 2453 supposito
1466 2413 1556 2454 quod
1582 2422 1637 2453 per
1661 2420 1873 2444 correctorem
1892 2412 1925 2444 in
1945 2412 2087 2455 aliquem
2112 2412 2232 2445 librum
2257 2414 2367 2446 tertiae

1278 2457 1386 2488 classis
1414 2457 1568 2494 venerint,
1593 2457 1733 2500 indeque
1767 2465 1962 2499 propagatae
1995 2458 2068 2490 sint.
2101 2458 2165 2490 Sed
2197 2467 2367 2500 urgentem

1278 2513 1409 2534 causum
1435 2513 1500 2534 non
1525 2503 1683 2544 videmus,
1709 2513 1806 2545 quare
1832 2503 1871 2534 de
1895 2511 2075 2535 correctore
2098 2503 2294 2537 interlocuto
2313 2515 2367 2537 su-

1277 2547 1468 2589 spicandum
1494 2556 1586 2580 esset.
1611 2548 1788 2580 Multitudo
1813 2548 1946 2590 quidem
1966 2556 1997 2580 et
2021 2549 2196 2582 enormitas
2219 2559 2367 2583 errorum

1277 2594 1386 2625 tertiae
1411 2593 1518 2625 classis
1544 2593 1667 2625 facilius
1691 2593 1890 2635 explicantur
1914 2604 1970 2635 per
1995 2594 2123 2626 unicam
2148 2594 2262 2627 falsam
2282 2603 2367 2628 tran·

1277 2638 1486 2680 scriptionem
1503 2638 1639 2671 difficilis
1659 2639 1833 2681 scripturae
1857 2639 2061 2681 autographi.
2077 2650 2178 2682 quam
2195 2650 2252 2682 per
2267 2641 2367 2673 incre-

1278 2691 1425 2716 mentum
1450 2694 1596 2716 errorum
1614 2696 1631 2716 a
1648 2684 1726 2716 falsa
1743 2684 1988 2726 transcriptione
2004 2695 2043 2717 ex
2058 2685 2259 2727 apographo,
2275 2686 2368 2718 cuius

1277 2730 1432 2771 scriptura
1457 2729 1603 2771 profecto
1628 2730 1742 2762 clarior
1765 2737 1831 2762 erat
1858 2740 1959 2772 quam
1984 2730 2141 2772 scriptur·
2164 2732 2368 2774 autographi.

1278 2775 1351 2807 Hoc
1365 2775 1449 2807 ultro
1463 2775 1681 2807 concedimus.
1696 2775 1728 2807 Si
1741 2783 1848 2807 tamen
1861 2775 1934 2818 quis
1946 2775 2103 2817 inspicere
2115 2776 2212 2808 vellet
2221 2777 2369 2818 singulos

1276 2820 1428 2862 antiquos
1453 2820 1579 2852 codices
1603 2821 1711 2852 tertiae
1736 2821 1855 2857 classis,
1879 2821 2149 2864 singulorumque
2172 2821 2383 2864 scriptorum.

1277 2866 1484 2898 enormitates
1509 2866 1641 2898 miratus
1661 2873 1753 2902 esset,
1771 2866 1942 2898 nobiscum
1959 2867 2099 2898 crederet
2122 2868 2162 2899 ad
2187 2867 2368 2910 producen-

1278 2912 1352 2943 dam
1378 2921 1518 2943 massam
1543 2922 1705 2943 novorum
1729 2921 1876 2943 errorum
1895 2910 2051 2949 sufficere,
2068 2919 2105 2944 ut
2125 2912 2196 2945 talis
2221 2911 2368 2945 librarius

1278 2957 1393 2999 quales'
1413 2956 1457 2988 illi
1482 2956 1553 2988 libri
1578 2957 1770 2994 habuerunt,
1787 2967 1825 2988 ex
1848 2957 2037 2999 apographo
2061 2957 2322 2999 transcripsisset.

1335 3002 1435 3041 Quod
1446 3002 1573 3034 codices
1586 3002 1695 3034 tertiae
1711 3001 1820 3034 classis
1834 3002 1927 3034 valde
1936 3002 2060 3044 antiqui
2073 3010 2150 3034 sunt
2162 3002 2244 3046 (duo
2254 3026 2262 3040 .
2276 3003 2367 3035 Tau-

1279 3047 1412 3079 rinensis
1437 3047 1554 3079 scilicet
1571 3056 1601 3079 et
1618 3047 1828 3083 Mazarineus.
1842 3047 1949 3089 scripti
1975 3055 2050 3079 sunt
2073 3057 2160 3079 anno
2189 3062 2203 3077 e
2221 3046 2273 3079 M⁰
2289 3046 2366 3080 CC⁰

1280 3093 1491 3133 nonagesimo
1505 3092 1536 3124 in
1555 3100 1700 3134 tempore
1713 3092 1956 3134 quadragesime
1971 3101 1998 3130 »3
2016 3092 2095 3135 quid
2112 3092 2217 3124 forms
2232 3092 2365 3135 scriptu-

1280 3147 1331 3169 rae
1356 3138 1469 3169 doceat
1494 3138 1532 3170 de
1557 3138 1665 3170 schola
1683 3148 1720 3169 ex
1736 3147 1801 3180 qua
1825 3147 1940 3169 eorum
1956 3137 2126 3180 scriptores
2149 3138 2292 3175 exierint,
2309 3148 2368 3180 pa-

1280 3183 1463 3225 laeographi
1490 3181 1650 3226 videant),
1676 3182 1745 3214 libri
1771 3182 1895 3225 antiqui
1920 3182 2043 3224 primae
2067 3183 2175 3215 classis
2200 3193 2266 3215 non
2291 3192 2367 3216 sunt

1281 3236 1357 3260 natu
1390 3229 1548 3260 minores:
1581 3242 1596 3257 α
1614 3228 1820 3260 Abbreviatio
1841 3227 1971 3270 fratris
2001 3227 2131 3260 Galieni
2158 3228 2200 3260 de
2233 3228 2315 3271 Orto
2338 3243 2366 3266 »,

1281 3274 1395 3315 scripta
1416 3289 1429 3303 ‹
1445 3284 1532 3306 anno
1548 3273 1603 3304 dni
1620 3271 1671 3304 Μο
1689 3271 1764 3305 CC⁰
1779 3273 2018 3314 octuagessimo
2034 3271 2122 3305 vnl⁰
2137 3278 2206 3305 mse
2222 3274 2320 3315 Ap'll’
2339 3288 2366 3312 »,

1280 3326 1402 3351 textum
1428 3318 1521 3350 refert
1545 3318 1666 3359 primae
1691 3318 1808 3354 classis.
1835 3325 1870 3350 ut
1893 3317 1958 3350 iam
1982 3318 2122 3350 diximus
2145 3318 2177 3350 in
2203 3319 2276 3350 Vol.
2294 3319 2366 3351 Vlll

1280 3364 1381 3396 Praef.
1406 3374 1477 3405 pag.
1503 3373 1564 3399 xxv,
1589 3370 1622 3394 et
1644 3363 1726 3395 libro
1750 3363 1950 3406 perhumane
1974 3364 2115 3395 Romam
2139 3364 2238 3395 misso
2263 3371 2294 3396 et
2317 3375 2363 3396 se-

1281 3409 1394 3441 cundis
1424 3408 1508 3440 curis
1536 3408 1729 3445 examinato.
1761 3408 1811 3440 hic
1843 3408 1960 3440 iterum
1992 3418 2175 3441 monemus.
2202 3409 2267 3440 Alii
2294 3409 2367 3442 libri

1281 3461 1363 3486 certe
1393 3463 1429 3485 ea
1457 3453 1648 3495 antiquitate
1677 3461 1771 3491 sunt,
1797 3461 1832 3485 ut
1863 3463 1977 3486 eorum
2010 3454 2202 3496 exemplaris
2231 3454 2296 3486 iam
2326 3454 2367 3486 ab

1281 3498 1374 3531 initio
1397 3498 1674 3539 multiplicationis
1689 3498 1855 3531 Secundae
1875 3498 2040 3531 Secundae
2056 3499 2142 3532 iuxta
2162 3499 2290 3532 codices
2305 3506 2365 3530 ter-

1281 3544 1342 3576 tiae
1367 3543 1475 3575 classis
1498 3551 1602 3575 extare
1618 3543 1795 3575 debuerint.
1825 3543 1968 3582 Quando
1988 3555 2044 3585 per
2060 3544 2264 3586 interpositas
2280 3550 2365 3575 tran-

1281 3588 1471 3630 scriptiones
1504 3588 1544 3620 ad
1576 3588 1717 3629 primum
1747 3599 1860 3620 eorum
1894 3590 2056 3631 exemplar
2085 3588 2276 3632 regrederis.
2300 3588 2366 3619 iam

1281 3634 1319 3664 ad
1345 3633 1444 3666 totius
1461 3633 1640 3666 traditionis
1658 3634 1863 3675 principium.
1885 3635 1925 3666 ad
1942 3634 2053 3667 limem
2076 3633 2279 3675 autographi,
2298 3641 2366 3674 per-

1282 3688 1381 3710 venis.
