2768 4198
83 1287 137 1311 &cf
144 1287 243 1310 Arietot.
250 1286 294 1309 Pe-

81 1314 178 1364 ””’ξ””-·
199 1319 293 1363 ἔΡτὲ

81 1346 139 1391 lae,
150 1373 176 1390 ιι

81 1423 189 1444 111,-Ὶ

71 1455 84 1469 r,
179 1450 227 1461 *‘

83 3073 93 3082 ⁸
107 3071 174 3093 Vers.
191 3077 206 3093 ι.

82 3099 103 3109 ··
117 3097 183 3120 Vera.
199 3098 230 3119 18.

84 3448 295 3475 ⁸1⁸112‘,qu.xxx

82 3478 124 3496 art.
145 3480 159 3495 ι.

957 269 1226 315 QUAESTlO
1256 269 1448 315 CXLVII,

323 349 471 384 meridie,
502 355 579 380 tunc
603 348 687 379 enim
719 355 765 379 est
787 358 934 379 summus
956 348 1033 378 solis
1055 356 1229 385 ascensus,·
1258 355 1288 378 et
1319 347 1395 378 ieiu-

323 400 433 425 nantes
450 392 659 424 comedebant
675 392 753 423 hora
777 402 872 428 nona,
890 402 972 433 quae
990 400 1222 433 consequenter
1242 399 1288 423 est
1307 393 1395 423 tertia

322 439 401 470 hora
423 444 498 478 post
522 436 702 473 meridiem,
728 437 760 467 in
785 447 848 477 qua
872 436 950 467 hora
975 444 1097 468 constat
1121 437 1286 468 Christum
1310 437 1395 477 expi-

322 487 415 512 rasse.
447 481 488 512 Et
517 487 685 522 propterea
707 484 830 512 Auctor
857 481 1017 512 adinvenit
1041 481 1195 512 rationem
1220 491 1394 522 congruam

322 526 382 557 iuri
407 532 437 556 et
460 524 554 557 facto.
580 525 627 556 Ex
650 523 689 556 eo
713 532 822 556 autem
845 525 934 566 quod
957 525 1054 556 hodie
1077 526 1224 557 homines
1249 536 1394 557 commu-

323 571 403 601 niter
426 570 600 601 comedunt
623 569 702 601 hora
718 570 819 608 tertia,
841 577 871 600 et
894 569 1070 600 ieiunantes
1094 571 1172 601 hora
1188 577 1282 607 sexta,
1300 571 1396 601 currit

322 615 401 646 ratio
424 614 573 646 Auctoris
597 614 635 644 de
655 614 807 645 dilatione
830 614 954 654 prandii
978 614 1189 646 ieiunantium
1213 616 1393 655 proportio-

322 659 452 690 naliter:
481 658 557 700 quia
580 658 661 689 sicut
684 669 717 690 se
740 659 834 690 habet
857 659 953 689 hodie
976 660 1146 700 prandium
1170 660 1268 690 horae
1291 666 1394 690 sextae

322 703 361 734 ad
386 703 557 743 prandium
574 703 671 734 horae
688 704 805 738 tertiae.
823 703 866 734 sic
890 713 922 734 se
946 703 1081 734 habebat
1104 704 1273 744 prandium
1298 704 1394 734 horae

322 757 427 778 nonae
450 747 490 778 ad
514 747 685 788 prandium
708 747 804 778 horae
828 755 940 779 sextae.
966 766 986 771 —
1010 748 1051 779 Et
1074 759 1130 789 per
1151 749 1213 779 hoc
1236 755 1324 788 patet
1347 759 1393 779 re-

322 790 455 832 sponsio
479 792 519 822 ad
542 791 727 823 Martinum.

377 836 428 866 Ad
451 836 531 866 alios
554 846 630 867 vero
655 837 768 868 dicitur
795 837 885 878 quod
909 847 1012 867 canon
1036 837 1088 867 ille
1111 837 1264 877 allegatus
1288 843 1394 877 aperte

321 886 454 912 testatur
479 890 547 912 esse
577 891 615 912 ex
639 888 758 913 statuto
779 882 829 912 vel
852 881 1085 912 consuetudine
1112 888 1250 912 taxatam
1281 882 1395 912 horam

321 925 434 956 saltem
458 935 578 956 nonam
603 926 642 956 ad
666 926 838 963 ieiunium,
864 926 940 956 dato
970 926 1060 967 quod
1088 926 1211 957 consilii
1235 926 1275 956 sit
1303 936 1394 966 expe-

323 976 405 1000 ctare
428 971 631 1010 persolutum
654 970 796 1002 officium
820 970 1054 1011 vespertinum:
1084 970 1240 1011 quoniam
1264 977 1395 1001 testatur

322 1013 412 1056 quod
435 1013 659 1055 anticipantes,
685 1015 792 1047 statim
815 1021 851 1046 ut
874 1015 1060 1055 pulsabatur
1083 1014 1122 1045 ad
1146 1024 1283 1048 nonam,
1308 1013 1396 1045 ibant

322 1069 485 1099 pransum.
506 1077 527 1082 -
547 1059 609 1090 Sed
625 1059 673 1090 his
690 1059 827 1096 omissis,
853 1059 1087 1090 convincuntur
1105 1058 1155 1089 isti
1180 1068 1216 1088 ex
1239 1058 1297 1088 hac
1321 1068 1395 1098 pro-

321 1103 499 1144 positione:
531 1104 726 1135 Communis
749 1103 848 1135 animi
871 1103 1038 1143 conceptio
1063 1102 1320 1133 Christianorum
1349 1109 1397 1133 est

321 1147 412 1189 quod
437 1149 609 1179 comedens
623 1158 763 1180 ,summo
786 1157 881 1179 mane
908 1147 942 1178 in
965 1146 1016 1178 die
1039 1145 1149 1177 ieiunii
1173 1156 1240 1177 non
1265 1146 1395 1177 ieiunat.

322 1193 413 1230 Quae
438 1199 524 1243 patet
547 1202 584 1224 ex
607 1193 669 1224 hoc
693 1192 783 1234 quod
805 1191 940 1233 quilibet
963 1190 1181 1226 Christianus,
1205 1191 1316 1220 videns
1340 1190 1395 1220 ali-

321 1247 420 1278 quem
443 1237 476 1268 in
501 1237 551 1268 die
574 1237 683 1269 ieiunii
707 1246 836 1268 summo
852 1245 946 1266 mane
963 1234 1195 1270 comedentem,
1220 1234 1305 1270 dicit,
1329 1234 1396 1265 Iste

322 1291 385 1312 non
410 1282 551 1315 ieiunat:
573 1283 669 1313 verba
689 1290 829 1322 namque
853 1285 928 1310 sunt
951 1278 1040 1319 signa
1063 1284 1280 1329 conceptuum
1295 1278 1322 1309 Ψ.
1347 1278 1395 1309 Ex

307 1323 508 1356 Ἰτοσεσῐείη
531 1326 621 1367 quod
640 1335 753 1356 omnes
769 1324 916 1355 homines
933 1323 1148 1353 communiter
1163 1322 1305 1352 iudicant
1328 1331 1394 1353 non

320 1370 463 1401 ieiunare
491 1370 565 1401 illos
592 1370 648 1412 qui
676 1376 742 1401 tam
770 1368 951 1399 notabiliter
974 1373 1046 1398 ante
1069 1371 1256 1397 consuetam
1281 1367 1394 1397 horam

320 1425 386 1457 qua
408 1414 585 1446 ieiunantes
608 1415 712 1446 solent
734 1413 899 1454 prandere,
923 1411 1108 1462 comedunt,
1125 1410 1287 1442 evidenter
1309 1417 1396 1451 patet

321 1459 411 1501 quod
434 1458 514 1491 hora
536 1465 689 1490 consueta
712 1456 903 1490 comedendi
916 1465 984 1507 'pro
1008 1455 1145 1494 ieiunio,
1171 1464 1397 1496 quaecumque

321 1503 401 1534 hora
423 1502 464 1534 sit
486 1503 550 1540 illa,
575 1510 622 1534 est
645 1504 684 1534 de
707 1501 891 1534 necessitate
913 1499 1039 1531 ieiunii:
1065 1499 1090 1530 si
1114 1499 1200 1531 enim
1224 1509 1291 1530 non
1315 1507 1397 1531 esset

321 1548 360 1578 de
383 1547 587 1584 necessitate‚·
602 1557 668 1578 non
685 1552 851 1587 negaretur
874 1548 942 1576 esse
961 1544 1117 1575 ieiunium
1142 1544 1232 1586 quod
1255 1550 1321 1575 tam
1338 1554 1395 1575 no-

320 1591 456 1623 tabiliter
478 1591 679 1632 anticipatur.
708 1591 851 1622 Tenetur
880 1599 956 1629 ergo
987 1589 1121 1630 quilibet
1144 1589 1184 1619 ad
1207 1595 1394 1619 consuetam

319 1636 436 1667 horam
449 1636 574 1677 prandii
587 1636 622 1667 in
632 1635 765 1672 ieiunio,
776 1635 859 1666 sicut
874 1640 999 1665 tenetur
1014 1633 1055 1664 ad
1070 1633 1227 1664 ieiunium
1242 1632 1360 1673 ipsum.
1373 1651 1395 1657 -

320 1679 362 1711 Et
393 1679 471 1711 haec
498 1680 612 1712 eadem
639 1679 718 1711 ratio
747 1679 907 1720 applicata
934 1678 974 1708 ad
998 1677 1126 1708 unicam
1151 1677 1394 1714 comestionem,

321 1724 436 1765 probat
458 1725 547 1766 quod
571 1724 665 1756 unica
688 1723 844 1755 comestio
868 1729 915 1753 est
938 1723 977 1753 de
994 1722 1179 1753 necessitate
1202 1721 1323 1758 ieiunii,
1348 1733 1396 1752 as-

320 1768 480 1800 sumendo
503 1770 593 1810 quod
617 1768 800 1800 communis
824 1767 922 1798 animi
947 1767 1115 1808 conceptio
1139 1766 1396 1798 Christianorum

320 1820 368 1844 est
389 1813 480 1854 quod
504 1814 537 1844 in
561 1815 624 1845 hoc
647 1813 887 1852 distinguuntur
910 1811 976 1842 dies
999 1811 1109 1842 ieiunii
1132 1811 1171 1842 ab
1195 1810 1281 1848 aliis,
1305 1812 1395 1852 quod

320 1857 353 1889 in
376 1857 437 1888 illis
461 1858 560 1890 semel
583 1865 709 1889 tantum
732 1857 765 1888 in
789 1856 858 1893 die,
883 1856 916 1886 in
941 1856 1009 1886 aliis
1039 1855 1158 1896 pluries
1182 1854 1394 1887 comedimus.

376 1902 429 1935 111.
455 1902 490 1934 ln
515 1903 632 1934 eodem
654 1902 788 1933 articulo
813 1900 949 1932 dubium
965 1900 1112 1938 occurrit,
1129 1911 1180 1937 an,
1197 1900 1280 1932 sicut
1303 1900 1394 1937 hora,

319 1947 365 1983 ita
387 1953 419 1978 et
442 1946 587 1979 officium
609 1946 729 1979 clericis
753 1945 792 1978 sit
815 1951 972 1976 taxatum:
1006 1951 1084 1987 puta
1113 1944 1202 1987 quod
1229 1951 1397 1976 teneantur

313 1990 362 2034 ¹ad
376 2001 528 2032 vesperos
550 1998 622 2024 ante
645 1990 817 2033 prandium
836 1997 982 2030 tempore
997 1989 1270 2032 quadragesimae.
1294 1989 1336 2021 Et
1350 1996 1397 2021 est

312 2034 402 2069 satio
426 2035 514 2069 dubii
538 2035 650 2078 opinio
675 2035 808 2067 diversa.

313 2080 317 2082 ’
377 2080 429 2111 Ad
453 2081 515 2113 hoc
538 2079 673 2112 breviter
696 2079 811 2112 dicitur
833 2080 933 2120 quod,
957 2078 1041 2112 sicut
1055 2078 1089 2110 in
1111 2078 1238 2110 ieiuniis
1257 2085 1398 2120 quatuor

322 2133 508 2177 temporum
537 2135 602 2157 non
627 2131 775 2157 tenentur
798 2123 911 2156 dixisse
935 2133 1057 2155 nonam
1085 2131 1260 2166 antequam
1288 2134 1396 2155 come-

322 2170 409 2207 dant,
427 2169 471 2202 ita
485 2180 543 2202 nec
558 2169 592 2201 in
607 2167 851 2212 quadragesima
868 2175 1016 2201 tenentur
1028 2167 1143 2199 dixisse
1158 2178 1308 2209 vesperos
1324 2175 1396 2199 ante

321 2214 504 2256 prandium.
526 2213 596 2246 Nisi
618 2224 713 2246 causa
735 2220 842 2245 tamen
861 2211 1056 2246 rationabilis
1071 2213 1160 2244 aliud
1178 2213 1319 2250 suadeat,
1344 2213 1396 2243 de-

321 2260 398 2291 bent
419 2258 476 2301 qui
499 2265 648 2291 tenentur
670 2258 709 2290 ad
733 2257 878 2290 officium
900 2265 931 2289 et
953 2257 1120 2294 ieiunium,
1146 2257 1259 2288 dixisse
1275 2267 1397 2288 nonam

1476 269 1776 306 ARTICULUS
1805 269 1891 306 VllI
2450 272 2517 307 165

1450 348 1482 378 in
1505 348 1686 388 vigiliarum
1710 355 1741 379 et
1756 355 1895 389 quatuor
1915 355 2101 388 temporum
2124 347 2259 384 ieiuniis,
2278 355 2308 379 et
2323 359 2472 388 vesperos
2488 350 2519 380 in

1449 393 1690 433 quadragesima
1713 400 1786 424 ante
1810 393 2000 433 prandium:
2027 399 2063 423 ut
2085 392 2118 422 in
2142 403 2211 433 cap.
2229 392 2350 430 Solent,
2375 394 2414 424 de
2439 394 2522 425 Con-

1449 446 1542 474 secr„
1561 437 1632 468 dist.
1651 438 1673 473 I,
1698 437 1885 468 insinuatur.
1910 437 1977 468 Nec
2005 446 2138 467 moveor
2162 436 2223 467 alia
2247 437 2368 468 ratione
2389 438 2428 468 ad
2445 439 2521 469 haec

1449 481 1508 511 nisi
1538 481 1614 522 quia
1642 492 1699 512 nec
1728 481 1861 522 scriptae
1883 481 1978 522 legis,
2003 491 2060 512 nec
2089 481 2328 512 consuetudinis
2353 491 2520 523 praecepto

1449 525 1488 556 ad
1512 525 1589 556 haec
1613 533 1778 557 arctamur.

1505 570 1557 600 IV.
1584 570 1618 600 ln
1643 570 1758 601 eodem
1781 570 1925 606 articulo,
1949 570 1982 600 in
1998 570 2208 610 responsione
2224 570 2263 600 ad
2283 570 2445 607 ultimum,
2463 573 2520 602 du-

1447 613 1539 644 bium
1561 614 1713 651 occurrit,
1738 624 1778 645 an
1802 625 1896 655 egens
1927 614 2161 655 dispensatione
2184 614 2218 644 in
2242 625 2305 645 una
2336 616 2520 647 conditione

1447 657 1575 694 ieiunii,
1600 666 1630 689 et
1654 666 1821 699 propterea
1844 659 2060 699 dispensatus,
2086 659 2125 689 sit
2150 658 2288 690 totaliter
2310 659 2389 690 liber
2411 671 2430 690 a
2452 661 2519 691 vin-

1449 703 1521 732 culo
1547 703 1704 743 praecepti
1729 704 1767 734 de
1783 703 1920 734 ieiunio:
1946 703 2031 733 verbi
2047 703 2155 744 gratia,
2171 703 2203 733 in
2219 713 2293 734 casu
2314 704 2369 744 qui
2389 705 2521 744 ponitur

1448 746 1479 776 in
1503 746 1614 778 littera.
1647 747 1688 778 Et
1718 755 1764 779 est
1793 747 1872 778 ratio
1897 747 1985 778 dubii
2012 747 2087 788 quia
2110 747 2184 778 hinc
2208 755 2255 778 est
2278 749 2448 779 auctoritas
2471 749 2521 781 lit-

1447 797 1530 821 terae
1559 802 1618 831 pro
1643 799 1731 831 parte
1755 792 1908 831 negativa.
1933 809 1951 814 -
1976 792 2052 822 Inde
2076 799 2183 822 autern
2207 798 2253 823 est
2281 793 2370 833 quod
2393 794 2519 834 dispen-

1448 842 1533 865 satus
1563 836 1601 866 de
1634 836 1726 866 unica
1757 836 1971 872 comestione,
1997 843 2042 867 est
2073 836 2210 867 totaliter
2239 836 2319 867 liber
2341 847 2359 867 a
2388 838 2518 869 ieiunio.

1449 879 1549 910 Unica
1572 890 1648 910 vero
1673 880 1828 911 comestio
1853 888 1898 911 est
1922 890 1986 910 una
2010 880 2152 911 conditio
2175 880 2294 911 ieiunii.

1504 924 1554 954 Ad
1578 924 1640 955 hoc
1663 924 1797 955 breviter
1821 924 1934 954 dicitur
1964 925 2053 965 quod
2081 925 2194 976 procul
2217 925 2316 956 dubio
2341 936 2435 966 egens
2459 927 2520 957 dis-

1448 967 1633 1018 pensatione
1657 968 1691 998 in
1714 978 1779 998 una
1800 969 1868 998 sola
1886 968 2092 999 conditione
2085 969 2204 1006 ieiunii,
2221 969 2316 1000 etiam
2333 970 2358 1000 si
2374 970 2428 1001 illa
2445 981 2520 1002 con-

1449 1010 1527 1041 ditio
1552 1011 1592 1043 sit
1615 1012 1654 1042 de
1678 1012 1861 1042 necessitate
1884 1011 2004 1048 ieiunii,
2030 1019 2059 1043 et
2090 1013 2122 1043 in
2146 1013 2199 1043 illa
2224 1014 2291 1044 sola
2321 1014 2520 1055 dispensatus

1448 1053 1528 1096 (sive
1552 1066 1569 1085 a
1594 1056 1734 1096 praelato
1759 1055 1824 1086 sive
1847 1066 1865 1086 a
1889 1036 2086 1098 necessitate)
2111 1057 2166 1093 sit,
2193 1067 2258 1088 non
2283 1065 2329 1089 est
2353 1067 2519 1111 propterea

1449 1098 1649 1139 dispensatus
1673 1109 1728 1130 seu
1753 1100 1919 1130 absolutus
1943 1110 1961 1130 a
1983 1100 2115 1131 ieiunio.
2140 1101 2235 1131 Verbi
2259 1103 2373 1142 gratia,
2398 1104 2423 1133 si
2448 1105 2520 1144 quis

1448 1149 1495 1173 est
1518 1153 1584 1174 non
1613 1151 1728 1184 potens
1752 1151 1914 1184 expectare
1938 1144 2050 1174 horam
2074 1152 2260 1175 consuetam
2284 1147 2426 1186 prandii,
2462 1149 2520 1179 sed

1448 1197 1563 1231 potest,
1588 1198 1718 1220 summo
1739 1197 1833 1218 mane
1858 1188 2067 1223 comedendo,
2092 1188 2249 1219 ieiunium
2272 1192 2380 1230 quoad
2400 1192 2520 1233 reliqua

1447 1242 1586 1269 servare;
1611 1239 1642 1264 et
1666 1232 1866 1272 dispensatur
1889 1242 1906 1261 a
1930 1232 2072 1271 praelato
2097 1242 2302 1284 quacumque
2317 1234 2395 1265 hora
2411 1237 2519 1267 volue-

1448 1278 1500 1310 rit:
1517 1288 1584 1308 non
1601 1283 1768 1317 propterea
1785 1283 1830 1307 est
1847 1276 2012 1306 absolutus
2029 1287 2046 1306 a
2061 1277 2215 1307 vinculo'
2207 1277 2326 1314 ieiunii,
2344 1280 2398 1309 sed
2418 1281 2519 1317 debet,

1448 1323 1528 1353 sicut
1552 1328 1674 1362 potest,
1699 1320 1849 1351 ieiunare.
1882 1320 1922 1350 Et
1947 1321 2058 1350 eadem
2082 1321 2203 1351 ratione
2227 1328 2352 1353 tenetur
2376 1323 2419 1354 sic
2442 1325 2519 1356 ieiu-

1448 1377 1537 1403 nare,
1562 1366 1587 1396 si
1613 1364 1782 1396 necessitas
1806 1364 1935 1394 evidens
1963 1364 2071 1405 ipsum
2095 1365 2255 1405 dispenset
2273 1368 2380 1406 quoad
2405 1368 2519 1399 dictam

1448 1410 1677 1442 conditionem.
1702 1409 1743 1439 Et
1767 1408 1829 1439 hoc
1844 1408 1918 1438 satis
1942 1418 1977 1439 ex
1995 1408 2182 1440 auctoritate
2206 1409 2301 1440 huius
2324 1411 2444 1442 litterae
2467 1413 2520 1443 ha-

1448 1456 1551 1487 betur.
1575 1454 1616 1484 Et
1639 1453 1761 1484 ratione
1784 1451 1944 1483 firmatur:
1969 1453 2045 1494 quia
2068 1453 2229 1493 impotens
2253 1464 2374 1486 servare
2397 1467 2521 1496 praece-

1448 1507 1541 1540 ptum
1566 1497 1724 1530 Ecclesiae
1748 1497 1856 1537 quoad
1881 1506 1994 1527 omnes
2019 1497 2086 1527 eius
2111 1497 2319 1535 conditiones,
2345 1499 2436 1531 debet
2460 1512 2520 1532 ser-

1447 1554 1520 1575 vare
1543 1543 1624 1574 illud
1647 1542 1826 1572 secundum
1849 1541 1918 1571 illas
1942 1550 2021 1581 quas
2045 1548 2160 1581 potest.

1503 1589 1579 1619 Non
1607 1594 1654 1617 est
1686 1593 1794 1616 autern
1824 1585 1935 1615 eadem
1959 1585 2039 1615 ratio
2070 1586 2109 1616 de
2138 1586 2231 1616 unica
2255 1588 2466 1625 comestione,
2492 1597 2521 1620 et

1447 1633 1515 1664 aliis
1539 1630 1790 1663 conditionibus.
1816 1629 1982 1667 Quoniam
2005 1629 2162 1660 ieiunium
2179 1630 2255 1660 novi
2272 1632 2469 1664 Testamenti
2486 1644 2522 1664 ex

1448 1675 1636 1708 abstinentia
1661 1675 1804 1706 carnium
1829 1681 1860 1705 et
1884 1674 1977 1705 unica
2001 1674 2198 1705 comestione
2223 1683 2347 1706 constat
2370 1683 2522 1718 tanquam

1448 1732 1485 1752 ex
1509 1719 1778 1755 substantialibus,
1796 1718 1838 1749 ita
1861 1719 1952 1759 quod
1977 1719 2070 1749 unica
2087 1719 2242 1749 comestio
2266 1726 2313 1750 est
2329 1722 2523 1752 essentialior

1447 1765 1588 1801 ieiunio,
1614 1771 1726 1804 utpote
1757 1774 1775 1794 a
1804 1763 1961 1804 principio
1985 1763 2095 1793 ieiunii
2119 1763 2262 1795 instituta
2285 1764 2317 1794 in
2341 1766 2437 1796 veteri
2461 1767 2521 1797 Te-

1447 1817 1626 1846 stamento,
1652 1809 1684 1839 in
1709 1818 1775 1849 quo
1804 1817 1908 1848 usque
1931 1808 1971 1838 ad
1995 1817 2160 1848 vesperam
2184 1807 2389 1848 affligendum
2417 1810 2523 1841 homi-

1449 1865 1523 1886 nem
1554 1853 1675 1885 ieiunio
1709 1859 1864 1883 statutum
1895 1852 1990 1889 est*,
2016 1852 2123 1883 nullus
2151 1859 2259 1883 tamen
2283 1853 2371 1884 cibus
2394 1865 2522 1895 vespere

1449 1899 1628 1941 prohibitus
1653 1904 1726 1929 erat.
1759 1897 1848 1928 Patet
1872 1896 1968 1928 etiam
1996 1906 2033 1927 ex
2056 1897 2119 1927 hoc
2150 1898 2239 1938 quod
2267 1898 2424 1929 Ecclesiae
2448 1910 2523 1930 con

1449 1944 1587 1975 suetudo
1612 1941 1703 1974 traxit
1726 1941 1840 1972 horam
1864 1941 1989 1982 prandii
2011 1940 2044 1972 in
2060 1940 2181 1972 ieiunio
2206 1952 2223 1972 a
2239 1952 2323 1972 nona
2338 1942 2371 1973 in
2386 1951 2520 1975 sextam:

1447 1989 1480 2019 in
1506 1987 1600 2019 unica
1623 1994 1730 2018 tamen
1755 1985 1952 2017 comestione
1976 1993 2163 2026 perseverat,
2190 1985 2248 2017 nisi
2274 1986 2306 2017 in
2331 1987 2441 2018 diebus
2467 1989 2522 2019 do-

1449 2032 1584 2069 minicis,
1602 2031 1719 2073 quibus
1736 2041 1768 2061 se
1785 2041 1852 2062 non
1868 2029 2024 2062 abstinere
2044 2029 2161 2061 fatetur
2176 2030 2202 2061 *.
2224 2030 2432 2072 Dispensatus
2447 2043 2560 2074 ergo

1448 2089 1466 2109 a
1482 2077 1624 2119 praelato
1641 2076 1691 2106 vel
1711 2075 1848 2106 evidenti
1872 2074 2056 2107 necessitate
2081 2075 2120 2106 de
2143 2075 2237 2106 unica
2254 2076 2459 2114 comestione,
2478 2085 2523 2108 est

1448 2121 1633 2163 simpliciter
1657 2120 1856 2161 dispensatus
1881 2120 1919 2151 de
1942 2119 2081 2156 ieiunio,
2106 2126 2137 2151 et
2160 2130 2176 2151 e
2201 2127 2326 2151 contra:
2352 2121 2444 2162 quia,
2470 2123 2523 2153 ab·

1447 2168 1512 2198 lato
1537 2165 1711 2200 essentiali,
1736 2163 1878 2196 aufertur
1901 2174 1960 2195 res,
1989 2164 2051 2195 Sed
2075 2163 2276 2205 dispensatus
2300 2165 2332 2195 in
2357 2165 2425 2196 aliis
2449 2177 2523 2197 con-

1449 2211 1624 2242 ditionibus
1655 2220 1722 2240 non
1753 2216 1799 2240 est
1830 2209 2030 2250 dispensatus
2060 2219 2078 2240 a
2106 2209 2243 2240 ieiunio:
2279 2209 2433 2251 quoniam
2457 2211 2523 2242 sine

1450 2255 1517 2287 istis
1541 2262 1647 2296 potest
1668 2253 1826 2285 ieiunium
1850 2254 1959 2295 quoad
1983 2253 2201 2285 substantialia
2224 2264 2395 2285 remanere.

1109 2392 1432 2436 ARTICULUS
1462 2390 1740 2434 OCTAVUS

561 2489 719 2521 UTRUM
743 2487 1087 2520 CONVENIENTER
1111 2486 1418 2518 IEIUNANTIBUS
1442 2485 1682 2518 INDICETUR
1705 2485 1996 2516 ABSTINENTIA
2020 2487 2049 2516 A
2073 2484 2286 2516 CARNIBUS

1150 2531 1209 2562 ET
1233 2530 1331 2562 OVIS
1354 2531 1413 2561 ET
1436 2530 1697 2562 LACTlClNIIS

1110 2610 1144 2635 1v
1163 2610 1246 2639 sent„
1267 2610 1328 2635 dist.
1346 2618 1387 2640 xv,
1407 2618 1452 2643 qu.
1471 2617 1509 2641 111,
1529 2614 1577 2635 art.
1595 2618 1621 2642 4,
1641 2610 1691 2642 qu²¹
1713 2617 1737 2635 2.

358 2705 416 2747 {vy-,32
438 2708 470 2735 ε
454 2720 506 2751 ff<
534 2705 557 2730 n
573 2703 748 2730 ocuvum
766 2703 821 2728 sm
841 2701 1084 2728 paocamrua.
1113 2689 1275 2727 Videtur
1289 2690 1395 2738 quod

355 2734 514 2804 ἱϋὲΔῗῖιᾴ,
533 2743 850 2784 inconvenienter
899 2743 1157 2781 ieiunantibus
1208 2743 1397 2781 indicatur

340 2787 461 2845 '15⁷¹'
474 2783 505 2837 (7
520 2795 763 2837 abstinentia
791 2811 814 2835 a
842 2797 1020 2834 carnibus
1049 2805 1085 2833 et
1113 2796 1198 2834 ovis
1232 2804 1268 2834 et
1295 2796 1395 2834 lacti-

380 2843 652 2890 ‘'fociniis.
692 2851 847 2888 Dictum
881 2859 938 2887 est
966 2850 1069 2887 enim
1107 2861 1223 2898 supra
1241 2849 1261 2872 *
1288 2850 1395 2899 quod

320 2907 506 2944 ieiunium
537 2913 594 2944 est
612 2905 824 2943 institutum
845 2905 894 2941 ad
919 2903 1248 2952 concupiscentias
1272 2903 1395 2941 carnis

321 2960 581 2998 refrenandas.
603 2959 682 2997 Sed
701 2957 823 3007 magis
843 2955 1192 3006 concupiscentiam
1208 2965 1397 3007 provocat

321 3022 434 3064 potus
462 3012 542 3052 vini
569 3025 687 3062 quarn
718 3025 806 3049 esus
835 3011 1023 3048 carnium:
1059 3009 1275 3048 secundum
1303 3010 1395 3049 illud

319 3069 494 3105 Prov.xx
507 3066 545 3104 *ε
566 3066 787 3104 Luxuriosa
802 3077 862 3102 res
876 3070 929 3101 est
941 3065 1092 3108 vinum;
1111 3071 1147 3101 et
1160 3064 1393 3113 Ephes.v**:

321 3121 450 3159 Nolite
469 3120 654 3158 inebriari
665 3120 766 3165 vino,
782 3119 820 3156 in
841 3130 915 3167 quo
931 3124 986 3155 est
997 3117 1164 3154 luxuria.
1186 3117 1288 3155 Cum
1303 3129 1394 3166 ergo

322 3186 400 3211 non
429 3174 673 3212 interdicatur
700 3171 955 3210 ieiunantibus
982 3178 1096 3221 potus
1122 3170 1214 3219 vini,
1243 3170 1397 3209 videtur

323 3226 430 3277 quod
457 3240 537 3266 non
565 3227 704 3264 debeat
731 3225 903 3264 interdici
933 3237 1020 3262 esus
1049 3223 1232 3262 carnium.

378 3291 413 3317 2.
453 3281 695 3327 ptumam,
730 3279 846 3329 aliqui
881 3278 1004 3328 pisces
1039 3277 1090 3315 ita
1127 3277 1396 3316 delectabiliter

324 3333 580 3371 comeduntur
617 3334 714 3371 sicut
750 3333 943 3382 quaedam
980 3331 1206 3369 animalium
1248 3344 1394 3369 carnes.

325 3387 402 3423 Sed
439 3387 746 3435 concupiscentia
781 3395 837 3424 est
865 3386 1048 3436 appetitus
1081 3385 1325 3432 delectabilis,
1354 3392 1396 3421 ut

324 3452 439 3489 supra
458 3439 479 3461 ’¹‘
506 3438 679 3477 habitum
709 3448 774 3477 est.
805 3440 908 3499 Ergo
938 3439 976 3476 in
1004 3438 1165 3487 ieiunio,
1201 3439 1306 3488 quod
1340 3445 1396 3474 est

324 3493 534 3530 institutum
555 3491 604 3530 ad
625 3493 973 3542 concupiscentiam
999 3492 1278 3539 refrenandam,
1300 3492 1423 3532 sicut

377 3609 404 3641 α)
426 3614 496 3632 usus.
509 3620 529 3625 -
547 3613 606 3631 esus
626 3606 684 3636 PL;
703 3606 737 3630 ita
756 3614 817 3630 mox
837 3607 909 3631 PEL.

1449 2701 1529 2727 non
1566 2689 1801 2727 interdicitur
1837 2702 1929 2727 usus
1951 2695 1968 2711 ‘²
1995 2690 2175 2740 piscium,
2206 2689 2256 2726 ita
2291 2701 2368 2726 non
2408 2689 2520 2726 debet

1450 2742 1622 2780 interdici
1650 2755 1741 2780 usus
1771 2743 1953 2780 carnium.

1505 2797 1541 2833 3.
1570 2797 1812 2844 Palmam,
1841 2796 1880 2834 in
1908 2796 2140 2845 quibusdam
2178 2795 2406 2832 ieiuniorum
2440 2795 2518 2832 die-

1450 2850 1521 2887 bus
1550 2849 1664 2898 aliqui
1693 2850 1778 2887 ovis
1807 2857 1844 2887 et
1872 2862 1983 2887 caseo
2012 2857 2179 2887 utuntur.
2210 2849 2324 2896 Ergo,
2353 2848 2433 2897 pari
2462 2861 2519 2884 ra-

1449 2903 1565 2951 tione,
1586 2903 1625 2940 in
1645 2903 1786 2940 ieiunio
1814 2903 2131 2952 quadragesimali
2155 2902 2290 2939 talibus
2316 2902 2435 2938 homo
2464 2901 2517 2937 uti

1449 2964 1586 3006 potest.

1504 3011 1580 3048 SED
1596 3021 1744 3047 CONTRA
1758 3021 1825 3047 EST
1840 3009 2058 3046 communis
2072 3008 2245 3046 fidelium
2265 3007 2516 3044 consuetudo.

1504 3065 1733 3101 Responmzo
1766 3074 1951 3100 mOENDUM
1984 3062 2109 3110 quod,
2146 3062 2241 3098 sicut
2278 3072 2391 3108 supra
2410 3060 2429 3081 *
2465 3059 2518 3097 di-

1450 3125 1554 3154 cturn
1583 3124 1650 3164 est,
1672 3116 1855 3153 ieiunium
1885 3116 1933 3152 ab
1953 3115 2125 3152 Ecclesia
2153 3122 2210 3151 est
2237 3113 2447 3150 institutum
2468 3114 2518 3150 ad

1450 3170 1713 3220 reprimendas
1734 3168 2060 3218 concupiscentias
2081 3168 2213 3204 carnis.
2236 3167 2345 3214 Quae
2361 3166 2517 3215 quidem

1451 3231 1537 3262 sunt
1565 3222 1843 3260 delectabilium
1873 3222 2085 3258 secundum
2115 3228 2269 3267 tactum,
2300 3231 2398 3268 quae
2428 3230 2518 3256 con-

1451 3277 1586 3315 sistunt
1613 3277 1651 3314 in
1680 3275 1773 3313 cibis
1807 3283 1844 3312 et
1870 3274 2055 3312 venereis.
2092 3274 2142 3311 Et
2174 3273 2262 3310 ideo
2291 3273 2376 3310 illos
2411 3273 2517 3310 cibos

1450 3330 1622 3368 Ecclesia
1650 3328 1905 3366 ieiunantibus
1937 3326 2124 3365 interdixit
2160 3326 2225 3376 qui
2254 3333 2289 3363 et
2316 3326 2356 3364 in
2389 3338 2518 3363 come-

1451 3383 1578 3421 dendo
1608 3382 1774 3419 maxime
1802 3382 1945 3418 habent
1973 3380 2280 3426 delectationem,
2311 3387 2348 3417 et
2379 3379 2517 3416 iterum

1450 3437 1616 3473 maxime
1636 3435 1835 3472 hominem
1854 3434 1904 3471 ad
1931 3445 2099 3471 venerea
2123 3441 2347 3494 provocant
2378 3433 2518 3469 Huius-

1421 3482 1557 3526 modi
1577 3496 1704 3526 autern
1727 3495 1812 3525 sunt
1832 3500 1965 3525 carnes
1989 3486 2240 3524 animalium
2233 3500 2271 3524 1n
2290 3494 2388 3524 terra
2415 3486 2518 3534 quie-

2554 1868 2682 1897 LeviLcap
2687 1875 2760 1895 xxm.

2551 1901 2608 1916 vers.
2624 1901 2657 1924 3²·

2575 2045 2631 2077 Cap.
2649 2045 2760 2073 Quadra—

2549 2073 2651 2099 gesr'ma,
2668 2073 2719 2094 dist.
2731 2072 2760 2100 V,

2550 2098 2580 2120 de
2595 2089 2731 2121 consecrat.

2545 3070 2555 3080 ⁸
2570 3070 2604 3092 Cf.
2620 3075 2667 3098 arg.
2684 3076 2698 3091 1.
