2768 4198
292 281 361 316 186

50 363 57 371 ⁸
72 363 142 385 Num.
157 369 187 390 tv,
202 370 222 384 v.

284 491 396 526 riculo;
427 490 534 530 quoad
558 489 727 518 secundam
753 494 856 516 tamen
884 491 1023 524 partem,
1049 482 1165 512 scilicet
1188 482 1276 521 quod
1304 480 1344 511 sit

281 534 410 564 ebrietas
435 533 527 564 etiam
552 532 691 561 mortalis
715 541 749 560 ex
773 529 924 569 periculo,
950 537 1015 557 non
1040 526 1163 556 videtur
1185 535 1266 561 vera,
1285 534 1342 555 nec
1368 562 1369 565 Ἰ

279 579 411 608 habetur
433 578 465 607 in
488 577 588 606 littera
613 576 649 605 ab
671 578 817 604 Auctore.
843 572 959 602 Littera
983 571 1069 600 enim
1086 571 1178 600 debet
1192 569 1236 600 sic
1260 579 1341 609 pun-

280 622 376 652 ctuari
401 629 435 651 ut
457 621 489 661 ly
513 626 542 650 et
563 621 609 649 sic
626 623 738 658 peccat
760 617 939 646 mortaliter
961 615 1000 645 sit
1024 614 1187 645 conclusio
1205 623 1340 654 sequens

279 676 314 696 ex
330 664 526 705 praecedenti
549 662 665 697 medio,
682 662 766 702 quia,
785 660 909 696 scilicet,
933 660 1036 690 sciens
1059 664 1090 689 et
1108 659 1218 689 volens
1227 659 1340 698 privat

277 720 311 740 se
334 717 406 739 etc.:
433 715 462 738 et
484 706 691 747 postmodum
725 704 887 744 subiungi,
913 704 1110 734 committens
1139 712 1173 733 se
1190 702 1339 743 periculo

270 753 436 793 peccandi.
454 750 723 790 Coniungendum
740 755 786 778 est
802 748 886 778 enim
899 758 973 778 cum
990 747 1134 788 sequenti
1149 746 1338 787 probatione

276 808 312 827 ex
335 796 517 826 auctoritate
540 793 716 824 Ambrosii:
740 792 782 823 ita
806 792 895 832 quod
919 792 951 833 ly
974 793 1173 822 committens
1198 800 1232 821 se
1248 791 1337 830 peri·
1364 806 1365 826 1

274 842 345 871 culo
363 839 518 880 peccandi
541 848 606 867 uon
630 844 676 867 est
699 836 853 877 expositio
878 843 932 867 aut
952 836 1074 866 reddito
1099 834 1226 865 alterius
1243 834 1336 865 ratio·
1363 870 1364 873 Ἰ

274 884 335 920 nis,
361 891 415 913 aut
445 882 673 913 adminiculum
708 881 922 921 praecedentis
945 880 1076 911 rationis
1104 890 1202 920 quare
1229 885 1338 919 peccat

273 928 459 962 mortaliter,
484 927 538 956 sed
562 932 608 956 est
637 925 818 956 subiunctio
847 925 972 956 comitis
1003 925 1042 955 ad
1071 924 1252 955 ebrietatem
1284 934 1336 963 ag—
1362 938 1363 959 l

270 971 424 1011 gravantis
442 971 554 1010 ipsam.
580 970 681 1000 Cuius
698 970 825 1010 signum
842 977 888 1000 est
906 970 995 1010 quod
1019 979 1083 999 non
1106 968 1182 999 dicit
1203 971 1335 1004 Auctor,
1361 983 1363 1013 1

270 1017 465 1046 committens
488 1025 522 1045 se
539 1015 688 1055 periculo
706 1014 865 1055 peccandi
887 1014 1078 1051 mortaliter,
1103 1013 1168 1049 sed,
1186 1013 1336 1053 periculo
1360 1028 1362 1051 i

264 1060 428 1100 peccandi.
454 1059 494 1089 Et
509 1058 585 1089 haec
608 1058 703 1089 etiam
719 1059 750 1089 in
776 1059 941 1089 communi
961 1058 1075 1098 probat
1098 1068 1135 1088 ex
1150 1057 1333 1088 Ambrosio.
1360 1054 1362 1091 Ξ

270 1104 402 1135 Constat
417 1109 523 1133 autem
540 1103 628 1143 quod
646 1113 682 1133 ex
699 1103 840 1143 periculo
858 1102 1008 1143 peccandi
1025 1113 1090 1133 non
1110 1109 1218 1143 peccat
1234 1102 1334 1132 homo
1360 1119 1361 1133 l

269 1149 450 1178 mortaliter.

320 1193 359 1223 Et
383 1192 426 1222 sic
443 1192 555 1232 procul
571 1191 670 1222 dubio
686 1192 821 1222 intendit
837 1194 969 1222 Auctor.
994 1191 1035 1222 Et
1059 1191 1120 1221 hoc
1137 1191 1233 1221 etiam
1249 1190 1334 1220 vide-

268 1245 317 1267 tur
339 1246 450 1267 verum
474 1237 651 1267 secundum
675 1246 717 1267 se.
743 1236 829 1274 Quia
848 1246 914 1266 non
933 1242 1074 1276 apparet,
1091 1242 1249 1276 quantum
1274 1244 1334 1275 ego

266 1281 346 1317 scio,
371 1281 461 1322 quod
484 1281 698 1311 communiter
722 1280 798 1311 ebrii
821 1281 983 1311 incurrant
1013 1287 1100 1311 actus
1127 1287 1333 1320 peccatorum

266 1325 465 1355 mortalium:
491 1326 544 1356 sed
562 1325 654 1356 multi
672 1325 846 1362 dormiunt,
862 1325 955 1356 multi
971 1332 1045 1356 sunt
1061 1324 1166 1361 otiosi,
1184 1332 1242 1355 etc.
1266 1324 1333 1354 Do-

265 1370 362 1400 ctrina
378 1377 485 1400 autem
509 1370 638 1400 moralis
655 1370 832 1400 secundum
853 1369 1067 1400 communiter
1083 1369 1255 1399 accidentia
1272 1375 1333 1399 tra-

265 1414 365 1444 denda
391 1421 446 1444 est.
470 1431 490 1437 —
513 1415 580 1445 Nec
613 1415 718 1445 obstat
748 1415 837 1455 quod
868 1421 943 1454 post
965 1414 1042 1444 haec
1065 1415 1187 1444 Auctor
1219 1412 1332 1443 infert:
1358 1413 1359 1442 l

267 1459 358 1489 Unde
388 1459 536 1496 ebrietas,
562 1469 625 1499 per
651 1468 687 1489 se
709 1459 887 1499 loquendo,
912 1464 960 1489 est
983 1463 1153 1498 peccatum
1185 1458 1332 1488 mortale.

264 1503 427 1540 Quoniam
443 1503 543 1534 illatio
560 1503 618 1534 ista
638 1513 674 1533 ex
693 1503 815 1534 ratione
838 1503 967 1534 inducta
991 1503 1030 1533 de
1047 1503 1165 1533 damno
1183 1512 1260 1532 usus
1283 1511 1332 1532 ra-

263 1548 357 1578 tionis
372 1548 574 1588 intelligenda
591 1554 655 1578 est:
681 1558 779 1588 quam
797 1547 967 1578 comitatur
983 1546 1162 1587 periculum
1183 1546 1333 1587 peccandi

262 1592 293 1622 in
319 1592 505 1628 communi,
532 1592 596 1623 sive
625 1592 800 1622 mortaliter
824 1591 890 1622 sive
913 1591 1087 1622 venialiter.

317 1637 385 1668 VII.
410 1637 459 1667 Ad
491 1637 573 1667 dicta
596 1644 703 1667 autern
727 1635 854 1666 Martini
885 1643 994 1667 contra
1024 1643 1249 1675 argumentum
1266 1637 1331 1666 Au·
1357 1646 1359 1662 :-

28 1689 36 1697 ·
58 1687 127 1718 Num.
149 1692 178 1713 n,
198 1686 235 1707 Ad
262 1682 356 1711 ctoris
381 1692 417 1711 ex
441 1691 546 1721 poena
573 1681 605 1710 in
633 1681 819 1711 Canonibus
847 1681 1073 1721 Apostolorum
1089 1679 1122 1716 *,
1147 1680 1238 1710 facile
1271 1679 1331 1710 dici
1357 1711 1358 1715 ,

27 1716 148 1735 ratwnem.
262 1733 365 1766 potest
388 1726 476 1766 quod
500 1728 622 1756 Auctor
655 1735 720 1755 non
744 1725 866 1755 inducit
896 1724 989 1755 illum
1021 1734 1179 1755 canonem
1211 1724 1271 1754 nisi
1296 1731 1331 1754 ut
1357 1758 1358 1765 ἵ

260 1778 483 1810 argumentum
501 1780 558 1810 pro
576 1770 671 1800 altera
689 1776 793 1809 parte:
812 1769 851 1798 ad
867 1770 956 1810 quod
973 1779 1039 1799 non
1056 1768 1226 1809 requiritur
1241 1769 1330 1808 quod

261 1814 435 1845 necessario
461 1813 631 1849 concludit,
657 1814 711 1843 sed
735 1820 782 1843 sat
805 1820 851 1843 est
874 1814 962 1853 quod
987 1820 1034 1844 est
1057 1813 1233 1853 probabile.

314 1859 437 1889 Dicitur
460 1867 565 1889 tamen
590 1858 748 1894 secundo,
774 1858 863 1898 quod
889 1857 966 1888 tales
989 1867 1113 1898 poenae
1137 1856 1181 1886 sic
1205 1855 1332 1886 modifi-

259 1910 343 1934 catae
368 1903 541 1933 monitorio
565 1901 811 1942 praemittendo,
836 1911 902 1931 non
926 1901 986 1931 nisi
1018 1911 1077 1941 pro
1102 1900 1228 1931 mortali
1257 1910 1331 1940 pec-

259 1955 328 1978 cato
360 1947 483 1987 imponi
514 1946 668 1977 videntur.
701 1946 747 1976 Ex
776 1956 813 1976 eo
845 1946 932 1976 enim
964 1946 1053 1986 quod
1088 1945 1213 1975 moneri
1240 1944 1329 1986 prius

259 1992 426 2022 mandatur
448 1998 484 2022 ut
507 1991 665 2026 desinant,
689 1997 777 2021 actus
807 1990 980 2031 culpabiles
1005 1990 1218 2020 ostenduntur
1245 1999 1330 2019 exer-

259 2036 328 2067 ceri.
353 2037 399 2067 Ex
423 2046 461 2066 eo
478 2045 553 2066 vero
578 2035 666 2075 quod
690 2035 854 2065 obstinatis
871 2034 1006 2075 privatio
1031 2033 1282 2072 communionis,
1299 2040 1330 2064 et

259 2080 475 2121 depositionis,
501 2080 682 2120 apponitur,
706 2079 884 2110 insinuatur
907 2079 996 2120 quod
1014 2079 1107 2119 culpa
1125 2088 1189 2109 non
1215 2085 1261 2109 est
1281 2085 1329 2109 to-
1353 2115 1355 2121 y

260 2126 398 2156 leranda.
422 2125 462 2156 Et
485 2124 529 2155 sic
551 2124 676 2155 videtur
699 2123 843 2155 mortale.
1353 2150 1354 2160 ,

316 2170 396 2200 V111.
414 2169 449 2199 In
462 2168 668 2209 responsione
681 2168 719 2198 ad
733 2168 874 2208 primum
891 2168 1034 2198 eiusdem
1046 2167 1177 2198 secundi
1194 2166 1328 2204 articuli,
1353 2196 1354 2209 3

25 2219 72 2250 &ln
84 2226 143 2247 resp.
153 2220 181 2241 ad
191 2220 233 2250 pb·
260 2214 394 2244 dubium
417 2224 454 2244 ex
477 2213 613 2244 Martino
638 2212 782 2249 occurrit,
809 2213 862 2243 ubi
887 2222 982 2253 supra
998 2211 1024 2248 ¹⁸,
1051 2219 1202 2252 arguente
1218 2219 1328 2243 contra
1352 2221 1354 2247 ι

24 2250 231 2299 ξαῗξὲξᾎζιξξᾞ
260 2259 339 2288 hanc
359 2258 551 2289 solutionem
576 2258 664 2298 quod
688 2257 846 2299 relinquat
869 2257 970 2288 multa
994 2257 1052 2287 sub
1072 2256 1183 2288 dubio.
1216 2257 1257 2287 Et
1280 2267 1328 2287 ar·
1352 2269 1353 2291 3

259 2303 326 2343 guit
350 2302 524 2342 dupliciter.
555 2301 672 2332 Primo.
697 2301 826 2339 Quaero
850 2302 888 2332 de
911 2302 967 2332 illo
991 2301 1064 2342 qui,
1089 2301 1195 2342 primo
1226 2308 1257 2333 et
1280 2312 1327 2333 se-

260 2347 364 2378 cundo
389 2357 421 2377 se
445 2346 646 2382 inebriando,
671 2346 834 2386 cognoscit
863 2347 940 2377 haec
963 2347 1029 2377 duo
1057 2356 1139 2387 quae
1163 2346 1195 2376 in
1224 2345 1327 2377 littera
1352 2356 1353 2381 ξ

260 2398 432 2432 ponuntur,
453 2390 569 2421 scilicet
588 2390 807 2421 fortitudinem
823 2391 886 2421 vini
904 2398 934 2421 et
951 2390 1146 2422 habilitatem
1162 2391 1326 2431 propriam

259 2437 298 2466 ad
322 2435 511 2471 ebrietatem,
538 2442 644 2466 utrum
669 2435 758 2466 tertia
773 2436 904 2466 ebrietas
929 2436 967 2466 sit
991 2443 1157 2476 peccatum
1179 2436 1325 2467 mortale.

260 2481 290 2511 Si
315 2480 374 2516 sic,
399 2479 541 2520 sequitur
568 2480 654 2520 quod
685 2480 815 2510 ebrietas
839 2490 903 2510 non
940 2480 1065 2510 assidua
1089 2486 1136 2510 est
1158 2487 1326 2520 peccatum

260 2525 400 2555 mortale.
433 2524 463 2554 Si
495 2534 578 2560 non,
611 2524 753 2564 sequitur
787 2525 875 2565 quod
906 2535 942 2555 ex
973 2524 1228 2565 concupiscentia
1259 2524 1325 2555 vini

259 2569 357 2600 sciens
374 2576 404 2599 et
418 2568 528 2599 volens
545 2568 648 2599 ebrius
665 2578 729 2599 non
751 2576 859 2609 peccat
878 2570 1066 2600 mortaliter:
1092 2577 1201 2600 contra
1217 2569 1324 2610 ipsum

259 2614 430 2644 Thomam.

316 2658 472 2693 Secundo,
486 2657 585 2697 quod,
598 2657 703 2697 posito
721 2667 794 2688 casu
813 2657 843 2688 in
860 2668 927 2698 quo
943 2658 1015 2698 quis
1032 2668 1068 2688 ex
1083 2658 1209 2688 assidua
1226 2658 1326 2689 ebrie-

258 2709 319 2733 tate
349 2702 467 2732 venerit
496 2701 528 2731 in
560 2701 675 2732 dictam
707 2702 943 2742 cognitionem,
968 2710 998 2733 et
1021 2702 1127 2733 statim
1151 2702 1324 2739 abstineat,

259 2748 337 2777 adeo
362 2747 448 2787 quod
473 2756 508 2776 ex
532 2745 711 2776 assiduitate
735 2747 859 2786 genitus
884 2747 1008 2777 habitus
1033 2754 1268 2787 corrumpatur,
1294 2755 1325 2778 et

260 2799 330 2831 post
346 2801 381 2821 ex
399 2790 543 2831 passione
561 2790 832 2830 concupiscentiae
849 2791 1019 2822 inebrietur
1038 2791 1183 2822 scienter:
1209 2809 1230 2814 -
1250 2799 1325 2823 tunc

259 2836 311 2866 sic.
338 2838 401 2866 Aut
424 2834 476 2865 ille
499 2842 606 2875 peccat
635 2835 809 2868 mortaliter
832 2835 863 2866 in
889 2836 946 2866 ista
970 2836 1136 2872 ebrietate,
1162 2843 1216 2867 aut
1247 2846 1324 2868 non.

259 2880 290 2910 Si
314 2879 373 2915 sic,
399 2889 472 2918 ergo
501 2879 614 2919 aliquis
643 2889 707 2909 non
739 2880 899 2916 assiduus,
924 2881 1110 2911 inebriando
1141 2891 1190 2917 se,
1215 2889 1324 2920 peccat
1349 2913 1351 2921 ‚

260 2923 439 2954 mortaliter.
465 2923 496 2954 Si
521 2933 595 2959 non,
616 2933 690 2963 ergo
714 2924 824 2954 volens
845 2933 874 2955 et
890 2925 990 2955 sciens
1015 2935 1050 2956 ex
1068 2925 1324 2965 concupiscentia

259 2968 320 2998 vini
338 2967 440 2998 ebrius
458 2977 523 2997 non
535 2974 643 3007 peccat
657 2968 845 2999 mortaliter:
863 2970 951 3010 quod
964 2977 1010 3000 est
1026 2976 1135 3000 contra
1147 2969 1322 3001 Thomam.

314 3013 362 3042 Ad
386 3012 461 3042 haec
485 3011 598 3041 dicitur
621 3012 709 3052 quod
733 3023 769 3043 ex
792 3014 877 3043 malo
902 3013 1072 3050 intellectu,
1089 3014 1191 3044 immo
1215 3024 1251 3044 ex
1267 3025 1322 3054 ap·
1348 3021 1350 3038 i

260 3056 416 3096 positione
447 3056 581 3086 extranei
614 3066 724 3087 sensus
754 3057 827 3088 huic
859 3057 992 3094 litterae,
1026 3058 1204 3098 procedunt
1236 3059 1322 3089 obie-
1348 3074 1349 3095 1

260 3101 388 3130 ctiones.
412 3101 485 3131 Non
506 3100 590 3130 enim
615 3100 698 3136 dicit,
715 3108 768 3132 aut
784 3102 953 3132 somniavit
977 3102 1072 3133 etiam
1088 3105 1210 3134 Auctor
1233 3104 1321 3144 quod

260 3144 422 3175 assiduitas
450 3144 626 3185 requiratur
656 3145 694 3174 ad
719 3145 780 3176 hoc
808 3146 896 3187 quod
932 3147 1064 3177 ebrietas
1088 3147 1127 3178 sit
1156 3154 1323 3188 peccatum
1348 3143 1349 3188 l

261 3189 407 3224 mortale,
432 3195 467 3219 ut
497 3189 690 3220 obiectiones
713 3190 895 3230 imponunt.
925 3191 986 3222 Sed
1018 3191 1235 3232 Augustinum
1266 3202 1322 3232 ap·
1348 3197 1349 3223 l

260 3240 429 3271 ponentem
449 3233 664 3264 conditionem
685 3234 874 3266 assiduitatis
898 3242 1072 3266 reverenter
1087 3236 1215 3276 glossat,
1233 3237 1322 3277 quod
1348 3237 1349 3270 Ϊ

261 3276 440 3316 intelligitur
463 3277 500 3306 de
528 3277 707 3308 assiduitate
734 3279 842 3319 quoad
866 3279 1011 3310 effectum
1042 3280 1097 3321 qui
1129 3287 1175 3311 est
1201 3291 1320 3321 cogno-

261 3330 343 3350 scere
368 3320 581 3351 fortitudinem
611 3321 675 3352 vini
700 3329 730 3352 et
753 3322 945 3354 habilitatem
975 3324 1136 3364 propriam
1162 3325 1200 3355 ad
1225 3325 1322 3356 ebrie·
1347 3333 1349 3354 ι’

262 3371 367 3394 tatem.
404 3364 443 3394 Et
465 3365 618 3404 quoniam
642 3366 825 3397 huiusmodi
850 3368 989 3407 cognitio
1021 3379 1084 3399 non
1116 3376 1163 3400 est
1193 3369 1321 3400 effectus
1347 3365 1349 3402 i

263 3407 407 3447 proprius
430 3407 616 3439 assiduitatis
634 3410 797 3447 ebrietatis,
814 3412 968 3452 quoniam
984 3412 1049 3443 sine
1066 3413 1120 3444 tali
1140 3413 1322 3445 assiduitate

263 3458 366 3491 potest
388 3451 458 3481 talis
482 3452 618 3491 cognitio
643 3454 766 3490 baberi;
798 3455 913 3486 idcirco
938 3457 1003 3487 sine
1031 3457 1230 3494 assiduitate,
1255 3465 1320 3489 tam

263 3495 416 3534 praesenti
440 3505 535 3535 quam
560 3497 735 3535 praeterita,
760 3505 805 3529 est
829 3500 958 3531 ebrietas
982 3509 1147 3541 peccatum
1175 3503 1320 3539 mortale,

263 3540 286 3569 si
311 3539 391 3570 adsit
421 3539 502 3570 dicta
526 3540 674 3579 cognitio,
703 3542 767 3572 Nec
791 3543 851 3573 hoc
882 3551 927 3574 est
955 3552 1063 3576 contra
1092 3546 1319 3586 Augustinum.
1346 3539 1348 3592 ἱ

263 3583 426 3620 Quoniam
449 3583 515 3623 ipse
539 3583 612 3614 dicit
635 3584 861 3622 affirmativam,
879 3587 993 3620 scilicet
1016 3590 1104 3629 quod
1128 3589 1257 3621 ebrietas
1273 3601 1318 3621 as-

262 3628 360 3663 sidua,
382 3628 460 3658 idest
479 3628 596 3658 habens
619 3628 712 3658 talem
730 3630 954 3669 cognitionem,
971 3639 1015 3663 est
1032 3634 1181 3664 mortale:
1207 3641 1237 3665 et
1254 3645 1318 3665 non

991 272 1257 320 QUAESTlo
1287 272 1371 318 CL,

339 359 391 388 VI.
417 357 569 395 Quamvis
585 363 690 387 autem
705 354 867 395 responsio
885 352 972 383 ista*
987 351 1093 392 quoad
1109 349 1293 390 gravitatem
1309 359 1346 378 ex
1371 356 1374 387 J
1400 348 1476 379 dicit
1499 349 1686 389 negativam,
1712 350 1847 386 sellicet,
1873 351 1934 381 nisi
1956 351 1998 381 sit
2021 351 2162 382 assidua.
2195 351 2351 388 Quamvis
2375 351 2470 381 etiam

283 402 433 443 periculo,
459 402 564 442 quoad
589 400 724 440 primam
748 406 867 439 partem
891 397 930 426 sit
953 395 1083 435 optima,
1113 394 1201 434 quod
1229 393 1346 424 scilicet
1371 411 1372 427 2

282 446 415 486 gravitas
439 444 650 476 substantialis
674 451 719 473 est
739 453 774 472 ex
798 452 856 472 suo
879 449 991 480 genere
1008 447 1206 478 consequens
1230 447 1266 467 ex
1289 446 1344 477 pe·
1370 457 1371 468 l

1400 272 1698 309 ARTICULUS
1729 274 1759 308 ΙΙ

1399 392 1425 422 si
1448 393 1564 424 diceret
1586 394 1780 434 negativam,
1805 395 1997 434 glossaretur
2024 402 2059 426 ut
2087 395 2208 426 dictum
2231 402 2294 426 est:
2325 395 2468 433 assidua,

1398 436 1460 467 hoc
1485 444 1540 473 est,
1565 438 1685 468 habens
1708 439 1922 479 cognitionem
1938 438 2148 480 fortitudinis
2176 441 2242 470 vini
2265 445 2295 470 et
2312 441 2470 480 propriae

1397 480 1591 512 habilitatis:
1613 482 1688 522 quia
1712 483 1750 512 de
1774 482 1956 513 assiduitate
1980 492 2046 513 non
2069 484 2247 514 secundum
2275 493 2318 520 se,
2342 485 2397 514 sed
2421 493 2469 514 ra-

1397 524 1483 555 tione
1507 525 1577 555 talis
1602 525 1739 562 effectus,
1759 526 1953 567 intelligitur.

1451 568 1501 598 Ad
1525 576 1693 610 utramque
1717 580 1792 609 ergo
1817 571 2045 608 obiectionem‚
2070 582 2125 602 seu
2159 572 2396 613 quaestionem,
2422 572 2468 602 di-

1395 613 1476 643 citur
1499 613 1588 653 quod
1612 613 1782 654 utrobique
1809 622 1856 645 est
1883 623 2051 655 peccatum
2083 618 2227 648 mortale.
2260 617 2345 654 Quia
2372 617 2466 647 inter-

1393 656 1480 687 venit
1503 657 1631 688 effectus
1655 658 1846 689 assiduitatis
1865 659 2058 690 necessarius
2083 661 2123 690 ad
2142 661 2336 697 ebrietatem,
2353 671 2467 701 quam-

1365 710 1367 712 ’
1393 701 1439 730 vis
1464 711 1529 731 non
1553 701 1740 732 interveniat
1772 702 1957 740 assiduitas,
1983 711 2027 735 utv
2041 712 2128 745 patet
2151 715 2188 736 ex
2221 705 2328 736 dictis:
2365 705 2466 736 sciens

1393 745 1478 775 enim
1503 752 1532 776 et
1558 746 1667 776 volens
1698 756 1735 776 ex
1757 746 1966 778 delectatione
1996 748 2061 778 vini
2091 748 2123 778 in
2154 756 2292 790 utroque
2318 760 2392 780 casu
2417 749 2466 780 in-

1392 789 1491 820 ebriat
1514 799 1556 820 se.

1447 834 1499 864 IX.
1525 834 1558 864 In
1584 834 1698 864 eodem
1722 833 1875 870 articulo,
1900 835 1933 865 in
1963 836 2173 875 responsione
2203 837 2243 867 ad
2267 839 2463 874 secundum,

1391 877 1527 908 dubium
1551 889 1588 908 ex
1604 878 1752 914 Martino,
1770 878 1898 915 ibidem,
1917 879 2064 916 occurrit,
2081 888 2231 921 arguente
2251 890 2360 914 contra
2383 883 2465 913 hanc

1390 922 1587 953 solutionem
1611 923 1761 953 dicendo:
1789 936 1804 950 κ
1823 924 1911 954 Haec
1935 923 2054 954 solutio
2079 934 2145 955 non
2168 925 2294 957 videtur
2313 937 2464 958 evacuare

1389 966 1455 996 vim
1471 967 1667 998 auctoritatis
1683 967 1865 1007 Augustini.
1885 980 1899 994 ιν
1927 967 1968 998 Et
1984 969 2127 1008 arguitur
2146 969 2199 1000 sic.
2224 969 2311 1001 Cum
2327 971 2465 1002 sumitur

1360 1018 1362 1023 ’
1388 1018 1486 1051 potus
1510 1022 1612 1053 usque
1636 1012 1675 1041 ad
1709 1012 1911 1048 ebrietatem,
1937 1013 2075 1044 sumitur
2102 1013 2175 1054 plus
2203 1024 2302 1055 quam
2337 1025 2464 1046 necesse

1388 1055 1438 1086 sit.
1462 1056 1548 1096 Ergo
1573 1066 1639 1087 non
1664 1056 1790 1097 quoties
1814 1057 1950 1087 sumitur
1966 1057 2039 1097 plus
2063 1067 2161 1098 quam
2185 1068 2312 1090 necesse
2328 1060 2378 1096 sit,
2394 1069 2463 1100 per-

1360 1103 1361 1148 ]
1387 1100 1467 1131 tinet
1490 1101 1529 1130 ad
1553 1101 1677 1132 minuta
1700 1107 1841 1141 peccata:
1875 1107 1931 1132 aut
1953 1101 2085 1132 ebrietas
2108 1102 2244 1142 pertinet
2276 1104 2315 1133 ad
2340 1104 2464 1135 minuta

1360 1164 1361 1184 3
1388 1152 1526 1185 peccata.
1551 1146 1624 1176 Hoc
1649 1153 1695 1176 est
1718 1153 1828 1176 contra
1851 1146 2026 1177 Thomam.
2055 1146 2159 1177 Maior
2182 1154 2229 1177 est
2252 1155 2344 1179 certa.
2376 1147 2463 1179 Con-

1387 1189 1490 1220 clusio
1507 1198 1554 1220 est
1574 1197 1683 1220 contra
1699 1190 1871 1230 Augustini
1894 1191 2115 1222 auctoritatem
2138 1192 2303 1232 arguendo
2325 1192 2462 1228 allatam.

1443 1234 1494 1264 Ad
1517 1234 1580 1264 hoc
1604 1234 1718 1265 dicitur
1741 1235 1830 1275 quod
1855 1234 1992 1266 obiectio
2017 1235 2160 1276 procedit
2184 1246 2220 1267 ex
2244 1246 2312 1267 non
2336 1236 2464 1268 formali

1386 1278 1547 1309 intellectu
1570 1279 1700 1310 litterae.
1735 1279 1818 1309 Nam
1842 1286 2007 1320 peccatum
2033 1280 2207 1311 consistens
2231 1280 2264 1311 in
2289 1281 2350 1312 hoc
2374 1281 2463 1322 quod

1358 1335 1359 1341 ¹
1387 1322 1553 1354 delectatio
1579 1323 1639 1354 cibi
1662 1323 1713 1354 vel
1737 1330 1834 1364 potus
1859 1323 1932 1355 facit
1954 1324 2122 1355 hominem
2146 1325 2314 1356 comedere
2337 1333 2393 1356 aut
2415 1325 2462 1356 bi-

1358 1375 1359 1384 *
1386 1368 1459 1398 bere
1482 1368 1556 1408 plus
1573 1378 1672 1408 quam
1689 1375 1826 1408 oportet,
1843 1368 1887 1399 ita
1909 1369 1998 1409 quod
2015 1379 2052 1400 ex
2066 1369 2127 1400 hoc
2151 1369 2327 1400 formaliter
2347 1370 2464 1402 habeat

1386 1412 1544 1452 speciem,
1570 1419 1689 1452 spectat
1713 1413 1752 1443 ad
1782 1413 1912 1452 gulam,
1938 1420 1974 1444 ut
2000 1414 2088 1454 prius
2104 1414 2121 1433 *
2144 1413 2256 1454 patuit.
2285 1413 2461 1446 Delectatio

1385 1464 1493 1488 autem
1509 1457 1637 1488 trahens
1653 1457 1820 1488 hominem
1836 1458 1876 1487 ad
1896 1457 2072 1489 bibendum
2089 1468 2191 1499 usque
2207 1459 2247 1489 ad
2267 1458 2461 1496 ebrietatem,

1384 1502 1458 1532 licet
1481 1501 1594 1532 inferat
1618 1501 1712 1532 etiam
1735 1509 1851 1542 potum
1875 1502 1948 1542 plus
1971 1512 2070 1544 quam
2094 1510 2238 1543 oportet,
2263 1513 2330 1534 non
2355 1511 2462 1535 tamen

1385 1556 1423 1576 ex
1446 1546 1508 1577 hoc
1532 1545 1627 1577 trahit
1657 1545 1810 1586 speciem,
1840 1546 1894 1576 sed
1919 1557 1956 1577 ex
1978 1547 2040 1577 hoc
2069 1547 2159 1588 quod
2189 1555 2235 1578 est
2265 1548 2460 1580 inebriativa.

1385 1591 1425 1621 Et
1448 1597 1616 1631 propterea
1639 1590 1692 1620 illa
1716 1590 1905 1631 propositio,
1933 1591 2014 1622 Cum
2030 1593 2171 1622 sumitur
2181 1597 2281 1633 potus
2303 1593 2462 1634 usquead

1385 1635 1582 1672 ebrietatem,
1606 1636 1748 1666 sumitur
1764 1635 1844 1675 plus
1868 1645 1964 1676 quam
1989 1641 2125 1676 oportet,
2150 1636 2375 1677 distinguenda
2398 1644 2459 1669 est:

1357 1686 1358 1693 ¹
1384 1680 1474 1720 quod
1498 1679 1523 1710 si
1547 1679 1733 1719 intelligitur
1763 1679 1938 1710 formaliter
1962 1687 1992 1710 et
2015 1680 2223 1721 completive,
2245 1680 2290 1712 ita
2314 1681 2404 1721 quod
2426 1682 2460 1723 ly

1378 1724 1458 1764 plus
1480 1733 1577 1764 quam
1602 1729 1726 1764 oportet
1741 1723 1782 1755 sit
1804 1723 1837 1754 in
1861 1734 1927 1765 quo
1952 1725 2152 1765 compleatur
2175 1733 2358 1765 peccatum,
2382 1726 2461 1758 falsa

1357 1769 1358 1772 ’
1384 1775 1445 1804 est;
1471 1767 1497 1797 si
1521 1774 1629 1798 autem
1652 1767 1838 1807 intelligitur
1861 1768 2108 1806 circumstanter,
2133 1769 2175 1800 ita
2198 1771 2288 1810 quod
2303 1771 2344 1801 ad
2361 1770 2460 1802 ebrie-

1383 1819 1482 1843 tatem
1515 1812 1675 1842 concurrit
1699 1819 1734 1842 ut
1757 1812 1993 1844 circumstantia
2025 1814 2183 1854 quaedam
2207 1815 2240 1856 ly
2260 1815 2340 1855 plus
2361 1825 2458 1856 quam

1356 1863 1357 1867 ¹
1383 1861 1522 1896 oportet,
1549 1856 1593 1886 sic
1617 1862 1663 1886 est
1687 1865 1769 1886 vera.
1800 1856 2000 1896 Augustinus
2029 1867 2104 1897 ergo
2125 1864 2156 1889 et
2178 1860 2302 1890 Auctor
2331 1858 2460 1893 tradunt

1382 1900 1471 1941 quod
1496 1909 1622 1930 sumere
1645 1899 1718 1940 plus
1742 1909 1841 1940 quam
1865 1907 1993 1940 oportet
2015 1901 2192 1933 formaliter
2207 1909 2238 1933 et
2257 1902 2459 1943 completive,

1381 1944 1425 1975 ita
1449 1944 1539 1985 quod
1562 1944 1595 1974 in
1618 1943 1651 1984 ly
1669 1944 1747 1984 plus
1780 1945 1960 1985 completur
1991 1945 2071 1976 ratio
2103 1946 2242 1986 peccati,
2268 1954 2389 1988 spectat
2419 1948 2461 1979 ad

1354 1992 1356 2007 ²
1382 1995 1509 2029 peccata
1534 1988 1658 2019 minuta
1682 1995 1712 2019 et
1727 1988 1766 2018 ad
1790 1989 1910 2028 gulam.
1934 1988 1976 2020 Et
1990 1990 2066 2030 quia
2089 1990 2152 2021 hoc
2174 1990 2312 2023 intendit
2326 1993 2460 2028 Auctor,

1354 2031 1355 2048 ³
1382 2040 1417 2064 ut
1439 2040 1527 2074 patet
1549 2043 1586 2063 ex
1610 2030 1734 2073 supra*
1759 2032 1860 2070 dictis,
1884 2033 1958 2064 ideo
1983 2041 2070 2074 patet
2093 2035 2184 2076 quod
2207 2035 2376 2076 responsio
2392 2038 2459 2067 Au-

1381 2078 1476 2109 ctoris
1500 2077 1622 2118 optime
1646 2077 1720 2108 facit
1741 2078 1816 2108 satis
1839 2078 2018 2109 auctoritati
2042 2079 2225 2120 Augustini.

1436 2123 1475 2154 X.
1502 2122 1537 2153 In
1571 2122 1781 2162 responsione
1812 2122 1851 2152 ad
1882 2122 2027 2162 tertium,
2051 2123 2149 2154 iam*
2172 2130 2294 2157 tactum
2324 2132 2355 2156 et
2384 2134 2458 2166 pro-

1379 2166 1515 2198 missum
1539 2166 1676 2198 dubium
1699 2166 1850 2203 occurrit,
1875 2177 1914 2198 an
1940 2167 2073 2199 ebrietas
2096 2167 2231 2200 scienter
2253 2179 2320 2200 non
2343 2178 2381 2200 ex
2405 2169 2459 2200 de-

1378 2211 1550 2243 lectatione
1565 2218 1673 2251 potus,
1691 2211 1746 2241 sed
1762 2218 1893 2252 propter
1908 2211 2112 2249 medicinam,
2138 2213 2179 2244 sit
2195 2212 2291 2245 licita.
2316 2213 2358 2245 Et
2377 2213 2459 2246 ultra

1379 2255 1527 2296 superius
1541 2255 1559 2275 *
1582 2256 1675 2286 allata
1699 2265 1736 2285 ex
1759 2255 1908 2292 Martino,
1925 2257 2064 2288 occurrit
2086 2257 2147 2288 alia
2170 2257 2338 2289 dubitandi
2361 2257 2456 2290 ratio:

1352 2308 1354 2327 1
1379 2301 1455 2342 quia
1478 2300 1510 2331 in
1534 2300 1637 2331 littera
1654 2301 1777 2331 Auctor
1799 2310 1866 2330 non
1883 2300 1958 2332 dicit
1982 2300 2168 2342 simpliciter
2183 2312 2250 2333 non
2272 2301 2366 2334 licere
2381 2313 2462 2343 pro—v

1379 2351 1449 2385 pter
1479 2345 1689 2380 medicinam,
1718 2345 1773 2374 sed
1801 2344 1876 2376 dicit
1904 2355 1971 2375 non
2001 2345 2095 2376 licere
2125 2353 2257 2387 propter
2284 2347 2456 2384 vomitum,

1352 2407 1353 2414 κ
1378 2389 1453 2431 quia
1478 2396 1583 2430 potest
1606 2389 1696 2420 aliter
1719 2388 1881 2429 procurari
1912 2389 2065 2421 vomitus.
2097 2390 2138 2421 Et
2160 2398 2329 2432 propterea
2362 2398 2458 2422 restat

1352 2429 1353 2439 ¹
1378 2434 1524 2476 quaestio
1542 2434 1581 2464 de
1605 2434 1665 2464 ista
1689 2433 1914 2464 conditionali:
1940 2433 1973 2465 Si
1996 2433 2112 2465 medici
2135 2435 2310 2467 consulunt
2325 2435 2456 2467 ebrieta-

1378 2486 1444 2510 tem
1468 2489 1527 2519 pro
1551 2477 1683 2509 sanitate
1708 2479 1891 2517 reparanda,
1916 2478 2063 2519 nunquid
2086 2476 2195 2510 liceat?

1435 2524 1485 2554 Ad
1510 2523 1572 2554 hoc
1596 2522 1711 2553 dicitur
1733 2523 1833 2563 quod,
1851 2523 1877 2554 si
1900 2523 2076 2554 medicinae
2092 2533 2142 2554 ars
2158 2523 2341 2564 disponeret
2355 2524 2455 2555 ebrie-

1377 2575 1476 2599 tatem
1497 2578 1564 2598 esse
1584 2567 1792 2598 necessariam
1809 2567 1848 2598 ad
1865 2567 2106 2599 evacuationem
2122 2578 2178 2600 seu
2194 2577 2306 2600 curam
2321 2567 2455 2601 alicuius

1378 2611 1580 2649 infirmitatis,
1597 2611 1730 2642 ebrietas
1754 2611 1786 2642 in
1810 2611 1866 2642 illo
1891 2622 1965 2643 casu
1991 2622 2056 2642 non
2081 2620 2163 2644 esset
2185 2612 2318 2644 ebrietas
2335 2612 2454 2645 forma·

1375 2657 1456 2694 liter,
1474 2667 1556 2698 quae
1581 2664 1627 2688 est
1650 2662 1827 2697 peccatum,
1845 2656 1900 2687 sed
1924 2656 2125 2688 materialiter
2145 2664 2280 2694 tanturn,
2298 2657 2454 2699 quoniam

1377 2712 1443 2733 non
1463 2708 1545 2732 esset
1568 2711 1604 2732 ex
1629 2700 1838 2731 delectatione
1862 2701 1895 2732 in
1919 2708 1999 2742 potu
2024 2701 2107 2732 vini:
2128 2708 2160 2733 et
2183 2709 2264 2733 esset
2285 2701 2382 2734 licita.
2413 2702 2454 2734 Et

1350 2751 1351 2794 ζ
1377 2746 1457 2777 ratio
1482 2753 1529 2777 est
1551 2745 1604 2776 illa
1628 2755 1726 2786 quam
1750 2747 1872 2776 Auctor
1895 2745 1928 2776 in
1952 2745 2011 2776 hac
2034 2745 2136 2777 littera
2159 2745 2312 2787 explicat:
2337 2745 2455 2778 scilicet

1377 2791 1452 2832 quia
1476 2791 1546 2821 talis
1570 2797 1667 2830 potus
1691 2796 1772 2820 esset
1794 2791 1978 2821 moderatus
2002 2789 2140 2827 infirmo,
2156 2789 2213 2832 qui
2229 2800 2296 2821 non
2313 2798 2360 2822 est
2382 2801 2451 2822 mo·

1377 2837 1503 2866 deratus
1528 2845 1618 2866 sano.
1645 2835 1705 2865 Ista
1729 2834 1815 2865 enim
1835 2834 2015 2875 propositio
2039 2835 2155 2866 directe
2171 2834 2370 2871 subsumitur
2393 2835 2452 2866 sub

1378 2879 1547 2911 universali
1581 2879 1688 2919 regula
1711 2878 1744 2910 in
1768 2879 1870 2910 littera
1899 2878 2011 2910 tradita
2041 2879 2080 2910 de
2111 2878 2183 2910 cibo
2206 2879 2256 2910 vel
2279 2886 2359 2920 potu
2394 2879 2452 2910 im-

1349 2931 1350 2938 *
1377 2925 1544 2955 moderato
1573 2923 1755 2964 respective.
1779 2941 1801 2946 -
1824 2925 1875 2954 An
1909 2930 2018 2954 autem
2041 2923 2083 2954 ita
2107 2923 2147 2955 sit
2169 2924 2208 2954 de
2236 2923 2337 2961 facto,
2362 2924 2452 2965 quod

1377 2969 1533 3000 medicina
1558 2969 1707 3008 disponat
1730 2968 1763 2999 in
1788 2968 1896 3009 aliquo
1928 2978 2002 3000 casu
2027 2967 2235 2999 necessariam
2258 2978 2326 2999 esse
2353 2968 2452 3000 ebrie—

1375 3021 1483 3050 tatem,
1505 3023 1571 3044 non
1595 3020 1642 3044 est
1664 3012 1850 3054 philosophi
1868 3012 1997 3044 moralis
2021 3022 2079 3043 nec
2103 3012 2256 3053 theologi,
2272 3013 2328 3043 sed
2352 3013 2451 3044 scien-

1376 3059 1437 3089 tiae
1461 3057 1637 3089 medicinae
1653 3067 1747 3098 opus.

1433 3103 1501 3133 Nec
1523 3102 1598 3134 huic
1623 3100 1823 3133 conclusioni
1840 3101 1968 3132 obstant
1983 3101 2077 3132 verba
2092 3100 2261 3132 subiuncta
2276 3101 2309 3132 in
2325 3100 2384 3132 hac
2399 3101 2451 3133 lit·

1376 3155 1441 3178 tera
1465 3147 1504 3178 de
1519 3146 1644 3178 vomitu
1671 3156 1727 3186 per
1748 3155 1867 3187 aquam
1880 3145 2030 3188 tepidam,
2048 3152 2083 3176 ut
2110 3145 2266 3177 Martinus
2290 3145 2406 3178 obiecit
2421 3146 2448 3178 *.

1376 3191 1542 3229 Quoniam
1565 3193 1689 3222 Auctor
1719 3189 1862 3232 loquitur
1885 3189 1924 3221 de
1951 3189 2076 3221 vomitu
2101 3189 2292 3221 formaliter:
2323 3197 2353 3221 et
2383 3201 2449 3222 non

1376 3237 1414 3267 de
1439 3236 1491 3267 tali
1514 3235 1651 3271 vomitu,
1668 3245 1726 3266 nec
1750 3235 1789 3266 de
1812 3233 1936 3266 vomitu
1961 3233 2032 3265 talis
2054 3242 2220 3275 personae.
2251 3234 2292 3265 Et
2315 3234 2451 3267 intendit

1348 3286 1349 3303 ³
1375 3281 1475 3321 quod,
1492 3280 1568 3321 quia
1592 3280 1631 3310 ad
1655 3279 1894 3319 procurandum
1913 3278 2084 3314 vomitum,
2105 3286 2140 3310 ut
2164 3279 2217 3316 sic,
2235 3289 2301 3310 non
2325 3287 2372 3310 est
2395 3289 2449 3311 ne—

1375 3324 1507 3356 cessaria
1531 3324 1674 3360 ebrietas,
1690 3323 1762 3355 ideo
1783 3333 1850 3354 non
1873 3330 2073 3354 excusaretur
2095 3323 2134 3353 ab
2155 3323 2303 3355 ebrietate
2327 3324 2352 3354 si
2377 3324 2448 3366 quis

1376 3376 1543 3410 propterea
1571 3368 1790 3404 inebriaretur,
1818 3373 1931 3408 utpote
1954 3366 2120 3398 inferendo
2144 3367 2202 3398 sibi
2234 3367 2294 3409 ipsi
2325 3368 2448 3400 malum

1375 3414 1443 3444 sine
1466 3413 1659 3444 necessitate.
1693 3412 1791 3444 Secus
1814 3418 1922 3442 autem
1952 3418 1998 3442 est
2022 3412 2061 3442 de
2085 3411 2138 3442 tali
2162 3412 2304 3451 vomitu,
2330 3419 2386 3444 aut
2409 3413 2448 3445 de

1375 3457 1498 3488 vomitu
1523 3457 1556 3488 in
1580 3457 1633 3488 tali
1658 3465 1803 3497 persona,
1824 3455 1848 3486 si
1874 3455 2047 3486 necessaria
2070 3463 2116 3487 est
2140 3456 2272 3488 ebrietas
2288 3457 2327 3487 ad
2352 3457 2447 3489 talem

1374 3501 1534 3533 vomitum
1559 3508 1614 3532 aut
1637 3501 1732 3532 talem
1757 3510 1937 3540 personam.

1433 3547 1480 3578 Ex
1504 3545 1552 3577 his
1579 3552 1686 3576 autem
1710 3545 1750 3576 ad
1783 3545 1866 3575 duos
1891 3555 1981 3576 casus
2012 3545 2139 3576 Martini
2170 3555 2266 3586 supra
2299 3545 2445 3576 recitatos

1375 3590 1546 3622 dicendum
1571 3597 1626 3621 est.
1657 3589 1698 3620 Et
1721 3589 1760 3620 ad
1784 3588 1876 3620 illum
1907 3589 2038 3630 quidem
2062 3589 2100 3620 de
2124 3589 2255 3620 homine
2284 3589 2328 3620 sic
2356 3599 2444 3620 com-

1375 3635 1557 3675 plexionato
1591 3644 1645 3665 seu
1670 3633 1796 3664 infirmo
1825 3634 1913 3674 quod
1948 3644 2021 3664 cum
2053 3634 2128 3664 vino
2159 3633 2348 3669 inebriatur,
2378 3633 2444 3664 sine

2490 1416 2551 1444 'Qu.
2557 1421 2703 1446 mamert-a,

2489 1443 2622 1492 Spumant.
2637 1450 2701 1466 num.

2487 2045 2496 2053 ·
2510 2043 2583 2069 leid..
2603 2048 2625 2066 et
2645 2050 2685 2072 qu.

2486 2075 2586 2119 ξέιέἴιι,
2604 2074 2647 2092 ιη.
2663 2077 2684 2098 ²,

2486 2133 2496 2142 ⁸
2510 2131 2582 2154 Num.
2598 2138 2635 2154 m.

2485 2261 2495 2270 ·
2509 2259 2580 2282 Num.
2596 2266 2612 2282 t.

2481 3149 2488 3157 ⁰
2498 3147 2565 3175 thid,
2573 3147 2688 3171 Secundo.
