2768 4198
53 689 83 710 de
92 689 159 711 Anim
161 689 213 716 ac

53 720 123 738 ment.
139 722 204 737 111111

53 744 62 754 ⁸
78 743 142 764 Vers.
159 743 188 764 18.

293 314 370 349 412

295 437 605 484 aedificationem.
636 437 737 483 Ergo
759 435 909 472 videtur
930 433 1036 481 quod
1059 434 1205 469 donum
1227 432 1369 480 lingua-

297 503 381 526 rum
402 489 448 526 sit
468 489 711 526 excellentius
740 500 856 535 quam
886 486 1034 523 donum
1064 485 1300 534 prophetiae.

351 545 385 580 3.
417 544 662 588 PRAETEREA,
694 542 839 578 donum
878 539 1094 587 linguarum
1127 536 1397 576 habitualiter

946 300 1214 347 QUAESTIO
1244 300 1455 347 CLXXVI,
1485 301 1783 339 ARTICULUS
1814 303 1845 338 11

296 384 410 420 Deo:
438 383 504 431 qui
526 388 652 419 autem
675 383 886 430 prophetat,
907 380 1122 417 hominibus
1141 380 1307 427 loquitur
1325 380 1399 415 ad!

1427 379 1552 416 ebrios
1589 382 1798 429 Apostolos
1839 381 1973 430 linguis
2016 383 2238 431 loquentes,
2280 391 2323 420 ut
2364 384 2499 421 dicitur

1397 386 1399 461 l
1423 433 1506 469 Act.
1529 445 1551 469 11
1571 433 1602 470 ²⁸.
1634 435 1707 471 Per
1734 435 1954 484 prophetias
1969 441 1983 464 Υ
2004 444 2132 473 autem
2153 436 2318 474 infidelis
2339 438 2496 475 convin-

1396 455 1398 534 l
1425 493 1584 532 ceretur,
1614 487 1862 525 manifestatis
1890 489 2125 527 absconditis
2153 490 2280 527 cordis
2309 490 2402 528 eius.

1476 541 1535 575 An
1565 551 1702 576 PRIMUM
1730 552 1828 577 ERGO
1858 553 2044 580 DICENDUM
2072 543 2190 591 quod,
2220 543 2316 580 sicut
2343 556 2458 592 supra
2477 544 2497 566 *

294 604 496 645 permanet
517 595 561 631 in
589 594 755 631 habente
786 594 934 641 ipsum,
966 600 1002 628 et
1034 592 1150 629 habet
1178 593 1299 628 homo
1330 591 1368 628 in
1395 601 1396 609 ¹
1423 591 1567 628 dictum
1597 600 1673 639 est,
1704 593 1752 630 ad
1782 595 2042 632 excellentiam
2072 596 2297 645 prophetiae
2333 597 2498 646 pertinet

54 663 112 684 ⁸Cf.
132 663 169 684 Av
156 669 213 684 vm
234 662 265 684 111
294 657 481 698 potestate
507 649 561 684 uti
577 660 620 684 eo
650 659 734 683 cum
755 646 915 683 voluerit
932 645 973 682 *z
1003 646 1105 682 unde
1127 645 1263 683 dicitur
1283 646 1296 681 I
1317 645 1395 681 ad
1422 646 1526 693 quod
1565 645 1701 694 aliquis
1736 659 1815 684 non
1848 648 1975 685 solum
2009 649 2240 687 illuminetur
2277 650 2495 710 intelligibili

299 704 385 740 Cor.
406 714 468 738 X1v
486 701 526 737 *ε
560 701 712 737 Gratias
740 711 816 749 ago
837 701 920 736 Deo
951 711 1034 736 meo
1064 699 1166 747 quod
1195 699 1365 735 omnium

293 762 455 792 vestrum
486 730 621 803 lingua
661 753 806 801 loquor.
847 753 939 790 Non
973 760 1102 789 autem
1141 751 1193 788 sic
1227 760 1282 788 est
1317 751 1394 788 de

52 821 124 848 ·Qu.
136 824 263 847 mx1,a.rt
294 810 396 846 dono
433 806 675 856 prophetiae,
711 814 752 843 ut
787 818 902 855 supra
926 805 946 827 ’¹‘
979 806 1123 843 dictum
1155 813 1220 842 est.
1261 806 1364 853 Ergo

51 1140 60 1148 ⁸
75 1138 140 1160 Vers.
155 1138 189 1160 28.

293 863 438 899 donum
467 860 683 907 linguarum
702 859 853 896 videtur
872 872 955 896 esse
977 858 1217 896 excellentius
1246 871 1363 907 quam
1391 864 1393 907 j

292 918 439 952 donum
469 913 705 962 prophetiae.

344 980 381 1014 4.
416 967 653 1014 PRAETEREA,
683 966 938 1014 interpretatio
966 978 1184 1003 sermonum
1213 965 1365 1003 videtur
1390 966 1392 1016 J

292 1020 476 1058 contineri
506 1021 576 1057 sub
604 1020 826 1069 prophetia:
856 1019 945 1068 quia
975 1020 1193 1068 Scripturae
1224 1020 1363 1056 eodem

292 1074 433 1123 Spiritu
463 1082 705 1122 exponuntur
743 1086 819 1122 quo
850 1081 937 1110 sunt
967 1073 1100 1110 editae.
1141 1073 1218 1110 Sed
1252 1073 1363 1110 inter-

290 1127 451 1177 pretatio
481 1139 719 1174 sermonum,
750 1128 764 1163 Ι
785 1127 836 1164 ad
859 1127 946 1164 Cor.
967 1126 1066 1174 X11*,
1095 1127 1249 1175 ponitur
1277 1134 1364 1175 post

289 1193 432 1231 genera
465 1181 701 1231 linguarum.
740 1181 844 1228 Ergo
878 1180 1032 1218 videtur
1070 1180 1175 1228 quod
1215 1180 1362 1217 donum

290 1235 505 1282 linguarum
536 1234 582 1271 sit
610 1234 851 1271 excellentius
881 1246 999 1282 quam
1021 1234 1168 1270 donum
1198 1234 1364 1283 prophe·
1390 1259 1391 1270 ι

290 1288 374 1334 tiae,
404 1288 571 1324 maxime
601 1295 787 1336 quantum
818 1288 864 1324 ad
895 1287 1062 1336 aliquam
1090 1287 1170 1324 eius
1199 1296 1361 1335 partem.
1390 1326 1391 1331 ,

345 1342 418 1378 SED
453 1353 599 1378 CONTRA
633 1354 699 1378 EST
734 1341 840 1390 quod
876 1342 1086 1389 Apostolus
1123 1340 1232 1388 dicit,
1271 1342 1283 1377 I
1313 1341 1391 1378 ad³

295 1396 381 1431 Cor.
409 1406 470 1431 xlv
492 1394 531 1431 *z
570 1395 706 1432 Maior
740 1400 794 1431 est
829 1395 895 1442 qui
923 1396 1129 1443 prophetat
1155 1406 1269 1442 quam
1300 1395 1365 1443 qui

290 1449 456 1497 loquitur
483 1448 636 1498 linguis.

344 1503 570 1538 Responnsso
600 1513 786 1538 DtCENDUM
820 1501 926 1549 quod
961 1502 1108 1538 donum
1137 1500 1362 1550 prophetiae
1390 1526 1391 1550 ,

292 1554 439 1592 excedit
467 1555 613 1592 donum
643 1555 858 1603 linguarum
888 1554 1092 1603 tripliciter.
1123 1555 1254 1592 Primo
1281 1555 1363 1603 qui-

292 1609 394 1655 dem,
425 1608 515 1657 quia
544 1608 690 1645 donum
711 1608 925 1656 linguarum
947 1608 1106 1645 refertur
1125 1608 1175 1645 ad
1195 1608 1363 1645 diversas

289 1674 408 1699 voces
436 1662 704 1721 proferendas,
735 1673 834 1710 quae
868 1669 956 1698 sunt
987 1661 1094 1709 signa
1122 1662 1280 1699 alicuius
1308 1662 1363 1698 in-

290 1714 487 1774 telligibilis
515 1715 703 1752 veritatis:
735 1715 842 1751 cuius
863 1714 975 1751 etiam
997 1714 1103 1762 signa
1131 1723 1218 1752 sunt
1247 1727 1363 1774 quae-

291 1769 380 1805 dam
410 1768 492 1827 ipsa
520 1769 788 1817 phantasmata
809 1780 908 1815 quae
934 1768 1148 1805 secundum
1179 1768 1362 1816 imagina—

290 1821 385 1858 riam
422 1821 612 1858 visionem
649 1828 854 1870 apparent;
893 1821 997 1857 unde
1036 1829 1072 1858 et
1103 1821 1360 1869 Augustinus,

290 1875 358 1911 XII
388 1886 505 1923 super
531 1875 624 1912 Gen.
655 1875 707 1911 ad
732 1875 797 1911 litt.
819 1873 858 1920 ²⁸,
889 1882 1089 1922 comparat
1118 1874 1264 1912 donum
1294 1874 1361 1911 lin-

288 1940 450 1976 guarum
479 1927 617 1965 visioni
651 1927 910 1975 imaginariae.
950 1927 1105 1964 Dictum
1142 1936 1197 1965 est
1231 1935 1359 1964 autem

46 1986 129 2034 {HQ
158 1991 259 2012 mmm
288 1993 403 2029 supra
421 1980 442 2002 ’¹‘
470 1982 574 2030 quod
605 1981 751 2019 donum
779 1980 1005 2030 prophetiae
1031 1981 1201 2018 consistit
1220 1981 1258 2018 in
1280 1981 1361 2030 ipsa

44 2178 87 2197 art.

286 2034 564 2071 illuminatione
595 2035 734 2072 mentis
769 2035 818 2072 ad
848 2034 1160 2082 cognoscendum
1191 2035 1361 2083 intelligi-

287 2088 403 2124 bilem
417 2088 630 2125 veritatem.
651 2088 764 2126 Unde
780 2088 875 2126 sicut
884 2088 1118 2148 prophetica
1135 2088 1359 2126 illuminatio

83 2148 129 2196 Q
159 2153 242 2170 cum
251 2164 257 2175 ι
287 2141 529 2179 excellentior
558 2150 613 2179 est
641 2154 760 2202 quam
780 2141 1000 2189 imaginaria
1020 2141 1131 2191 visio,
1151 2150 1193 2180 ut
1213 2141 1362 2191 supra*

286 2194 460 2232 habitum
489 2203 565 2242 est;
594 2196 644 2232 ita
665 2195 779 2232 etiam
807 2195 1051 2232 excellentior
1078 2203 1134 2233 est
1161 2195 1361 2245 prophetia

287 2261 403 2297 quam
437 2249 585 2286 donum
620 2249 836 2297 linguarum
871 2250 1083 2286 secundum
1117 2262 1158 2286 se
1188 2249 1361 2286 conside-

289 2310 427 2338 ratum.

343 2355 543 2402 Secundo,
574 2355 663 2404 quia
692 2356 838 2392 donum
867 2354 1092 2404 prophetiae
1121 2355 1285 2404 pertinet
1313 2355 1362 2392 ad

288 2420 416 2445 rerum
445 2408 641 2445 notitiam:
673 2420 774 2456 quae
803 2415 859 2445 est
887 2408 1052 2446 nobilior
1084 2421 1201 2456 quam
1230 2408 1363 2446 notitia

287 2473 446 2508 vocum,
475 2462 524 2498 ad
554 2474 671 2510 quam
700 2461 861 2510 pertinet
890 2461 1038 2499 donum
1067 2461 1294 2510 linguarum.

342 2514 487 2562 Tertio,
509 2515 599 2563 quia
628 2515 776 2552 donum
805 2515 1031 2564 prophetiae
1061 2523 1116 2552 est
1144 2515 1284 2553 utilius.
1315 2515 1364 2552 Et

288 2569 363 2605 hoc
392 2568 549 2617 quidem
579 2569 718 2617 probat
745 2569 970 2618 Apostolus,
992 2569 1005 2605 1
1027 2569 1078 2605 ad
1100 2569 1187 2606 Cor.
1208 2581 1280 2615 xlv,
1301 2568 1363 2605 tri-

48 2622 231 2651 ·Vers-ssqq·
287 2621 443 2670 pliciter,
475 2622 606 2659 Primo
636 2622 794 2671 quidem
813 2621 844 2668 ³⁸,
874 2622 962 2671 quia
986 2622 1189 2671 prophetia
1216 2630 1272 2659 est
1293 2622 1362 2659 uti-

287 2675 358 2712 lior
390 2675 439 2712 ad
467 2675 773 2713 aedificationem
805 2675 1022 2712 Ecclesiae:
1062 2675 1112 2713 ad
1146 2688 1263 2725 quam
1297 2676 1363 2724 qui

288 2728 454 2778 loquitur
473 2729 610 2777 linguis
629 2729 721 2766 nihil
739 2728 908 2778 prodest,
931 2729 1002 2766 nisi
1027 2729 1211 2778 expositio
1232 2730 1363 2766 subse-

49 2788 58 2796 ·
73 2787 139 2809 vm.
155 2793 179 2814 ¹4
193 2793 245 2816 sqq-
290 2790 439 2831 quatur.
466 2804 489 2811 -
517 2783 698 2820 Secundo
718 2782 749 2829 '¹‘‚
771 2790 958 2831 quantum
979 2782 1028 2820 ad
1053 2783 1182 2832 ipsum
1202 2783 1363 2832 loquen-

289 2844 386 2872 tem:
417 2835 482 2884 qui
511 2836 543 2872 si
574 2836 763 2886 acciperet
790 2843 831 2873 ut
860 2836 1080 2885 loqueretur
1109 2836 1268 2874 diversis
1297 2836 1364 2874 lin—

289 2889 371 2937 guis
401 2889 480 2926 sine
512 2890 586 2926 hoc
616 2889 721 2937 quod
747 2889 966 2937 intelligeret
994 2889 1114 2938 (quod
1134 2890 1296 2939 pertinet
1315 2890 1363 2927 ad

289 2942 557 2992 propheticum
587 2943 763 2989 donum),
794 2955 904 2980 mens
925 2943 1006 2980 eius
1035 2955 1113 2980 non
1142 2943 1362 2980 aedificare-

50 3000 59 3009 ·
74 2999 140 3021 Vm·
156 3005 177 3021 ²¹
192 3006 242 3028 ψ’
290 3004 361 3033 tur.
383 3018 407 3024 -
423 2996 556 3033 Tertio
567 2997 599 3044 ¹¹¹,
621 3004 806 3045 quantum
823 2996 872 3034 ad
892 2996 1077 3043 infideles,
1094 3005 1251 3046 propter
1265 3009 1363 3046 quos

151 3155 165 3189 β

290 3050 493 3099 praecipue
523 3049 674 3087 videtur
693 3061 776 3087 esse
806 3049 938 3088 datum
959 3051 1106 3087 donum
1126 3050 1361 3098 linguarum:

291 3103 355 3152 qui
384 3103 542 3152 quidem
571 3103 667 3140 forte
688 3115 755 3140 eos
784 3103 848 3152 qui
870 3105 1118 3152 loquerentur
1145 3103 1281 3153 linguis
1306 3116 1362 3141 re-

290 3154 500 3205 putarent!³
528 3156 704 3203 insanos3
741 3156 837 3194 sicut
866 3165 902 3194 et
931 3157 1060 3195 Iudaei
1090 3165 1363 3206 reputaverunt

346 3271 370 3304 ’,)
390 3274 589 3304 reputarent.-
606 3274 747 3304 reputaret
765 3270 917 3304 ABFILpK.

343 3307 370 3340 γ)
386 3315 438 3339 per
451 3307 652 3340 propheti'asff
666 3314 718 3340 per
731 3308 880 3340 prophetas
904 3307 1058 3338 BCEFIKL,
1073 3309 1241 3341 prophetans
1259 3309 1295 3339 D;
1315 3316 1364 3342 pro

292 3341 406 3370 infidelis
428 3343 639 3373 convinceretur,
658 3343 737 3369 homo
761 3343 930 3369 convincitur
953 3344 994 3370 ed.
1012 3351 1039 3373 a,
1059 3344 1177 3378 infideles
1202 3345 1364 3374 convincun-

293 3380 338 3402 tur
324 3377 390 3444 νζ,
413 3378 532 3411 infideles
557 3379 746 3405 convincerent
765 3379 938 3413 H,infide1es
963 3383 1150 3406 converterent
1171 3380 1276 3414 1);pro
1298 3380 1363 3411 eius,

293 3413 336 3437 sui
390 3420 482 3439 eorum
502 3414 533 3439 D

1393 698 1576 750 lumine,
1607 700 1676 736 sed
1705 699 1819 737 etiam
1847 701 2030 750 percipiat
2048 700 2061 724 δ
2090 703 2354 763 imaginariam
2379 704 2495 742 visio-

1392 764 1521 808 nem.
1553 753 1607 788 Ita
1636 753 1750 789 etiam
1779 753 1828 790 ad
1857 755 2132 802 perfectionem
2156 757 2387 806 operationis
2413 757 2496 806 Spi-

1392 786 1512 843 lritus
1548 806 1676 842 Sancti
1713 806 1876 855 pertinet
1912 809 2018 856 quod
2057 821 2136 845 non
2173 810 2299 847 solum
2338 811 2496 870 impleat

1420 866 1590 895 mentem
1625 859 1770 896 lumine
1807 861 2033 921 prophetico
2067 869 2103 898 et
2129 863 2370 922 phantasiam
2400 864 2495 901 ima-

1391 911 1392 952 l
1418 912 1564 959 ginaria
1592 912 1752 961 visione,
1774 913 1869 950 sicut
1898 923 1976 952 erat
2005 915 2043 952 in
2070 916 2190 952 veteri
2220 917 2493 954 Testamento:

1419 966 1487 1002 sed
1508 967 1622 1002 etiam
1643 966 1807 1003 exterius
1837 967 2006 1015 linguam
2028 968 2176 1006 erudiat
2194 970 2243 1006 ad
2262 970 2369 1008 varia
2387 971 2495 1019 signa

1418 1019 1659 1056 locutionum
1687 1020 1929 1069 proferenda.
1961 1022 2079 1069 Quod
2109 1029 2232 1059 totum
2262 1023 2305 1060 fit
2330 1023 2370 1060 in
2387 1037 2493 1062 novo

1418 1073 1686 1110 Testamento:
1708 1075 1920 1112 secundum
1942 1074 2034 1112 illud
2051 1076 2063 1111 I
2080 1076 2132 1112 ad
2145 1076 2232 1113 Cor.
2244 1076 2352 1113 X1v*:
2373 1078 2494 1114 Unus-

1418 1128 1574 1175 quisque
1591 1132 1757 1164 vestrum
1780 1128 1974 1176 psalmum
1994 1130 2117 1176 hahet,
2138 1130 2350 1167 doctrinam
2369 1130 2493 1177 habet,

1417 1181 1592 1230 linguam
1625 1181 1753 1228 habet,
1782 1182 2064 1231 apocalypsim,
2095 1183 2193 1220 idest
2225 1183 2494 1232 propheticam

1419 1234 1708 1281 revelationem,
1738 1236 1860 1272 habet.

1471 1289 1531 1324 AD
1560 1299 1752 1325 SECUNDUM
1781 1300 1968 1326 mCENDuM
1999 1289 2105 1336 quod
2134 1301 2203 1338 per
2227 1289 2375 1326 donum
2404 1302 2494 1338 pro-

1417 1341 1568 1390 phetIae
1613 1342 1733 1378 homo
1777 1342 1976 1379 ordinatur
2017 1342 2066 1379 ad
2104 1343 2234 1380 Deum
2277 1343 2494 1381 secundum

1416 1402 1607 1432 mentem:
1646 1395 1752 1444 quod
1790 1403 1846 1433 est
1883 1395 2049 1432 nobilius
2084 1408 2202 1444 quam
2241 1396 2407 1434 ordinari
2444 1396 2494 1434 ad

1418 1460 1507 1485 eum
1539 1449 1753 1485 secundum
1772 1449 1953 1497 linguam.
1983 1449 2132 1486 Dicitur
2151 1457 2281 1486 autem
2301 1450 2409 1498 quod
2434 1450 2494 1487 ille

1419 1502 1485 1549 qui
1509 1502 1677 1551 loquitur
1705 1502 1833 1550 lingua
1849 1515 1923 1539 non
1944 1503 2110 1551 loquitur
2135 1503 2361 1550 hominibus,
2382 1503 2492 1551 idest,

1389 1589 1391 1599 ,
1418 1555 1466 1592 ad
1499 1555 1732 1593 intellectum
1769 1556 1972 1593 hominum
2000 1557 2064 1594 vel
2099 1556 2295 1594 utilitatem
2333 1569 2492 1595 eorum:

1389 1644 1390 1647 ,
1416 1609 1484 1645 sed
1514 1609 1563 1646 ad
1582 1609 1815 1646 intellectum
1835 1609 1952 1646 solius
1971 1609 2044 1646 Dei
2074 1618 2111 1646 et
2139 1610 2188 1648 ad
2217 1610 2372 1648 laudem
2398 1610 2492 1648 eius.

1389 1651 1391 1683 ἶ
1419 1662 1497 1699 Sed
1516 1674 1585 1711 per
1602 1663 1845 1712 prophetiam
1866 1663 2065 1700 ordinatur
2084 1663 2219 1712 aliquis
2239 1671 2276 1700 et
2295 1665 2343 1701 ad
2363 1665 2492 1702 Deum

1388 1717 1390 1770 j
1419 1723 1455 1752 et
1483 1716 1531 1752 ad
1559 1716 1791 1764 proximum.
1822 1716 1933 1754 Unde
1964 1724 2020 1753 est
2047 1717 2249 1765 perfectius
2275 1717 2437 1755 donum.

1470 1769 1530 1805 An
1557 1780 1719 1806 TERTmM
1748 1781 1934 1807 mesanum
1963 1770 2069 1819 quod
2107 1770 2289 1808 revelatio
2324 1771 2492 1820 prophe·

1388 1825 1390 1862 i
1417 1821 1490 1858 tica
1519 1833 1559 1858 se
1589 1822 1755 1860 extendit
1784 1823 1832 1860 ad
1863 1823 1995 1860 omnia
2023 1823 2328 1873 supernaturalia
2351 1836 2493 1873 cogno-

1388 1909 1389 1917 ,
1415 1875 1569 1912 scenda.
1599 1875 1710 1913 Unde
1741 1888 1787 1912 ex
1807 1875 1888 1912 eius
1907 1876 2142 1925 perfectione
2173 1877 2357 1925 contingit
2383 1877 2491 1927 quod

1415 1927 1453 1964 in
1491 1935 1589 1964 statu
1626 1928 1924 1977 imperfectionis
1962 1929 2074 1966 huius
2110 1929 2212 1967 vitae
2250 1942 2331 1967 non
2366 1938 2493 1979 potest

1414 2035 1510 2071 fecte
1530 2047 1599 2083 per
1619 2036 1780 2073 modurn
1801 2035 1987 2085 passionis
2007 2036 2222 2075 cuiusdam.
2244 2037 2322 2074 Sed
2343 2037 2490 2075 donum

1415 2088 1631 2136 linguarum
1661 2102 1701 2126 se
1732 2089 1898 2127 extendit
1925 2089 1975 2128 ad
2004 2090 2263 2138 cognitionem
2293 2091 2491 2140 quandam

1415 2141 1684 2190 particularem
1709 2147 1742 2190 ⁸,
1776 2142 1917 2180 scilicet
1949 2155 2095 2181 vocum
2130 2144 2402 2182 humanarum.
2442 2144 2492 2182 Et

1416 2196 1503 2233 ideo
1525 2208 1603 2233 non
1624 2204 1809 2245 repugnat
1826 2196 2105 2246 imperfectioni
2131 2198 2244 2236 huius
2262 2197 2364 2236 vitae
2384 2197 2491 2246 quod

1415 2249 1582 2297 perfecte
1610 2248 1648 2286 vet
1676 2250 1916 2287 habitualiter
1942 2251 2141 2289 habeatur.

1470 2305 1528 2339 An
1545 2314 1719 2345 QUARTUM
1735 2315 1921 2341 mceunum
1941 2305 2046 2354 quod
2066 2304 2325 2354 interpretatio
2345 2316 2492 2342 sermo·

1417 2367 1512 2393 num
1531 2363 1658 2405 potest
1678 2356 1808 2394 reduci
1829 2357 1878 2394 ad
1898 2358 2044 2395 donum
2065 2358 2310 2407 prophetiae:
2331 2357 2492 2408 inquan-

1417 2416 1499 2446 tum
1538 2409 1677 2447 scilicet
1710 2422 1820 2447 mens
1853 2410 2086 2448 illuminatur
2119 2411 2169 2449 ad
2203 2411 2490 2460 intelligendum

1418 2469 1455 2499 et
1483 2463 1756 2511 exponendum
1785 2476 2054 2513 quaecumque
2083 2464 2228 2502 suntin
2248 2465 2491 2503 sermonibus

1417 2515 1597 2564 obscura,
1627 2517 1709 2554 sive
1738 2525 1896 2566 propter
1923 2517 2186 2556 difficultatem
2216 2530 2346 2556 rerum
2380 2518 2492 2568 signi-

1417 2569 1630 2617 ficatarum,
1660 2570 1742 2607 sive
1765 2571 1878 2608 etiam
1907 2578 2064 2621 propter
2082 2571 2184 2621 ipsas
2202 2583 2322 2609 voces
2343 2572 2492 2620 ignotas

1417 2635 1516 2672 quae
1537 2625 1791 2672 proferuntur,
1813 2625 1894 2662 sive
1914 2625 2030 2662 etiam
2050 2633 2208 2675 propter
2227 2625 2492 2664 similitudines

1418 2689 1546 2714 rerum
1575 2677 1783 2724 adhibitas3
1813 2678 2028 2716 secundum
2058 2678 2150 2716 illud
2178 2679 2278 2716 Dan.
2299 2691 2323 2716 v
2341 2678 2381 2716 *ε
2410 2680 2490 2716 Au-

1418 2730 1497 2767 divi
1521 2731 1567 2767 de
1594 2736 1628 2767 te
1655 2732 1758 2779 quod
1777 2732 1901 2780 possis
1928 2733 2090 2769 obscura
2119 2732 2362 2782 interpretari
2386 2738 2423 2770 et
2447 2732 2491 2770 li-

1417 2789 1509 2833 gata
1533 2784 1746 2822 dissolvere.
1776 2785 1888 2823 Unde
1909 2784 2168 2835 interpretatio
2188 2797 2413 2823 sermonum
2434 2793 2491 2824 est

1417 2837 1543 2886 potior
1572 2850 1689 2887 quarn
1719 2838 1867 2877 donum
1896 2839 2135 2888 linguarum:
2165 2846 2207 2877 ut
2231 2846 2337 2888 patet
2364 2851 2434 2888 per
2452 2839 2490 2876 id

1418 2891 1523 2940 quod
1551 2892 1762 2940 Apostolus
1791 2892 1892 2939 dicit,
1923 2894 1936 2929 I
1957 2893 2009 2930 ad
2031 2893 2118 2930 Cor.
2139 2904 2201 2930 xiv
2218 2891 2255 2930 *z
2284 2892 2420 2930 Maior
2438 2898 2492 2930 est

1417 2945 1484 2993 qui
1506 2946 1708 2993 prophetat
1724 2957 1839 2994 quam
1859 2946 1925 2995 qui
1941 2946 2107 2995 loquitur
2124 2945 2277 2996 linguis,
2298 2945 2372 2982 nisi
2380 2947 2491 2994 sorte

1418 2998 1690 3046 interpretetur.
1720 2999 1969 3049 Postponitur
1988 3006 2115 3037 autem
2134 2998 2393 3048 interpretatio
2414 3011 2490 3036 ser-

1418 3063 1580 3088 monum
1611 3051 1715 3090 dono
1744 3052 1974 3101 linguarum,
1995 3052 2086 3102 quia
2105 3051 2219 3090 etiam
2239 3053 2288 3090 ad
2306 3052 2488 3102 interpre-

1418 3105 1579 3142 tandum
1614 3105 1767 3147 diversa
1803 3106 2020 3155 linguarum
2056 3117 2196 3155 genera
2230 3105 2489 3155 interpretatio

1389 3188 1393 3205 ,
1419 3170 1647 3196 sermonum
1678 3171 1718 3196 se
1749 3159 1926 3199 extendit.

1471 3272 1496 3305 δ)
1511 3274 1655 3307 percipiat.
1667 3288 1687 3294 —
1701 3274 1853 3307 participat
1873 3273 1982 3303 BEFIL,
1997 3273 2145 3306 participet
2167 3273 2265 3307 HKpC,
2281 3274 2434 3307 participat
2449 3281 2490 3301 u-

1416 3310 1715 3378 cunzuztatti'cularem.
1728 3359 1748 3365 -
1761 3344 1962 3378 panicularum
1981 3344 2057 3376 ΑΒΕ,
2072 3344 2282 3377 particularium
2301 3345 2334 3371 D.

973 3477 1311 3511 Commentaria
1331 3477 1587 3511 Cardinaus
1609 3477 1813 3511 Caietam

298 3556 344 3619 IN
369 3545 500 3576 articulo
518 3547 657 3584 secundo
674 3547 817 3578 eiusdem
833 3548 1030 3588 quaestionis
1047 3549 1362 3590 centesimaeseptua-

325 3590 576 3630 gesimaesextae,
603 3591 728 3621 adverte
752 3591 960 3623 differentiam
984 3593 1064 3623 inter
1097 3593 1238 3633 primum
1262 3600 1293 3624 et
1316 3602 1361 3624 se-

295 3635 437 3666 cundum
471 3644 634 3665 excessum
669 3635 854 3675 prophetiae
883 3646 978 3677 super
1013 3637 1137 3668 donum
1170 3637 1362 3677 linguarum.

1417 3548 1581 3586 Quoniam
1600 3547 1722 3588 primus
1746 3547 1917 3579 attenditur
1933 3558 2030 3589 penes
2053 3549 2161 3589 ipsum
2178 3556 2286 3580 actum
2309 3547 2486 3590 utriusque,

1417 3592 1535 3623 scilicet
1557 3591 1743 3632 prophetiae
1767 3600 1797 3623 et
1821 3593 1896 3622 doni
1921 3593 2116 3634 linguarum:
2142 3593 2298 3635 quoniam
2331 3592 2407 3623 doni
2431 3592 2489 3623 lin-

1418 3646 1555 3677 guarum
1578 3643 1667 3668 actus
1690 3643 1736 3668 est
1760 3647 1837 3668 usus
1861 3637 2043 3677 signorum,
2064 3638 2096 3669 id
2121 3645 2168 3670 est
2190 3646 2326 3675 vocum;
2351 3636 2488 3678 prophe-

2526 447 2536 456 ·
2550 446 2618 469 Vere.
2634 453 2663 476 ¹3.

2621 483 2638 510 γ

2524 548 2610 603 areQnu,
2618 554 2739 597 acin'un'

2522 1080 2665 1104 ’νοητὰ

1415 1981 1550 2018 haberi
1578 1982 1745 2031 perfecte
1772 1994 1843 2031 per
1866 1982 2030 2020 modum
2059 1983 2223 2031 habitus,
2253 1983 2322 2020 sed
2350 1983 2491 2033 imper·
2532 1997 2536 2001 ’

2518 2682 2657 2707 'Ver-‚¹6-

2518 2897 2643 2928 ’νη-,5.
