2768 4198
873 256 1142 302 QUAEsrio
1173 256 1383 304 cxxvm,
1414 243 1713 294 AarlcuLus
1742 256 1936 294 UN1cus
2457 258 2498 294 51

564 475 978 551 QUAESTIO
1025 475 2251 533 CENTESIMAVIGESIMAOCTAVA

963 596 1047 636 DE
1080 595 1382 637 PARTIBUS
1416 596 1852 637 FORTITUDINIS

143 747 175 769 q..
197 745 270 762 mm
309 708 500 791 Diuum:
538 698 860 736 considerandum
898 707 954 735 est
983 699 1030 736 de
1069 699 1240 748 partibus
1278 699 1381 736 forti·
1434 700 1507 737 sint
1534 700 1765 737 fortitudinis
1784 708 1930 749 partes;
1961 701 2145 744 secundo,
2167 700 2215 738 de
2245 700 2399 749 singulis
2425 713 2511 749 par-

130 767 152 789 d.

66 743 76 754 ⁸
92 741 127 764 α’
392 751 532 789 tudinis
550 751 582 789 ²¹⁸.
612 752 662 789 Et
689 753 815 801 primo
843 752 1167 790 considerandum
1195 761 1251 790 est
1281 765 1379 801 quae
1434 754 1533 790 tibus
1562 761 1619 790 est
1646 754 1840 801 agendum
1854 753 1886 791 ²³⁸.
2540 758 2548 765 ⁴
2564 755 2703 783 ρι’-ω’*-

65 768 129 790 Intro

1129 862 1450 905 ARTICULUS
1482 863 1701 906 UNICUS

706 956 863 987 UTRUM
887 955 1230 988 CONVENOENTER
1252 956 1419 987 PARTES
1443 955 1754 987 FORTITUDINIS
1783 956 2115 987 ENUMERENTUR

1134 1044 1164 1068 111
1185 1044 1268 1073 Sem„
1289 1044 1348 1069 dist.
1367 1051 1453 1074 xxxxii,
1473 1051 1518 1076 qu.
1538 1051 1576 1074 111,
1596 1050 1644 1068 art.
1664 1043 1688 1068 3.

399 1149 405 1171 ;
429 1151 501 1193 'sq'
524 1147 547 1171 n
575 1146 714 1171 PRIMUM
740 1146 794 1171 stc
822 1144 1065 1170 pnoeznrrun.
1094 1132 1256 1169 Videtur
1275 1132 1382 1181 quod
1408 1135 1410 1167 ἶ
1435 1131 1600 1180 politica,
1631 1144 1731 1179 quae
1760 1131 1906 1169 fortiter
1941 1140 2120 1180 operatur
2146 1141 2304 1181 propter
2331 1134 2511 1171 timorem

349 1146 354 1159 l
382 1159 389 1163 t

342 1174 497 1244 ἱζῗῇ
525 1187 842 1225 inconvenienter
876 1194 1004 1236 partes
1032 1185 1262 1222 fortitudinis
1291 1197 1384 1222 enu-
1409 1217 1410 1230 2
1437 1185 1750 1222 exhonorationis
1791 1186 1854 1222 vel
1892 1198 2064 1234 poenae;
2108 1187 2278 1223 secunda
2321 1187 2510 1235 militaris,

332 1238 375 1280 ,Υ
393 1254 451 1280 v,
476 1244 495 1277 ὅ
526 1249 731 1278 merentur.
761 1240 911 1277 Tullius
938 1240 1054 1286 enim,
1084 1239 1122 1275 in
1151 1251 1221 1275 sua
1244 1239 1383 1275 Rheto-
1438 1250 1537 1288 quae
1576 1238 1721 1275 fortiter
1757 1247 1938 1287 operatur
1972 1247 2128 1288 propter
2164 1247 2286 1276 artem
2326 1248 2362 1277 et
2400 1253 2512 1289 expe-

12 1314 13 1317 =
67 1292 351 1352 235an
370 1266 606 1332 ζ“ῑ”’γ“ι’(;α
620 1294 652 1342 ²⁸,
672 1293 783 1343 ponit
801 1292 1030 1330 fortitudinis
1050 1300 1217 1342 quatuor
1235 1300 1381 1340 partes:
1438 1292 1612 1329 rientiam
1647 1291 1700 1328 rei
1737 1292 1917 1338 bellicae;
1955 1293 2065 1329 tertia
2101 1300 2156 1329 est
2192 1292 2373 1330 fortitudo
2413 1307 2512 1342 quae

1409 1343 1411 1355 A

1410 1361 1411 1372 i

67 1357 113 1374 '⁴'-
311 1335 456 1385 scilicet'
479 1348 826 1398 magnificentiam,
853 1346 1066 1395 fiduciam,
1092 1346 1317 1394 patientiam
1347 1353 1383 1382 et
1410 1373 1411 1413 1
1438 1345 1583 1382 fortiter
1620 1353 1801 1394 operatur
1840 1358 1884 1382 ex
1921 1346 2102 1394 passione
2119 1374 2128 1392 ,
2163 1346 2371 1395 praecipue
2413 1347 2512 1394 irae;

305 1402 643 1451 perseverantiam.
674 1401 723 1438 Et
749 1400 900 1438 videtur
928 1401 1033 1449 quod
1054 1399 1382 1436 inconvenienter.
1410 1420 1411 1446 1
1438 1406 1574 1449 quarta
1603 1407 1659 1435 est
1687 1398 1868 1436 fortitudo
1903 1411 2002 1448 quae
2036 1399 2181 1436 fortiter
2212 1408 2394 1446 operatur
2426 1413 2513 1449 pro—

310 1455 597 1503 Magnificentia
626 1453 729 1491 enim
757 1454 910 1491 videtur
937 1453 986 1490 ad
1006 1453 1271 1490 liberalitatem
1300 1465 1386 1502 per·
1410 1452 1412 1501 j
1438 1460 1523 1503 pter
1547 1452 1866 1490 consuetudinem
1886 1452 2091 1499 victoriae3
2121 1453 2251 1502 quinta
2279 1461 2408 1490 autem
2437 1459 2515 1491 est*

309 1508 448 1546 tinere:
469 1508 558 1558 quia
576 1515 738 1556 utraque
759 1515 816 1544 est
835 1507 934 1544 circa
952 1507 1150 1556 pecunias,
1182 1514 1219 1543 et
1238 1518 1386 1543 necesse
1411 1508 1412 1545 ἒ
1440 1518 1539 1556 quae
1568 1505 1713 1543 fortiter
1740 1514 1921 1555 operatur
1947 1514 2106 1555 propter
2134 1507 2389 1555 ignorantiam
2417 1507 2515 1556 peri-

309 1567 364 1600 est
377 1562 626 1616 magnificum
641 1560 835 1598 liberalem
851 1568 993 1607 esse,ut
1007 1560 1267 1610 Philosophus
1283 1559 1384 1608 dicit,
1411 1558 1413 1576 ²
1440 1561 1626 1597 culorum.
1658 1560 1738 1597 Has
1758 1568 1888 1597 autem
1909 1560 2148 1597 fortitudines
2174 1561 2276 1597 nulla
2304 1561 2515 1610 praedicta-

19 1646 22 1650 .
66 1618 94 1668 ὲ
141 1623 282 1667 figgtffgs
310 1615 349 1653 in
369 1615 422 1652 IV
438 1615 559 1652 Ethic.
579 1614 599 1637 ’¹‘
628 1615 707 1652 Sed
735 1614 938 1652 liberalitas
968 1622 1024 1651 est
1042 1626 1130 1664 pars
1150 1613 1324 1661 iustitiae,
1344 1621 1387 1651 ut
1440 1626 1525 1651 rum
1555 1613 1791 1650 divisionum
1807 1612 1820 1639 ζ
1849 1614 2028 1651 continet.
2058 1614 2160 1662 Ergo
2186 1614 2401 1663 praedictae
2422 1627 2514 1652 enu-
2640 1621 2655 1651 t

67 1675 282 1706 ’Qunam-⁵·
310 1667 461 1719 supra*
488 1669 663 1706 habitum
692 1676 759 1706 est.
790 1669 894 1717 Ergo
915 1667 1201 1716 magnificentia
1220 1680 1299 1705 non
1320 1667 1386 1705 de·
1412 1690 1413 1706 i
1440 1667 1673 1705 merationes
1701 1667 1866 1716 partium
1893 1667 2120 1705 fortitudinis
2139 1667 2318 1705 videntur
2347 1681 2430 1705 esse
2460 1668 2514 1706 in-

17 1716 25 1730 *
310 1723 375 1760 bet
402 1722 495 1772 poni
523 1735 612 1772 pars
640 1721 881 1759 fortitudinis.
1412 1736 1414 1763 t
1441 1720 1728 1759 convenientes.

366 1788 402 1813 2.
432 1776 669 1824 PRAETEREA,
698 1775 842 1813 fiducia
871 1775 962 1812 nihil
991 1775 1094 1812 aliud
1123 1787 1206 1812 esse
1234 1774 1386 1812 videtur
1412 1774 1414 1817 i
1494 1776 1722 1812 RESPONDEO
1743 1786 1929 1812 DICENDUM
1950 1774 2068 1824 quod,
2090 1774 2186 1812 sicut
2206 1774 2351 1824 supra*
2371 1775 2513 1812 dictum
2545 1784 2616 1812 ·Qu-
2632 1789 2710 1806 xmu-

312 1841 429 1880 quam
450 1842 549 1879 speS.
582 1830 660 1867 Sed
679 1842 767 1878 spes
787 1841 867 1866 non
884 1829 1038 1866 videtur
1057 1828 1107 1865 ad
1126 1828 1386 1865 fortitudinem
1412 1826 1414 1860 l
1441 1836 1509 1874 est,
1540 1827 1698 1865 alicuius
1726 1828 1874 1865 virtutis
1894 1836 2056 1876 possunt
2081 1841 2163 1866 esse
2183 1828 2347 1877 triplices
2375 1837 2514 1878 partes,

167 1893 190 1919 α.
311 1883 514 1933 pertinere,
531 1883 599 1920 sed
619 1883 775 1932 ponitur
789 1895 859 1931 per
878 1887 948 1919 se‘
965 1881 1099 1920 virtus.
1126 1882 1229 1930 Ergo
1244 1881 1386 1918 fiducia
1412 1869 1414 1916 f
1441 1881 1581 1919 scilieet
1599 1881 1848 1929 subiectivae,
1870 1881 2069 1930 integrales
2099 1890 2135 1919 et
2160 1881 2398 1931 potentiales.
2422 1883 2515 1919 For-

313 1949 393 1974 non
423 1937 538 1974 debet
565 1936 658 1985 poni
687 1948 775 1985 pars
803 1935 1044 1973 fortitudinis.
1412 1932 1414 1975 Ξ
1440 1934 1591 1972 titudini
1620 1943 1763 1982 autem,
1794 1935 2006 1972 secundum
2028 1935 2134 1984 quod
2165 1943 2220 1972 est
2239 1935 2412 1984 specialis
2441 1936 2516 1974 vir-

370 1990 404 2027 3.
434 1991 668 2036 PRAETEREA,
698 1989 878 2027 fortitudo
899 1989 987 2026 facit
1005 1988 1205 2026 hominem
1225 1988 1324 2025 bene
1344 2000 1386 2024 se
1441 1996 1513 2036 tus,
1543 2001 1622 2025 non
1651 1997 1814 2038 possunt
1833 1989 2015 2037 assignari
2035 1997 2160 2038 partes
2190 1989 2443 2027 subiectivae:
2468 2002 2514 2027 eo

313 2043 457 2080 habere
478 2043 576 2080 circa
595 2043 776 2092 pericula.
794 2044 871 2080 Sed
891 2042 1177 2091 magnificentia
1193 2049 1229 2078 et
1243 2041 1387 2079 fiducia
1412 2039 1414 2081 i
1441 2041 1547 2091 quod
1577 2054 1655 2079 non
1685 2042 1866 2080 dividitur
1890 2043 1927 2080 in
1947 2043 2086 2081 multas
2114 2043 2271 2080 virtutes
2300 2043 2426 2092 specie
2448 2043 2516 2081 dif-

314 2109 393 2134 non
422 2096 632 2147 important
666 2097 704 2134 in
733 2096 791 2133 sui
821 2096 967 2134 ratione
996 2096 1166 2144 aliquam
1199 2095 1386 2132 habitudi—
1441 2096 1617 2142 ferentes,
1634 2096 1723 2145 quia
1744 2103 1800 2133 est
1820 2096 1919 2133 circa
1939 2096 2139 2134 materiam
2159 2097 2272 2134 valde
2293 2097 2513 2146 specialem.

314 2162 406 2188 nem
425 2150 475 2188 ad
494 2151 674 2200 pericula.
704 2150 808 2198 Ergo
838 2163 916 2187 non
936 2157 1133 2199 ponuntur
1153 2148 1386 2186 convenien-
1413 2199 1414 2202 Ἴ
1441 2149 1694 2197 Assignantur
1722 2157 1851 2187 autem
1882 2150 1915 2187 ei
1943 2158 2071 2199 partes
2099 2150 2208 2198 quasi
2236 2150 2449 2198 integrales,
2480 2158 2515 2188 et

313 2211 370 2241 ter
397 2212 525 2253 partes
552 2203 793 2242 fortitudinis.
1413 2231 1414 2254 Ξ
1440 2203 1687 2252 potentiales:
1718 2202 1918 2251 integrales
1938 2204 2095 2253 quidem
2117 2204 2331 2241 secundum
2353 2216 2397 2241 ea
2417 2217 2515 2252 quae

73 2267 153 2289 ’Loc-
171 2266 209 2289 eit-
367 2269 405 2304 4.
434 2258 668 2304 PRAETEREA,
697 2256 889 2305 patientia,
922 2255 1136 2293 secundum
1165 2255 1336 2292 Tullium
1352 2254 1385 2302 ²⁸,
1413 2268 1414 2284 ³
1441 2264 1593 2305 oportet
1622 2268 1850 2294 concurrere
1879 2257 1928 2294 ad
1958 2265 2086 2294 actum
2107 2257 2353 2303 fortitudinis3
2383 2266 2517 2307 poten-

313 2310 492 2360 importat
535 2310 745 2359 difficilium
784 2310 1088 2359 perpessionem:
1125 2308 1231 2357 quod
1269 2308 1384 2345 etiam
1412 2314 1414 2362 j
1440 2309 1548 2347 tiales
1586 2317 1715 2347 autem
1745 2310 1959 2348 secundum
1997 2310 2102 2361 quod
2133 2324 2178 2348 ea
2206 2323 2306 2360 quae
2334 2311 2516 2349 fortitudo

73 2369 156 2392 ’RM-
311 2363 428 2413 ipse*
445 2363 614 2401 attribuit
633 2363 855 2401 fortitudini.
882 2363 986 2412 Ergo
1006 2362 1187 2412 patientia
1207 2370 1264 2399 est
1283 2362 1385 2400 idern
1412 2368 1414 2420 l
1442 2364 1623 2401 observat
1653 2363 1752 2401 circa
1781 2364 2020 2412 difficillima,
2052 2364 2192 2402 scilicet
2222 2365 2321 2402 circa
2348 2364 2517 2414 pericula

100 2430 103 2431 ⁷
171 2423 181 2435 ³
313 2416 534 2464 fortitudini,
555 2425 591 2454 et
619 2430 699 2455 non
729 2426 784 2454 est
811 2429 900 2467 pars
929 2417 1021 2454 eius.
1412 2437 1414 2455 1
1442 2417 1587 2464 mortis,
1605 2417 1754 2467 aliquae
1775 2418 1871 2455 aliae
1885 2418 2042 2456 virtutes
2062 2419 2271 2456 observant
2291 2418 2389 2456 circa
2404 2431 2517 2467 quas—

370 2471 403 2508 5.
434 2471 669 2519 PRAETEREA,
699 2471 790 2509 illud
811 2472 917 2519 quod
938 2469 1142 2519 requiritur
1161 2469 1199 2506 in
1218 2469 1388 2518 qualibet
1442 2471 1532 2509 dam
1554 2471 1644 2509 alias
1665 2472 1842 2509 materias
1862 2472 1990 2510 minus
2012 2472 2201 2518 difficiles;
2232 2485 2332 2521 quae
2358 2473 2516 2521 quidem

0 2556 11 2580 b,
310 2524 462 2571 virtute,
483 2537 562 2562 non
584 2525 700 2562 debet
717 2524 811 2574 poni
829 2537 918 2574 pars
937 2524 1095 2561 alicuius
1119 2522 1293 2572 specialis
1312 2523 1387 2560 vir·
1440 2525 1600 2562 virtutes
1628 2525 1886 2574 adiunguntur
1914 2526 2125 2564 fortitudini
2150 2526 2247 2563 sicut
2266 2526 2516 2564 secundariae

0 2579 21 2611 ’ἴ
311 2577 412 2616 tutis.
444 2578 521 2616 Sed
540 2578 827 2628 perseverantia
846 2577 1049 2627 requiritur
1068 2577 1106 2614 in
1126 2576 1294 2626 qualibet
1312 2577 1388 2615 vir·
1440 2578 1652 2629 principali.

0 2614 12 2681 f
71 2635 207 2666 ’Vm-¹³·
310 2639 409 2669 tute:
441 2631 575 2669 dicitur
594 2632 697 2669 enim
727 2632 863 2669 Matth.
891 2643 977 2668 xxlv
995 2632 1034 2668 *;
1069 2631 1144 2673 Qui
1165 2642 1386 2679 persevera·
1496 2633 1565 2670 Est
1594 2640 1744 2679 autem,
1785 2633 1880 2670 sicut
1907 2632 2057 2682 supra*
2086 2632 2229 2670 dictum
2260 2641 2336 2680 est,
2376 2633 2516 2682 duplex
2545 2648 2727 2696 quemi..

0 2683 7 2696 ‘
311 2685 408 2723 verit
436 2686 608 2734 usquein
626 2687 765 2734 finem,
785 2686 847 2723 hic
868 2685 996 2722 salvus
1023 2685 1106 2722 erit.
1134 2685 1237 2733 Ergo
1257 2697 1386 2734 perse·
1412 2706 1414 2741 ξ
1442 2686 1670 2724 fortitudinis
1691 2693 1817 2723 actus:
1838 2686 1978 2724 scilicet
1997 2686 2163 2735 aggredi,
2181 2694 2217 2723 et
2236 2686 2433 2724 sustinere.
2454 2687 2515 2724 Ad
2543 2681 2563 2702 3'
2596 2691 2601 2697 '

0 2776 4 2790 Ι
310 2739 484 2777 vetantia
513 2752 591 2777 non
621 2739 736 2776 debet
763 2739 855 2789 poni
884 2751 973 2788 pars
1001 2737 1242 2776 fortitudinis.
1412 2745 1414 2773 ἰ
1441 2747 1571 2777 actum
1601 2747 1730 2777 autem
1752 2740 1998 2788 aggrediendi
2019 2740 2097 2777 duo
2125 2739 2377 2789 requiruntur.
2409 2741 2516 2787 Quo-

0 2791 11 2862 }
71 2795 284 2852 itffffiffffil
367 2793 404 2830 6.
425 2793 660 2840 PRAETEREA,
682 2793 904 2830 Macrobius
918 2792 940 2814 '¹‘
962 2792 1070 2841 ponit
1089 2799 1239 2841 septem
1258 2800 1386 2840 partes
1412 2806 1414 2847 J
1442 2806 1527 2831 rum
1556 2794 1726 2843 primum
1754 2794 1918 2843 pertinet
1945 2795 1994 2832 ad
2023 2793 2141 2831 animi
2160 2794 2513 2843 praeparationem:

5 2847 11 2894 ξ
311 2846 564 2884 fortitudinis:
595 2846 736 2884 scilicet
770 2846 1147 2897 magnanimitatem,
1170 2845 1383 2894 fiduciam,
1412 2868 1413 2889 χ
1440 2855 1482 2884 ut
1511 2847 1653 2884 scilicet
1681 2847 1815 2896 aliquis
1843 2855 2068 2897 promptum
2097 2847 2270 2884 animum
2299 2848 2439 2885 habeat
2467 2848 2515 2885 ad

0 2868 13 2943 i
311 2901 562 2947 securitatem,
582 2901 919 2950 magnificentiam,
940 2899 1202 2945 constantiam,
1223 2899 1386 2936 toleran-
1412 2895 1413 2904 ¹
1441 2901 1754 2949 aggrediendum.
1785 2902 1834 2938 Et
1863 2908 2051 2950 quantum
2072 2902 2120 2939 ad
2140 2901 2215 2938 hoc
2239 2901 2348 2950 ponit
2366 2901 2516 2939 Tullius

0 2944 9 2973 ἶ
72 2955 283 2985 ’⁰²⁴ff“⁶¹’⁸⁸·
312 2954 424 3000 tiam,
447 2954 687 3002 firmitatem.
726 2953 1006 2992 Andronicus*
1041 2953 1156 2990 etiam
1190 2952 1301 3001 ponit
1329 2965 1386 2990 se·
1412 2971 1413 3000 ᾗ
1428 2955 1631 3002 fiduciam.
1661 2954 1774 2992 Unde
1801 2954 1926 2992 dicit*
1946 2955 2053 3003 quod
2070 2955 2221 3003 fiducia
2241 2961 2297 2992 est
2306 2967 2380 3003 per
2399 2967 2513 3004 quam
2544 2966 2553 2974 ·
2578 2964 2634 2986 Loc·
2664 2964 2702 2986 cit·
2733 2964 2755 2985 in

313 3015 419 3057 ptem
446 3007 606 3045 virtutes
635 3020 802 3045 annexas
831 3006 1051 3053 fortitudini,
1082 3018 1181 3054 quae
1210 3014 1298 3043 sunt
1324 3018 1387 3043 eu·
1412 3024 1413 3074 1
1440 3009 1594 3058 magnis
1622 3014 1658 3045 et
1683 3009 1847 3045 honestis
1875 3009 1986 3046 rebus
2012 3008 2172 3046 multum
2202 3009 2279 3057 ipse
2297 3009 2448 3046 animus
2476 3009 2513 3045 in
2606 2997 2622 3012 ¹'

175 3053 190 3088 β
306 3061 470 3111 psychia
490 3059 516 3108 β,
546 3062 658 3108 lema,
688 3062 999 3112 magnanimitas,
1026 3059 1196 3106 virilitas,
1210 3071 1387 3108 perseve-
1412 3076 1414 3115 μ
1439 3073 1480 3098 se
1495 3061 1669 3109 fiduciae
1697 3073 1783 3098 cum
1811 3074 1876 3111 spe
1903 3062 2111 3099 collocavit.
2142 3083 2166 3090 -
2197 3063 2419 3099 Secundum
2449 3074 2515 3099 au-

313 3115 451 3161 rantia,
480 3115 778 3165 magnificentia,
802 3114 1071 3164 andragathia.
1102 3114 1205 3162 Ergo
1233 3113 1387 3151 videtur
1412 3118 1413 3165 }
1440 3122 1518 3151 tem
1547 3115 1712 3165 pertinet
1740 3115 1788 3152 ad
1819 3116 1946 3165 operis
1976 3115 2263 3153 executionem:
2298 3128 2346 3152 ne
2375 3115 2516 3153 scilicet

313 3169 420 3217 quod
433 3168 710 3206 insufficienter
729 3168 878 3206 Tullius
898 3176 1025 3218 partes
1044 3167 1273 3205 fortitudinis
1293 3179 1386 3204 enu-
1412 3170 1414 3218 ξ
1441 3168 1577 3217 aliquis
1607 3169 1760 3206 deficiat
1787 3169 1825 3206 in
1854 3169 2079 3206 executione
2109 3169 2261 3206 illorum
2288 3181 2388 3217 quae
2417 3169 2516 3206 fidu-

170 3223 188 3250 Υ
314 3230 532 3260 metaverat
544 3227 573 3260 Υ.
1412 3221 1414 3267 ζ
1442 3221 1583 3259 cialiter
1609 3222 1817 3260 inchoavit.
1847 3223 1897 3260 Et
1915 3230 2103 3270 quantum
2124 3222 2174 3259 ad
2199 3223 2275 3259 hoc
2293 3222 2402 3271 ponit
2422 3223 2516 3260 Tul-

0 3273 8 3318 ἐξ
72 3274 286 3328 ‘n‘fli'a'ss'ssivfiz
368 3287 404 3323 7.
434 3276 669 3323 PRAETEREA,
693 3276 930 3322 Aristoteles,
951 3274 990 3312 in
1010 3275 1060 3311 III
1078 3274 1199 3311 Ethic.
1215 3274 1247 3320 ³²,
1276 3274 1385 3323 ponit
1412 3307 1414 3323 1
1440 3274 1512 3311 lius
1540 3276 1877 3325 magnificentiam.
1907 3276 2020 3313 Unde
2049 3275 2174 3313 dicit*
2201 3275 2309 3325 quod
2337 3277 2516 3326 magnifi-
2544 3285 2626 3306 ‘1bid-

0 3332 5 3342 '
172 3333 187 3358 δ
315 3328 485 3377 quinque
513 3329 654 3367 modos
668 3327 683 3351 δ
710 3329 950 3367 fortitudinis.
981 3328 1160 3375 Quorum
1185 3327 1309 3377 prima
1329 3335 1385 3364 est
1412 3325 1414 3367 S
1441 3328 1562 3365 centia
1590 3334 1646 3365 est
1672 3341 1802 3365 rerum
1830 3341 2064 3379 magnarum
2098 3335 2134 3366 et
2160 3329 2399 3366 excelsarum
2428 3342 2514 3367 cum

369 3445 397 3476 α)
413 3441 527 3474 ponitur
542 3449 593 3474 per
609 3450 647 3468 se.
658 3457 677 3462 -
693 3445 784 3475 potius
799 3450 851 3476 per
869 3451 897 3469 se
914 3447 954 3468 est
973 3444 1019 3469 Pa.
1415 3443 1418 3480 J
1497 3442 1522 3475 δ)
1543 3443 1646 3469 modos.
1657 3457 1675 3462 -
1691 3446 1786 3476 partes
1806 3444 1840 3474 P;
1861 3451 1908 3476 pro
1929 3443 2059 3474 Quorum,
2081 3444 2204 3475 Quarum
2224 3444 2342 3469 PEGKa.

369 3477 394 3509 β)
413 3478 599 3511 eupsychia.-
617 3478 744 3510 epieikeia
763 3479 804 3504 ed.
817 3487 835 3504 a
853 3484 879 3504 et
897 3479 999 3504 codices
1019 3484 1124 3512 excepta
1143 3479 1191 3510 sC3
1212 3479 1238 3503 in
1256 3479 1388 3504 solutione
1414 3484 1416 3508 Δ
1497 3479 1518 3511 ε)
1538 3482 1629 3505 autem
1654 3483 1702 3504 est.
1714 3493 1733 3498 -
1751 3482 1791 3504 est
1813 3479 1868 3510 Ga,
1881 3479 2023 3513 fortitudo
2046 3483 2086 3505 est
2110 3481 2139 3511 L,
2159 3483 2199 3505 est
2216 3480 2358 3513 fortitudo
2384 3480 2412 3504 Ρ.
2426 3494 2445 3499 -
2464 3481 2515 3505 Pro

315 3513 461 3545 argumenti
480 3513 598 3547 eupykia
615 3514 692 3545 EFK,
705 3514 834 3546 epieikeia
851 3515 1004 3540 ADGlLa.—
1021 3514 1073 3540 Pro
1092 3515 1170 3544 lema,
1189 3515 1271 3549 lenya
1289 3515 1333 3539 vel
1352 3515 1387 3539 si·
1441 3515 1638 3548 ignorantiam,
1659 3515 1886 3547 inexperientiam
1906 3515 1953 3540 Pa.

315 3548 378 3573 mile
397 3549 508 3578 codices,
521 3549 591 3574 leuia
610 3550 651 3574 ed.
670 3557 696 3578 a,
715 3550 786 3574 lenia
805 3551 832 3581 P,
851 3549 892 3575 hic
911 3556 936 3575 et
955 3551 981 3575 in
1000 3551 1140 3575 solutione.
1494 3550 1519 3583 ζ)
1540 3551 1712 3576 divisionum.
1724 3565 1743 3570 -
1761 3551 1993 3576 enumerationum
2013 3551 2060 3576 Pa.

369 3584 395 3617 γ)
415 3588 629 3610 enumeraverat.
640 3599 659 3604 -
677 3588 818 3610 enumerat
836 3585 942 3616 CHlLa,
956 3587 1124 3611 enumeravit
1136 3586 1166 3616 D,
1181 3589 1319 3612 enumeret
1330 3586 1385 3610 PG.
1411 3609 1413 3615 ,
