2768 4198
51 1150 59 1158 ⁸
83 1147 119 1169 Cf.
143 1152 190 1174 arg.
214 1145 263 1167 Sed

50 1176 140 1196 contra.

53 1507 60 1516 ⁸
75 1506 118 1527 Cit.
135 1505 190 1527 ibid.

52 1533 71 1543 ‘⁸
87 1532 151 1553 Vers.
167 1538 191 1553 ιο
209 1537 260 1559 sqq.

52 1595 60 1604 ·
76 1593 140 1614 Vers.
160 1598 188 1621 30
209 1597 260 1620 sqq.

50 1686 59 1694 ⁸
74 1684 140 1705 Vers.
152 1690 172 1711 2,
187 1690 207 1712 3.

52 1861 59 1869 ⁸
75 1859 140 1880 vers.
156 1865 174 1887 5.

51 1993 61 2004 ·
76 1992 137 2013 Ioan.
159 1998 209 2020 cap.
225 1997 263 2018 xx,

51 2025 109 2041 vera,
116 2025 207 2047 3ozeap.
214 2024 262 2045 xxi,

52 2052 109 2067 vers.
125 2052 157 2074 25-

54 2087 61 2095 ·
85 2085 119 2106 Cf.
144 2091 191 2112 arg.
216 2083 265 2106 Sed

50 2114 141 2133 contra.

54 2530 63 2538 ⁸
87 2528 123 2550 Cf.
147 2534 195 2556 arg.
219 2528 267 2550 Sed

53 2557 145 2576 contra.

296 274 368 311 518

294 567 373 603 Lex
402 574 530 602 autem
561 563 679 600 civilis
707 562 870 611 imponit
897 574 1066 610 poenam
1088 561 1223 598 validis
1254 572 1360 597 men-

294 619 505 657 dicantibus
534 617 599 665 qui
627 628 706 653 non
735 623 892 664 propter
920 615 1118 652 utilitatem
1139 614 1201 651 vel
1231 626 1361 650 neces-

293 673 439 710 sitatem
471 670 700 707 mendicant.

908 269 1176 317 QUAESTIO
1206 268 1473 314 CLXXXVII,
1502 268 1803 306 ARTICULUS
1832 269 1866 305 V

346 355 405 390 An
437 364 598 390 Triarium
631 363 815 389 DICENDUM
855 350 957 398 quod
988 361 1033 385 ex
1062 348 1124 384 illo
1154 355 1360 396 praecepto
1387 346 1389 386 ζ

292 406 383 455 legis
419 406 570 443 divinae
609 418 687 442 non
724 403 948 453 prohibetur
981 401 1091 438 alicui
1119 400 1359 437 mendicare:
1387 399 1388 414 ³

292 460 359 497 sed
389 459 612 508 prohibetur
641 457 819 494 divitibus
853 468 901 492 ne
931 464 1008 491 tam
1038 462 1192 491 tenaces
1221 454 1293 490 sint
1322 461 1362 490 ut
1387 452 1388 474 ³

292 521 448 562 propter
466 513 540 549 hoc
560 510 675 559 aliqui
696 515 860 558 egestate
882 508 1102 545 mendicare
1119 515 1314 555 cogantur.
1337 529 1360 535 -
1387 529 1389 558 ζ

1416 347 1514 383 sicut
1545 355 1655 396 turpe
1690 355 1746 384 est
1773 348 1922 386 homini
1962 361 2047 385 esse
2075 347 2273 386 infirmum
2301 349 2364 386 vel
2398 361 2492 398 pau-

1415 412 1562 449 perem.
1593 401 1642 437 Et
1665 402 1781 438 talem
1807 401 2080 451 turpitudinem
2110 402 2227 439 habet
2255 402 2491 440 mendicitas.

1416 453 1528 490 Unde
1558 466 1637 491 non
1656 460 1673 483 Ι*
1702 454 1864 503 pertinet
1893 456 1941 493 ad
1962 457 2135 504 culpam:
2167 456 2235 492 sed
2265 456 2314 492 ad
2342 456 2494 493 humili-

1416 514 1534 544 tatem
1563 507 1755 555 pertinere
1783 516 1920 556 potest,
1950 517 1992 546 ut
2022 509 2165 546 dictum
2198 517 2254 546 est
2271 508 2303 546 ²¹².

1470 563 1530 597 An
1560 572 1725 602 QUINTUM
1753 573 1940 600 morannum
1968 563 2074 612 quod
2109 562 2420 611 praedicantibus
2449 575 2494 599 ex

1417 613 1547 650 debito
1583 614 1745 651 debetur
1771 614 1896 652 victus
1925 617 1974 653 ab
2002 616 2060 653 his
2090 616 2231 664 quibus
2258 616 2494 666 praedicant.

1388 674 1389 696 1
1419 667 1457 703 Si
1487 675 1615 704 tamen
1639 680 1718 705 non
1739 668 1848 717 quasi
1868 669 1940 706 sibi
1960 669 2144 717 debitum,
2165 672 2233 708 sed
2254 670 2363 719 quasi
2381 670 2496 718 gratis

345 728 402 762 An
441 735 614 766 QUARTUM
653 734 838 759 DICENDUM
877 721 983 770 quod
1021 720 1161 769 duplex
1199 728 1255 757 est
1287 727 1389 758 tur-,

291 778 441 827 pitudo:
472 789 548 813 una
573 775 840 820 inhonestatis;
872 775 943 812 alia
964 774 1157 811 exterioris
1177 774 1360 820 defectus,
1388 816 1390 821 ¹

1417 720 1590 758 dandum
1627 721 1888 760 mendicando
1913 730 2043 771 petere
2063 723 2194 771 velint,
2225 724 2273 762 ad
2303 724 2494 762 maiorem

1416 774 1616 812 utilitatem
1637 780 1649 796 ‘¹
1678 775 1853 823 pertinet.

344 919 372 953 μ.)
394 919 429 943 Et
441 919 549 944 talem...
567 917 642 942 Unde
655 925 716 942 non.
728 931 747 936 -
767 917 803 942 Et
816 917 879 942 talis
895 916 1036 949 turpitudo
1055 916 1237 942 mendicitatis
1251 923 1303 941 non
1317 916 1363 942 Pa.
1389 916 1392 942 l

1471 917 1495 949 ν)
1516 917 1669 942 utilitatem.
1681 930 1700 936 —
1717 917 1897 942 humilitatem
1921 917 2068 943 PCDFlsK.

969 1007 1307 1040 Commentario.
1330 1006 1586 1040 Oardinalis
1608 1006 1812 1039 Caietam

320 1107 340 1127 N
359 1096 492 1127 articulo
508 1095 622 1136 quinto
646 1094 784 1125 occurrit
807 1094 943 1125 dubium
968 1095 1007 1125 de
1024 1094 1173 1131 Christo,
1199 1104 1239 1124 an
1259 1093 1364 1130 fuerit,

292 1112 359 1172 lad
382 1141 528 1176 litteram,
553 1139 720 1170 mendicus
738 1139 765 1170 *.
798 1139 839 1170 Et
863 1146 909 1170 est
932 1139 1012 1170 ratio
1037 1138 1126 1170 dubii
1149 1138 1225 1180 quia
1249 1138 1365 1169 Glossa

290 1186 382 1217 allata
421 1185 482 1215 hoc
507 1184 596 1215 dicit:
622 1191 653 1214 et
668 1186 791 1215 Auctor
816 1183 915 1214 utitur
937 1184 991 1215 illa
1019 1191 1174 1225 tanquam
1200 1183 1362 1220 Christus,
1390 1185 1392 1224 ξ

289 1231 327 1261 ad
350 1230 504 1265 litteram,
535 1228 770 1260 mendicaverit.
794 1246 815 1252 -
840 1229 875 1258 ln
904 1228 1093 1269 oppositum
1121 1235 1167 1259 est
1190 1228 1266 1269 quia
1298 1237 1364 1258 non

288 1275 402 1315 legitur
426 1274 590 1305 Christum
614 1273 826 1304 mendicasse:
859 1280 890 1304 et
913 1281 1082 1314 propterea
1104 1273 1284 1304 voluntarie
1303 1272 1366 1303 dici

288 1326 418 1361 apparet
441 1319 531 1360 quod
555 1318 701 1350 Christus
726 1317 962 1348 mendicaverit.

343 1364 395 1395 Ad
419 1363 480 1394 hoc
505 1363 620 1394 dicitur
643 1363 733 1404 quod
757 1372 794 1394 ex
817 1363 866 1393 his
890 1373 974 1403 quae
997 1363 1112 1403 scripta
1135 1362 1167 1393 in
1189 1362 1365 1402 Evangelio

289 1416 372 1445 sunt,
397 1415 504 1449 aperte
527 1407 660 1448 intelligi
683 1414 790 1448 potest
813 1407 903 1448 quod
925 1407 1087 1438 Dominus
1112 1407 1199 1438 Iesus
1227 1417 1293 1438 non
1318 1413 1366 1438 est

289 1454 476 1494 dedignatus
500 1453 595 1484 etiam
616 1452 648 1483 in
667 1452 796 1493 propria
812 1462 948 1493 persona
964 1452 1153 1489 mendicare,
1171 1451 1258 1483 iuxta
1273 1451 1366 1483 Glos-

289 1508 340 1529 sae
356 1498 468 1529 allatae
485 1504 516 1528 et
530 1497 721 1539 Hieronymi
738 1497 961 1528 auctoritatem
971 1497 998 1528 *.
1015 1497 1100 1528 Nam
1124 1497 1230 1528 Lucae
1243 1507 1307 1527 xxti
1320 1497 1364 1534 *ἦ

289 1543 481 1574 mendicavit
511 1542 622 1573 locum
653 1542 708 1573 ubi
740 1542 859 1572 Pascha
887 1551 963 1572 eum
993 1542 1157 1582 discipulis
1185 1541 1364 1572 celebraret.

290 1589 394 1619 Lucae
411 1597 544 1629 quoque
567 1598 618 1618 xrx
632 1586 661 1625 ⁸⁸,
677 1586 869 1617 mendicavit
887 1586 1032 1623 asellum,
1050 1597 1146 1627 super
1164 1596 1262 1628 quem
1281 1586 1368 1617 venit

288 1633 320 1663 in
345 1632 532 1663 Ierusalem:
561 1642 637 1662 nam
661 1632 700 1662 ab
724 1631 810 1661 illius
835 1630 975 1661 dominis
999 1631 1116 1671 petitus
1141 1638 1188 1662 est
1211 1630 1363 1667 dicendo,

289 1678 364 1719 quia
380 1677 540 1708 Dominus
556 1676 644 1707 illius
659 1686 791 1717 operam
803 1675 976 1707 desiderat.
994 1676 1100 1706 Lucae
1116 1685 1249 1716 quoque
1272 1675 1364 1711 v111*,

289 1722 485 1753 mendicasse
514 1721 695 1752 insinuatur
724 1720 845 1751 victum
876 1730 894 1750 a
924 1719 1112 1751 mulieribus
1143 1730 1226 1762 quae
1256 1729 1365 1750 secum

288 1768 376 1798 ibant
399 1767 621 1798 ministrantes
644 1765 744 1797 eidem
768 1764 1038 1806 defacultatibus
1051 1766 1140 1796 suis:
1163 1774 1238 1795 nam
1257 1764 1366 1805 ipsum

289 1811 449 1842 induxisse
473 1811 541 1842 illas
565 1811 605 1841 ad
630 1811 691 1841 hoc
715 1810 937 1846 ministerium,
961 1810 1155 1840 credendum
1179 1817 1235 1840 est.
1261 1810 1367 1840 Lucae

290 1866 421 1898 quoque
441 1866 492 1887 xix
505 1856 532 1892 *,
556 1855 754 1886 mendicasse
777 1855 892 1895 legitur
907 1865 924 1885 a
940 1855 1085 1885 Zachaeo
1109 1854 1299 1895 hospitium.
1324 1854 1368 1886 Ut

290 1901 376 1932 enim
399 1908 486 1942 patet
508 1900 541 1931 in
565 1900 677 1937 littera,
703 1909 879 1941 pauperem
902 1906 1008 1940 petere
1033 1899 1247 1930 necessarium
1263 1899 1303 1930 ad
1319 1899 1366 1929 vi-

292 1953 379 1977 ctum
407 1952 454 1976 est
477 1945 666 1976 mendicare.
703 1945 750 1975 Ex
781 1944 829 1975 his
858 1951 965 1975 autem
990 1943 1130 1985 scriptis,
1161 1947 1235 1975 cum
1264 1944 1366 1975 multa

292 1991 451 2021 Dominus
465 1990 588 2031 fecerit
609 1999 694 2031 quae
717 1999 779 2020 non
803 1993 881 2020 sunt
902 1990 1023 2030 scripta
1038 1988 1066 2025 ¹⁸,
1091 1988 1174 2019 credi
1199 1988 1367 2019 rationabi-

291 2035 361 2066 liter
383 2042 489 2076 potest
515 2034 625 2065 multis
654 2034 723 2064 aliis
738 2033 860 2065 vicibus
883 2033 1064 2064 Dominum
1088 2033 1300 2064 mendicasse:
1332 2040 1368 2064 ut

291 2080 437 2121 impleret
460 2079 665 2120 Scripturam,
683 2079 756 2121 Ego
779 2084 887 2109 autem
912 2078 1077 2109 mendicus
1098 2088 1170 2109 sum
1185 2078 1216 2115 *;
1235 2085 1271 2109 ut
1294 2078 1367 2109 nul-

290 2125 360 2156 lum
388 2124 579 2165 relinqueret
602 2123 728 2155 vilitatis
745 2123 904 2154 humanae
927 2133 1028 2164 genus
1051 2123 1251 2163 inexpertum
1275 2133 1293 2153 a
1317 2132 1366 2160 se;

292 2177 327 2200 ut
351 2169 534 2210 exemplum
558 2169 667 2199 ceteris
691 2168 883 2209 relinqueret
905 2175 1010 2199 tantae
1033 2167 1233 2198 humilitatis.

347 2214 384 2245 Il.
409 2214 445 2244 In
470 2214 585 2244 eodem
609 2213 742 2244 articulo
767 2213 880 2254 quinto
905 2213 1048 2243 eiusdem
1072 2211 1282 2253 quaestionis,
1308 2212 1367 2242 du-

291 2258 383 2289 bium
406 2257 558 2294 occurrit,
584 2267 623 2287 an
648 2257 817 2293 laudabile,
842 2266 898 2287 seu
922 2257 1046 2288 licitum
1070 2256 1110 2288 sit
1134 2256 1299 2287 hominem
1321 2256 1367 2287 di-

292 2303 400 2339 vitem,
424 2302 552 2333 retentis
576 2301 706 2338 divitiis,
730 2302 770 2332 ad
794 2309 922 2342 tempus
945 2301 1125 2332 mendicare
1148 2300 1270 2332 victum
1293 2311 1368 2342 pro-

293 2347 410 2388 prium,
435 2346 624 2377 humilitatis
646 2345 755 2386 gratia.
779 2346 820 2376 Et
843 2353 889 2376 est
912 2346 991 2376 ratio
1016 2345 1115 2381 dubii,
1136 2345 1291 2386 quoniam
1312 2355 1368 2386 ap·

294 2398 382 2433 paret
404 2391 466 2422 hoc
489 2390 711 2430 vituperabile:
737 2390 812 2431 quia
835 2390 1002 2421 mendicus
1026 2390 1120 2421 debet
1143 2399 1210 2421 esse
1234 2400 1367 2431 pauper,

294 2436 380 2467 iuxta
412 2435 492 2466 illud
506 2458 514 2473 ,
547 2435 621 2476 Ego
651 2440 758 2466 autem
789 2435 954 2466 mendicus
982 2444 1054 2465 sum
1085 2440 1115 2465 et
1139 2444 1282 2476 pauper,
1313 2434 1367 2466 ubi

295 2480 409 2512 Glossa
433 2479 522 2510 dicit:
548 2479 719 2510 Mendicus
741 2479 861 2510 dicitur
883 2480 939 2520 qui
961 2479 1002 2510 ab
1024 2479 1090 2510 alio
1108 2480 1208 2520 petit,·
1225 2489 1366 2521 pauper,

293 2526 349 2566 qui
370 2525 430 2556 sibi
453 2534 517 2555 non
533 2523 658 2565 sufficit
670 2523 697 2555 *.
722 2523 909 2554 Mendicans
932 2533 1008 2564 ergo
1032 2523 1119 2554 dives
1143 2523 1296 2555 mentitur
1323 2523 1367 2555 fa-

294 2569 407 2600 ciendo
431 2579 464 2599 se
488 2577 678 2609 pauperem:
703 2568 793 2609 quod
818 2574 864 2599 est
886 2567 1043 2600 illicitum.

350 2614 384 2644 In
409 2613 597 2654 oppositum
627 2619 735 2644 autem
764 2619 811 2644 est
833 2613 927 2654 quia,
956 2612 1038 2644 sicut
1062 2612 1151 2644 diviti
1173 2612 1298 2644 licitum
1322 2619 1368 2644 est

293 2658 352 2689 alia
376 2658 565 2689 humilitatis
589 2667 686 2698 opera
706 2667 856 2694 exercere,
881 2657 924 2688 ita
946 2657 1147 2689 laudabiliter
1169 2664 1275 2698 potest
1298 2668 1367 2698 per-

293 2713 407 2734 sonam
430 2702 579 2745 pauperis
603 2712 763 2733 assumere
787 2709 818 2733 et
842 2701 1031 2733 mendicare.
1066 2701 1191 2734 Dicitur
1218 2702 1305 2733 enim
1334 2702 1367 2733 in

293 2748 394 2778 littera
417 2747 506 2788 quod
530 2746 720 2783 mendicare,
745 2754 904 2788 quantum
928 2747 968 2777 ad
991 2753 1109 2783 actum,
1127 2747 1203 2788 quia
1219 2746 1368 2778 abiectio-

294 2792 342 2823 nis
366 2799 423 2830 est,
447 2791 634 2823 humilitatis
650 2791 758 2822 virtuti
778 2791 937 2822 tribuitur.
962 2809 983 2815 -
1008 2791 1110 2823 Cuius
1128 2791 1223 2823 etiam
1239 2791 1369 2832 signum

294 2844 340 2868 est
363 2837 453 2878 quod
476 2837 575 2878 aliqui
599 2836 711 2867 divites
730 2844 849 2868 vovent
872 2835 1161 2877 peregrinationem
1178 2836 1320 2877 aliquam
1336 2847 1368 2867 se

294 2888 476 2922 peracturos
500 2881 722 2912 mendicando.
748 2881 846 2919 Quod
871 2891 937 2912 non
956 2888 1119 2918 voverent,
1144 2881 1204 2912 nisi
1227 2881 1369 2912 laudabi-

293 2926 356 2957 lem
380 2925 568 2957 humilitatis
592 2933 700 2957 actum
725 2935 757 2956 se
780 2935 896 2956 vovere
920 2925 1045 2956 scirent.

351 2970 403 3002 111.
427 2971 479 3002 Ad
502 2970 564 3002 hoc
587 2970 702 3001 dicitur
724 2971 814 3011 quod
839 2970 970 3001 divitem
992 2970 1179 3001 humilitatis
1202 2969 1301 3011 gratia
1329 2970 1368 3000 ad

294 3022 421 3055 tempus
445 3015 638 3052 mendicare,
667 3014 822 3055 contingit
848 3014 1020 3056 tripliciter.
1052 3015 1180 3052 Primo,
1205 3014 1366 3046 absolute:

295 3066 330 3090 ut
353 3069 420 3090 non
444 3060 551 3090 solum
575 3059 751 3096 mendicet,
781 3060 835 3090 sed
860 3060 898 3090 de
923 3059 1080 3100 acquisito
1105 3069 1142 3090 ex
1166 3059 1367 3091 mendicitate

295 3103 394 3141 vivat;
427 3111 462 3135 ut
481 3111 580 3135 'actus
608 3104 809 3135 mendicandi
838 3103 878 3135 sit
901 3104 943 3135 ob
974 3104 1196 3141 abiectionem,
1221 3110 1252 3135 et
1279 3111 1368 3135 actus

294 3149 440 3179 vescendi
463 3149 578 3180 talibus
602 3149 642 3180 sit
664 3156 795 3190 propter
818 3149 1032 3180 austeritatem
1057 3149 1169 3181 victus.
1193 3149 1234 3180 Et
1256 3148 1367 3180 huius-

295 3193 383 3224 modi
407 3193 603 3230 mendicitas,
626 3193 700 3225 licet
723 3193 824 3234 possit
847 3203 914 3224 esse
939 3193 1024 3224 utilis
1049 3194 1142 3226 saluti
1165 3193 1290 3225 animae
1313 3193 1368 3224 ali-

297 3237 386 3268 cuius
409 3237 605 3278 particularis
628 3248 782 3279 personae
807 3237 849 3269 sic
873 3237 1045 3278 dispositae
1073 3245 1109 3270 ut
1132 3248 1198 3269 non
1222 3237 1282 3269 nisi
1306 3238 1367 3269 isto

296 3282 395 3312 modo
426 3282 503 3314 sciat
531 3282 586 3313 has
609 3283 741 3314 virtutes
772 3283 951 3324 acquirere,
984 3283 1167 3323 regulariter
1190 3290 1296 3314 tamen
1320 3283 1368 3314 lo-

297 3327 442 3366 quendo,
467 3327 668 3367 incompacta
691 3337 727 3358 ac
750 3327 916 3358 indiscreta
941 3327 1128 3359 mendicitas
1151 3335 1212 3363 est,
1245 3337 1282 3359 ac
1311 3337 1368 3368 per

296 3369 377 3406 hoc,
401 3371 626 3412 vituperabilis.
659 3372 845 3403 Mendicum
873 3372 959 3402 enim
988 3372 1116 3413 proprie
1147 3379 1275 3413 oportet
1300 3382 1368 3403 esse

297 3424 486 3454 pauperem:
511 3416 664 3457 alioquin,
689 3424 776 3448 actus
800 3416 974 3448 dissonata
989 3426 1135 3458 persona.
1159 3417 1262 3448 Debet
1281 3417 1368 3448 enim

298 3458 483 3490 humilitatis
508 3467 595 3491 actus
626 3460 800 3491 conformis
825 3471 892 3492 esse
915 3471 1079 3501 personae.
1114 3461 1181 3492 Nec
1211 3461 1367 3492 rectitudo

298 3502 494 3534 discretionis
518 3504 612 3535 habet
635 3512 671 3536 ut
693 3505 906 3536 austeritatem
930 3505 1012 3536 vitae
1042 3505 1128 3536 dives
1153 3515 1190 3536 ex
1212 3505 1262 3536 his
1285 3515 1367 3546 quae

297 3547 490 3588 pauperibus
514 3548 638 3584 dantur,
664 3556 840 3590 comparet:
866 3549 926 3580 nisi
943 3549 1024 3580 forte
1040 3549 1108 3591 ipse
1131 3549 1227 3590 longe
1250 3549 1367 3590 largius

298 3591 478 3623 refunderet
501 3592 703 3633 pauperibus.

1475 1094 1635 1130 Secundo,
1668 1093 1824 1134 contingit
1855 1100 1891 1124 ut
1913 1093 2020 1124 solum
2045 1093 2221 1131 mendicet,
2241 1094 2296 1125 sed
2323 1104 2390 1126 non
2414 1094 2499 1126 vivat

1419 1139 1458 1169 de
1482 1138 1675 1175 mendicato,
1700 1138 1755 1168 sed
1778 1137 1859 1168 illud
1881 1137 1988 1178 egenis
2013 1137 2074 1169 det.
2099 1137 2140 1169 Et
2163 1138 2208 1169 sic
2227 1139 2407 1170 mendicare
2431 1135 2499 1170 lau-

1419 1183 1524 1214 dabile
1547 1183 1662 1224 procul
1678 1181 1778 1214 dubio
1795 1190 1852 1213 est.
1877 1182 2042 1220 Quoniam
2067 1192 2142 1214 cum
2165 1183 2342 1214 abiectione
2366 1183 2497 1226 propria

1418 1227 1540 1259 victum
1563 1238 1636 1259 vere
1660 1227 1793 1268 pauperi
1816 1227 1940 1268 quaerit
1963 1227 2068 1258 dives:
2094 1235 2126 1259 et
2148 1228 2280 1268 perinde
2303 1235 2364 1265 est,
2389 1229 2499 1270 quoad

1420 1272 1648 1309 mendicatum,
1673 1282 1708 1303 ac
1731 1272 1758 1303 si
1781 1271 1976 1303 mendicaret
1999 1282 2059 1312 pro
2083 1272 2163 1309 alio;
2194 1273 2285 1314 quod
2308 1272 2439 1305 cuilibet
2461 1273 2499 1304 li-

1420 1317 1520 1348 citum
1545 1324 1601 1354 est,
1626 1324 1657 1348 et
1680 1327 1764 1357 opus
1789 1323 1913 1348 constat
1936 1326 2004 1348 esse
2027 1317 2274 1350 misericordiae.

1476 1362 1598 1398 Tertio,
1624 1361 1780 1402 contingit
1804 1368 1839 1392 ut
1861 1361 1894 1392 in
1910 1369 2075 1402 assumpta
2091 1361 2346 1403 peregrinatione
2361 1369 2393 1394 et
2408 1372 2498 1394 men-

1420 1406 1504 1438 dicet
1526 1414 1557 1438 et
1579 1406 1664 1437 vivat
1687 1406 1726 1437 de
1751 1406 1943 1437 mendicato.
1968 1406 2009 1437 Et
2030 1406 2075 1437 sic
2090 1406 2216 1438 licitum
2232 1414 2263 1438 et
2277 1406 2437 1438 laudabile
2452 1414 2500 1440 est

1421 1451 1552 1482 divitem
1567 1451 1757 1482 mendicare.
1783 1451 1882 1489 Quod
1899 1451 2062 1492 probatur,
2087 1458 2158 1482 tum
2177 1451 2254 1493 quia
2269 1452 2359 1493 quod
2374 1451 2408 1483 in
2425 1455 2499 1494 pro-

1419 1496 1488 1537 pria
1517 1502 1676 1538 potestate
1700 1495 1854 1532 consistit,
1879 1502 1911 1527 et
1930 1503 2036 1537 potest
2059 1496 2154 1527 alicui
2181 1496 2248 1528 dari
2273 1496 2306 1527 in
2330 1496 2498 1538 poeniten-

1420 1541 1514 1578 tiam,
1543 1541 1626 1572 licite
1649 1550 1685 1571 ac
1707 1540 1909 1572 laudabiliter
1936 1547 2042 1582 potest
2065 1547 2180 1582 sponte
2204 1540 2290 1572 fieri:
2319 1551 2395 1572 cum
2418 1542 2500 1574 nihil

1419 1586 1482 1616 tale
1506 1586 1598 1616 detur
1620 1585 1652 1616 in
1678 1585 1873 1626 poenitentia
1897 1585 1955 1616 nisi
1981 1592 2070 1616 actus
2092 1585 2226 1618 virtutis.
2251 1586 2314 1617 Sed
2338 1586 2500 1628 aliquibus

1420 1631 1513 1662 datur
1535 1630 1569 1661 in
1593 1629 1823 1671 poenitentiam
1847 1637 1882 1661 ut
1905 1630 2145 1671 peregrinentur
2160 1630 2388 1663 mendicantes.
2413 1631 2499 1672 Ergo

1420 1674 1550 1715 propria
1566 1681 1680 1716 sponte
1697 1681 1803 1715 potest
1819 1674 1891 1716 quis
1907 1674 2099 1716 peregrinari
2116 1675 2340 1707 mendicando.
2365 1694 2386 1699 —
2409 1675 2498 1708 Tum

1421 1719 1496 1760 quia
1521 1719 1595 1750 huic
1618 1718 1703 1750 actui
1726 1718 1806 1749 nihil
1828 1719 1935 1751 obstat
1957 1719 2017 1750 nisi
2039 1720 2129 1761 quod
2153 1719 2211 1752 iste
2234 1720 2336 1751 homo
2360 1730 2428 1752 non
2452 1727 2500 1753 est

1421 1773 1553 1804 pauper,
1578 1764 1633 1794 sed
1657 1763 1753 1795 dives.
1778 1763 1841 1794 Sed
1863 1763 1927 1795 hoc
1950 1774 2018 1795 non
2034 1765 2159 1796 obstare
2183 1771 2270 1806 patet
2288 1775 2326 1796 ex
2342 1775 2381 1796 eo
2397 1766 2498 1807 quod,

1421 1809 1495 1840 licet
1517 1808 1576 1841 iste
1599 1808 1700 1839 homo
1719 1808 1760 1839 sit
1775 1808 1874 1845 dives,
1893 1807 1952 1840 iste
1967 1815 2074 1840 tamen
2090 1809 2275 1850 peregrinus
2291 1817 2339 1841 est
2356 1817 2496 1852 pauper:

1421 1863 1457 1884 ac
1481 1863 1537 1894 per
1561 1853 1632 1891 hoc,
1649 1852 1733 1884 licite
1749 1852 1919 1884 mendicat.
1944 1853 2028 1885 Nam
2043 1854 2315 1895 praesupponitur
2331 1855 2422 1896 quod
2439 1855 2499 1888 iste

1421 1898 1490 1929 sine
1521 1898 1703 1939 sumptibus
1733 1904 1876 1929 assumat
1905 1897 2194 1939 peregrinationem
2222 1906 2252 1930 et
2283 1906 2421 1940 peragat.
2453 1900 2499 1932 lta

1421 1943 1521 1985 quod,
1546 1941 1628 1974 sicut
1643 1941 1773 1973 Alexius
1789 1941 1974 1984 simpliciter
1993 1942 2114 1974 dimisit
2129 1943 2239 1974 omnia
2258 1951 2390 1986 propter
2405 1942 2498 1976 Chri·

1422 1994 1508 2019 stum
1531 1995 1563 2018 et
1586 1997 1709 2028 pauper
1732 1997 1860 2028 peregre
1885 1987 2076 2019 mendicavit
2090 1988 2124 2024 *,
2149 1987 2192 2020 ita
2214 1987 2283 2025 iste,
2307 1989 2347 2019 ad
2369 1995 2503 2030 tempus
2527 1995 2537 2005 ·

1421 2031 1560 2064 dimissis
1590 2032 1743 2063 omnibus
1776 2038 1908 2073 propter
1935 2031 2102 2064 Christum
2132 2033 2295 2064 humiliter
2318 2039 2349 2065 et
2374 2041 2503 2066 austere·

1421 2077 1633 2119 sequendum,
1658 2076 1849 2118 peregrinari
1873 2087 1995 2118 pauper
2019 2087 2055 2108 ac
2078 2077 2245 2110 mendicus
2268 2077 2364 2119 eligit.

1478 2122 1518 2153 Et
1549 2132 1605 2162 per
1633 2121 1695 2153 hoc
1724 2129 1809 2162 patet
1838 2121 1958 2153 solutio
1982 2122 2022 2152 ad
2045 2122 2271 2155 obiectionem.
2307 2123 2392 2155 Nam
2423 2123 2501 2165 qula

1422 2174 1469 2199 est
1491 2166 1676 2208 peregrinus
1700 2176 1831 2207 pauper,
1855 2177 1921 2198 non
1946 2166 2100 2198 mentitur
2121 2167 2207 2199 facto
2231 2168 2312 2199 dum
2327 2167 2498 2201 mendicat.

1479 2211 1533 2243 IV.
1558 2212 1594 2242 In
1626 2211 1740 2242 eodem
1769 2211 1884 2252 quinto
1914 2211 2067 2249 articulo,
2097 2212 2233 2244 dubium
2257 2211 2395 2244 occurrit
2418 2213 2500 2245 circa

1421 2256 1587 2287 mendicos
1603 2266 1640 2286 ex
1657 2255 1838 2296 cupiditate,
1856 2265 1896 2286 an
1912 2263 2044 2296 peccent
2058 2256 2242 2289 mortaliter.
2262 2257 2398 2289 Videtur
2413 2256 2500 2291 enim

1421 2301 1511 2342 quod
1534 2301 1594 2332 sic:
1627 2310 1664 2331 ex
1687 2309 1727 2331 eo
1755 2300 1845 2341 quod
1875 2301 2083 2333 committunt
2113 2301 2318 2333 mendacium
2341 2302 2501 2343 pernicio-

1421 2355 1505 2381 sum,
1531 2345 1611 2376 dum
1634 2344 1834 2376 mentiuntur
1857 2355 1890 2376 se
1914 2355 2070 2386 pauperes
2093 2345 2164 2386 ipso
2189 2354 2261 2378 actu
2284 2346 2499 2386 mendicandi,

1422 2397 1453 2421 et
1476 2389 1520 2421 sic
1544 2389 1761 2420 fraudulenter
1783 2389 1929 2421 obtinent
1950 2389 2182 2432 eleemosynas,
2199 2398 2229 2422 et
2245 2390 2413 2423 offendunt
2426 2401 2499 2426 vere

1422 2444 1593 2475 pauperes,
1625 2433 1742 2475 quibus
1773 2434 1845 2465 illae
1876 2434 2098 2477 eleemosynae
2126 2435 2285 2467 darentur.
2323 2435 2388 2474 Qui
2412 2436 2499 2471 enim

1422 2478 1638 2510 fraudulenter
1661 2478 1804 2520 acquirit,
1830 2479 2004 2511 mortaliter
2028 2487 2146 2520 peccat,
2164 2487 2195 2512 et
2210 2480 2249 2511 ad
2266 2480 2499 2513 restitutionem

1421 2530 1557 2555 tenetur.

1478 2568 1519 2599 Et
1542 2566 1750 2599 confirmatur
1773 2578 1810 2598 ex
1833 2567 1919 2599 dicto
1935 2567 2033 2605 Scoti,
2050 2568 2083 2599 in
2100 2579 2123 2599 n
2139 2579 2193 2610 qu.
2206 2568 2224 2588 ¹⁸¹
2243 2569 2315 2601 dist.
2331 2580 2371 2601 xv
2384 2569 2502 2608 Quarti
2526 2572 2537 2583 '

1420 2613 1524 2651 Sent.‚
1550 2613 1639 2654 quod
1663 2611 1851 2644 huiusmodi
1875 2612 2007 2644 donatio
2032 2613 2255 2655 eleemosynae
2279 2623 2346 2646 non
2368 2622 2417 2646 est
2439 2625 2501 2648 νον.

1419 2657 1572 2689 luntaria:
1594 2657 1670 2698 quia
1692 2667 1730 2688 ex
1752 2656 1943 2698 ignorantia,
1967 2667 2060 2699 quae,
2085 2665 2120 2690 ut
2143 2665 2230 2700 patet
2244 2658 2276 2689 in
2295 2659 2336 2691 111
2349 2659 2456 2692 Ethic.
2470 2659 2498 2702 ἡ
2526 2663 2537 2674 ’

1421 2709 1529 2734 causat
1551 2701 1815 2733 involuntarium.
1841 2701 1873 2733 Si
1897 2702 1984 2733 enim
2007 2703 2131 2734 donans
2154 2703 2247 2735 sciret
2262 2703 2498 2736 mendicantem

1422 2757 1489 2778 non
1513 2757 1581 2778 esse
1604 2757 1790 2788 pauperem,
1815 2756 1880 2777 non
1898 2746 1995 2778 daret.
2020 2747 2068 2778 Ex
2083 2747 2262 2789 ignorantia
2277 2747 2373 2792 igitur
2388 2748 2496 2787 donat.

1422 2794 1469 2823 Ac
1493 2801 1550 2833 per
1573 2792 1644 2828 hoc,
1670 2801 1736 2823 non
1761 2792 1870 2823 donat.
1895 2791 1936 2823 Et
1952 2799 2184 2834 consequenter
2199 2792 2309 2836 inique
2324 2793 2402 2824 alter
2424 2792 2499 2834 pos-

1422 2837 1512 2868 sidet.

1479 2881 1514 2912 In
1538 2881 1727 2922 oppositum
1751 2888 1860 2913 autem
1884 2888 1931 2913 est
1953 2881 2029 2923 quia
2054 2881 2234 2914 mendicare
2257 2891 2294 2914 ex
2308 2891 2369 2913 suo
2383 2891 2498 2923 genere

1422 2936 1489 2957 non
1509 2933 1555 2957 est
1579 2933 1756 2967 peccatum.
1781 2926 1822 2958 Et
1838 2926 1987 2958 adiuncta
2002 2926 2159 2968 cupiditas
2174 2936 2240 2959 non
2257 2933 2303 2959 est
2319 2927 2497 2958 secundum

1422 2981 1454 3002 se
1475 2970 1629 3008 mortalis,
1647 2978 1683 3002 ut
1698 2969 1903 3012 supponitur.
1927 2971 2013 3012 Ergo
2029 2978 2135 3002 totum
2152 2970 2258 3006 simul.
2275 2970 2392 3003 scilicet
2408 2979 2498 3004 actus

1422 3015 1624 3046 mendicandi
1649 3025 1686 3046 ex
1708 3015 1763 3046 tali
1788 3025 1891 3052 causa,
1917 3015 2034 3047 scilicet
2057 3014 2238 3057 cupiditate,
2264 3025 2330 3046 non
2355 3023 2401 3047 est
2425 3025 2498 3057 pec-

1422 3066 1528 3091 catum
1558 3060 1703 3091 mortale.
1736 3076 1756 3083 -
1786 3060 1943 3091 Probatur
1971 3059 2188 3101 suppositum.
2224 3059 2309 3098 Quia
2341 3060 2499 3102 cupiditas

1421 3104 1558 3136 habendi
1582 3104 1723 3141 divitias,
1749 3110 1780 3135 et
1809 3104 1952 3136 similiter
1975 3104 2131 3145 cupiditas
2159 3104 2255 3135 otiosi
2278 3105 2397 3142 victus,
2429 3115 2497 3137 non

1421 3157 1469 3180 est
1492 3149 1670 3181 secundum
1694 3159 1727 3180 se
1751 3149 1914 3182 mortalis:
1939 3155 1975 3181 ut
1997 3155 2093 3190 patet.
2117 3149 2158 3180 Et
2181 3149 2220 3180 de
2245 3149 2333 3180 nulla
2355 3149 2418 3182 alia
2440 3160 2498 3183 cu·

1422 3194 1553 3235 piditate
1577 3201 1623 3226 est
1646 3203 1752 3225 sermo
1776 3203 1924 3235 praesens
1947 3192 2007 3224 nisi
2031 3193 2070 3224 de
2094 3200 2228 3235 utraque
2252 3193 2326 3226 hac:
2353 3201 2388 3226 ut
2411 3202 2498 3237 patet

1421 3238 1453 3269 in
1478 3237 1591 3270 littera.

1478 3283 1517 3315 V.
1542 3283 1593 3314 Ad
1611 3282 1672 3314 hoc
1694 3282 1904 3323 respondetur
1920 3281 2055 3313 dicendo
2073 3281 2141 3314 tria.
2165 3282 2286 3322 Primo,
2303 3283 2394 3324 quod
2407 3292 2495 3314 men-

1421 3327 1529 3358 dicans
1553 3337 1590 3358 ex
1613 3326 1786 3368 cupiditate
1809 3325 1904 3357 otiosi
1927 3325 2046 3363 vietus,
2072 3336 2108 3357 ex
2132 3337 2199 3368 quo
2230 3327 2263 3358 in
2286 3327 2416 3360 veritate
2449 3334 2498 3360 est

1421 3382 1552 3413 pauper,
1577 3371 1700 3402 nullam
1723 3370 1868 3402 fraudem
1892 3371 2065 3402 committit
2087 3371 2119 3402 in
2144 3372 2338 3413 proximum,
2364 3373 2419 3404 sed
2443 3382 2495 3403 so-

1420 3416 1490 3447 lum
1514 3422 1623 3457 peccat
1645 3415 1678 3446 in
1701 3414 1854 3455 seipsum,
1879 3415 2019 3447 otiosam
2034 3416 2134 3448 vitam
2149 3424 2180 3449 et
2195 3417 2353 3448 abiectam
2375 3417 2495 3458 absque

1421 3461 1486 3492 ulla
1510 3459 1687 3491 rationabili
1712 3468 1806 3490 causa
1830 3459 1958 3500 eligens.
1994 3461 2035 3492 Et
2065 3467 2234 3502 propterea
2264 3461 2352 3492 nulla
2375 3469 2423 3493 est
2445 3461 2496 3493 hie

1420 3505 1501 3535 ratio
1526 3503 1645 3545 peccati
1669 3503 1821 3535 mortalis.
1845 3504 1912 3536 Nec
1935 3504 2031 3536 etiam
2053 3511 2184 3546 propter
2202 3515 2342 3546 poenam
2356 3505 2384 3547 lv
2409 3506 2434 3538 's
2451 3505 2496 3537 ci-

1420 3548 1532 3579 vilis*:
1558 3547 1675 3579 scilicet
1698 3547 1774 3589 quia
1797 3548 1983 3581 huiusmodi
2008 3559 2112 3591 poena
2135 3560 2203 3582 non
2225 3550 2316 3587 facit.
2341 3560 2356 3581 s
2383 3550 2385 3553 '
2419 3559 2494 3591 sup·
2521 3557 2576 3580 ἀ.
2592 3563 2640 3587 a..
2654 3564 2675 3588 3·

1421 3592 1558 3633 positam
1583 3591 1677 3633 punit
1699 3592 1838 3633 culpam,
1862 3603 1945 3635 quae
1968 3593 2008 3625 de
2032 3604 2064 3625 se
2088 3604 2155 3626 non
2179 3602 2226 3626 est
2249 3593 2403 3627 mortalis.

2522 513 2531 522 ·
2546 511 2572 533 ln
2587 517 2693 539 corpore.

2549 2571 2602 2594 Ξ

2658 2668 2673 2685 Β

2695 2669 2711 2712 βυ·

2728 2673 2739 2680 ι

2628 2635 2682 2712 .ῖῖ’

2544 2661 2611 2712 a?
