2768 4198
92 1232 100 1240 ⁸
111 1230 143 1251 Ca
163 1234 242 1255 4ιιι,ιι.
252 1234 303 1254 144-

91 1257 114 1278 S.
165 1273 169 1276 .
186 1256 236 1277 lect.
252 1261 301 1276 νιιι.

93 1553 102 1563 ’
117 1552 183 1573 lbid..
200 1557 222 1572 n.
238 1552 275 1579 ¹5-'

95 1718 103 1727 ⁸
124 1716 190 1741 lbid..
207 1722 228 1737 ιι.
245 1722 280 1742 ²4·
297 1727 306 1731 -

94 1744 118 1766 S.
133 1743 177 1764 Th.
194 1744 245 1764 lect.
262 1749 283 1764 x.

95 1781 103 1790 ·
118 1779 187 1806 Ibid.,
203 1785 224 1800 n.
243 1779 279 1801 26.

95 1834 104 1842 ·
118 1832 186 1858 1bid.,
203 1838 224 1853 n.
240 1832 275 1853 28.

94 1886 104 1896 ⁴
118 1885 184 1911 lbid.,
201 1891 224 1906 n.
238 1890 271 1913 32.

98 2150 103 2156 '
121 2147 187 2170 Vers.
203 2154 234 2169 ιο.

184 2309 220 2329 ιιι,
229 2309 250 2324 ιι.
261 2304 293 2324 16.
300 2313 311 2318 -

194 2330 245 2352 lect.
259 2335 310 2352 νιιι.

97 2303 182 2353 ὲῆἳ.

98 2408 182 2457 ὲέἳῑῖ.

187 2414 228 2434 νιι,
240 2413 262 2429 ιι.
273 2414 293 2435 7.
302 2419 311 2423 -

198 2435 249 2456 lect.
267 2440 298 2456 tx.

102 2792 110 2800 ·
126 2791 167 2812 Art
185 2797 208 2817 1,.
224 2797 243 2812 2.

104 3305 111 3313 ⁸
123 3304 158 3325 et.
170 3310 230 3331 resp.
251 3303 287 3325 ad.
300 3310 313 3325 ι.

105 3392 156 3414 'Ga
176 3398 317 3419 ,ιιι,ιι.ι4.-

103 3419 127 3441 S.
165 3419 186 3440 h.
203 3419 254 3441 lect.
266 3425 317 3441 vin.

105 3484 113 3492 ·
129 3482 153 3504 ln
169 3488 275 3510 corpore.

105 3526 113 3534 ¹
129 3524 164 3547 cf.
181 3530 245 3546 num.
261 3530 282 3545 v.

329 319 380 365 64

330 450 413 479 ctus;
447 449 533 483 patet
561 442 650 482 quod
681 450 737 470 nec
766 436 980 469 antecedentia
1004 444 1062 465 nec
1093 434 1320 474 consequentia
1353 444 1399 464 re-

330 493 484 528 pugnant,
505 493 540 516 ut
556 486 727 526 putabatur
750 491 925 522 repugnare
950 479 1135 519 accipiendo
1160 478 1295 519 dignum
1317 488 1398 509 sem-

330 542 385 573 per
408 530 601 572 simpliciter.
631 529 672 559 Et
696 527 838 558 similiter
862 532 946 565 patet
969 523 1059 564 quod
1083 523 1214 554 humilis
1238 523 1400 563 magnani-

330 586 402 606 mus
419 575 568 615 procedet
584 574 623 604 ad
640 580 727 603 actus
747 577 896 610 magnos:
917 578 1043 608 semper
1059 575 1166 598 tamen
1182 567 1351 608 indignum
1368 578 1400 598 se

984 313 1253 367 QUAESTIO
1285 311 1463 357 CXXIX,
1495 311 1793 348 ARTICULUS
1825 311 1874 348 lV

330 399 391 429 hoc
415 405 476 434 est,
500 395 670 437 indignum
701 405 734 426 se
758 394 903 425 aestimat
925 393 958 422 in
982 391 1134 421 relatione
1150 390 1190 420 ad
1214 399 1290 420 suos
1315 389 1399 420 defe-
1425 393 1427 399 '

1455 390 1599 431 credens,
1612 400 1808 431 cognoscens
1825 396 1855 420 et
1879 389 1987 420 dicens
2003 389 2035 420 in
2055 389 2208 420 relatione
2225 390 2265 419 ad
2282 388 2429 429 proprios
2446 387 2531 418 defe-

1455 442 1534 465 ctuS.
1566 432 1658 467 Un'de
1682 435 1721 465 de
1745 434 1864 475 angelis
1881 433 2067 465 caelestibus
2087 433 2223 464 dicimus
2239 434 2256 452 *
2272 433 2363 474 quod
2387 438 2531 464 tremunt
2559 441 2602 462 'ln
2611 440 2768 462 praefactus-

1455 486 1527 510 ante
1550 480 1667 515 Deum,
1693 478 1858 510 referendo
1882 478 1944 509 hoc
1968 479 2008 509 ad
2031 478 2192 509 defectum
2217 485 2363 514 naturae,
2388 487 2470 518 quae
2494 486 2532 507 ex

1427 507 1429 577 i
1455 533 1489 554 se
1512 531 1617 564 potest
1640 523 1788 554 deficere:
1813 523 1961 564 quamvis
1981 533 2106 563 semper
2122 522 2228 554 felices
2248 522 2393 553 assistant
2417 529 2447 552 et
2471 521 2530 551 mi-

1428 579 1430 604 ³.
1455 567 1589 599 nistrent
1608 569 1690 599 Deo.

1117 727 1439 769 ARTICULUS
1469 727 1746 777 QUARTUS

913 820 1069 851 UTRUM
1093 820 1430 852 MAGNANIMITAS
1454 820 1522 851 SIT
1547 819 1706 851 vmrus
1730 819 1946 852 sPEciAL1s

397 899 470 929 lnfra,
491 906 537 930 qu.
556 904 655 928 cxxxw,
675 901 722 920 art.
742 903 766 926 2,
785 896 817 920 ad
839 902 868 925 2;
888 895 907 919 ll
929 895 1012 925 Seni„
1033 896 1093 920 dist.
1111 903 1172 925 xm,
1191 903 1236 928 qu.
1255 903 1283 925 n,
1303 900 1351 920 art.
1368 902 1399 927 43
1419 895 1459 926 111,
1479 895 1539 920 dist.
1557 902 1590 924 lx,
1610 903 1655 927 qu.
1674 902 1691 924 ι,
1711 900 1758 920 art.
1783 903 1803 925 ι,
1823 894 1874 927 qu⁸
1895 902 1924 926 2;
1944 896 2005 921 dist.
2022 903 2109 927 xxxm,
2128 904 2172 929 qu.
2193 905 2230 927 111,
2250 904 2296 923 art.
2318 898 2341 928 3,
2361 899 2412 932 qu*
2429 907 2462 931 4;

402 935 442 965 lV,
462 935 521 959 dist.
540 940 590 963 xiv,
610 940 656 965 qu.
675 939 693 961 1,
713 937 760 957 art.
784 940 804 961 1,
824 931 874 964 qu=
896 931 919 961 3,
939 931 970 956 ad
992 938 1022 962 23
1042 931 1101 956 dist.
1119 938 1170 962 xvi,
1190 939 1236 964 qu.
1254 939 1290 961 iv.
1309 937 1355 956 art.
1380 939 1401 960 1,
1421 931 1472 963 qu*
1496 938 1520 962 2,
1540 931 1572 956 ad
1593 938 1623 961 2;
1645 931 1687 956 De
1705 930 1790 961 Malo,
1809 938 1855 963 qu.
1873 938 1928 961 vm.
1948 936 1996 956 art.
2016 938 2040 961 2.
2059 932 2091 956 ad
2112 932 2142 962 35
2162 933 2195 958 1v
2216 934 2312 963 Ethic„
2332 935 2390 960 lect.
2408 942 2464 960 vm.

467 1043 503 1060 Μ
543 1025 566 1050 ι)
587 1023 763 1055 QUARTUM
782 1023 836 1048 διε
856 1022 1100 1048 paocamrua.
1116 1011 1278 1048 Videtur
1296 1011 1403 1059 quod

461 1058 521 1129 {Ei
543 1065 838 1115 magnanimitas
877 1077 955 1102 non
994 1065 1039 1102 sit
1068 1065 1242 1114 specialis
1270 1065 1402 1102 virtus.

416 1034 426 1058 ὗ

405 1061 459 1126 Δ

362 1029 392 1061 >22

354 1058 391 1113 'ii‘

347 1125 351 1131 .
365 1103 403 1166 γι]

349 1152 362 1180 1
368 1163 371 1170 ι

449 1193 474 1223 .'
503 1168 727 1213 &omnibus
766 1173 981 1211 virtutibus.
1029 1173 1106 1210 Sed
1144 1172 1404 1222 Philosophus

332 1228 432 1275 dicit,
454 1228 492 1264 in
518 1228 570 1266 IV
587 1228 709 1265 Ethic.
725 1227 756 1275 ²⁸,
786 1228 893 1277 quod
922 1227 971 1264 ad
999 1227 1293 1275 magnanimum
1320 1239 1406 1276 per-

332 1282 424 1319 tinet
461 1282 564 1330 quod
599 1287 653 1319 est
691 1282 728 1319 in
768 1293 997 1330 unaquaque
1033 1282 1169 1318 virtute
1205 1292 1405 1330 magnum.

332 1337 436 1383 Ergo
467 1335 763 1384 magnanimitas
793 1348 870 1372 non
901 1344 957 1372 est
985 1335 1156 1384 specialis
1183 1334 1317 1372 virtus.

389 1401 423 1426 2.
455 1390 690 1437 Priamum,
722 1389 815 1426 nulli
834 1389 987 1438 speciali
1007 1389 1135 1427 virtuti
1156 1388 1409 1426 attribuuntur
1435 1385 1437 1397 '

333 1451 439 1480 actus
467 1443 652 1481 virtutum
682 1443 934 1481 diversarum.
971 1443 1047 1481 Sed
1077 1442 1326 1491 magnanimo
1356 1450 1410 1480 at-

333 1496 551 1534 tribuuntur
561 1497 801 1534 diversarum
817 1497 1002 1534 virtutum
1018 1505 1142 1534 actus:
1155 1496 1290 1534 dicitur
1305 1496 1408 1534 enim

334 1550 373 1588 in
394 1551 445 1587 IV
459 1552 580 1588 Ethic.
596 1551 628 1599 ²⁸,
649 1551 755 1600 quod
775 1551 825 1589 ad
840 1550 1131 1599 magnanimum
1152 1550 1315 1599 pertinet
1334 1563 1408 1588 non

323 1605 472 1654 fugere
490 1611 803 1652 commonentem,
834 1605 940 1655 quod
961 1612 1017 1642 est
1036 1612 1142 1642 actus
1162 1604 1408 1654 prudentiae;

335 1670 456 1707 neque
479 1660 613 1707 facere
640 1660 790 1706 iniusta,
820 1659 927 1708 quod
952 1666 1010 1696 est
1029 1666 1136 1696 actus
1165 1658 1344 1704 iustitiae3
1375 1667 1412 1696 et

336 1712 443 1760 quod
473 1721 529 1750 est
546 1719 747 1763 promptus
775 1713 828 1750 ad
845 1713 1156 1762 benefaciendum
1175 1711 1207 1759 ³¹³,
1228 1712 1335 1760 quod
1357 1720 1412 1750 est

336 1773 442 1803 actus
463 1766 643 1812 caritatis;
674 1775 711 1804 et
729 1768 835 1816 quod
857 1767 1047 1803 ministrat
1056 1772 1235 1814 prompte
1253 1765 1284 1812 *,
1305 1767 1413 1815 quod

337 1827 392 1856 est
411 1828 517 1857 actus
532 1820 780 1864 liberalitatis;
803 1829 839 1858 et
858 1821 964 1869 quod
986 1828 1043 1856 est
1062 1820 1248 1857 veridicus
1257 1819 1289 1866 *,
1305 1820 1412 1869 quod

337 1882 392 1910 est
421 1882 527 1911 actus
555 1874 742 1919 veritatis3
775 1882 810 1910 et
839 1874 945 1922 quod
975 1886 1050 1910 non
1080 1879 1135 1910 est
1146 1873 1362 1921 planctivus
1380 1873 1411 1921 *,
1440 1874 1442 1879 ’

335 1927 442 1977 quod
472 1936 527 1964 est
556 1933 695 1965 actus²
728 1927 943 1976 patientiae.
984 1928 1086 1975 Ergo
1117 1926 1413 1975 magnanimitas

337 1993 416 2018 non
451 1989 506 2018 est
533 1981 654 2019 virtus
683 1981 869 2031 specialis.

394 2036 428 2072 3.
460 2036 696 2083 PRAETEREA,
728 2034 921 2085 quaelibet
939 2034 1060 2072 virtus
1086 2043 1141 2072 est
1162 2034 1319 2083 quidam
1341 2033 1415 2084 spi·
1441 2051 1442 2084 3

338 2088 511 2126 ritualisss
540 2098 697 2127 ornatus
726 2089 898 2127 animae:
929 2089 1145 2126 secundum
1174 2089 1263 2126 illud
1294 2089 1413 2126 Isaiae
1441 2106 1442 2110 =

337 2142 449 2180 LX1*:
479 2144 610 2180 Induit
636 2156 697 2180 me
726 2144 915 2180 Dominus
944 2143 1169 2180 vestimentis
1195 2142 1326 2179 salutis
1336 2156 1350 2186 ,·
1378 2150 1414 2179 et
1441 2148 1443 2173 ἒ

337 2203 473 2245 postea
502 2197 643 2243 subdit,
672 2197 784 2246 quasi
808 2209 986 2246 sponsam
1016 2202 1192 2233 ornatam
1214 2196 1414 2233 monilibus

337 2250 426 2287 suis.
458 2251 536 2288 Sed
565 2250 858 2299 magnanimitas
889 2258 944 2287 est
964 2256 1121 2288 ornatus
1149 2250 1320 2287 omnium
1341 2250 1416 2287 vir-

340 2310 481 2350 tutum,
510 2312 552 2342 ut
582 2304 718 2342 dicitur
747 2304 784 2342 in
815 2305 867 2342 IV
894 2303 1051 2342 Ethic.*
1085 2305 1187 2352 Ergo
1218 2303 1415 2352 magnarii·
1442 2301 1444 2308 ⁴

340 2358 451 2396 mitas
482 2366 537 2395 est
565 2358 752 2407 generalis
780 2358 910 2395 virtus.

396 2412 470 2448 SED
491 2424 638 2449 CONTRA
654 2424 721 2450 EST
736 2412 843 2462 quod
858 2411 1130 2460 Philosophus,
1148 2411 1185 2447 in
1203 2412 1233 2447 lI
1250 2411 1371 2448 Ethic.
1382 2410 1414 2458 *,

341 2465 535 2514 distinguit
564 2479 651 2504 eam
681 2474 815 2504 contra
843 2466 936 2503 alias
963 2465 1136 2502 virtutes.

396 2520 625 2558 Rssponnsso
645 2532 832 2558 DICENDUM
852 2519 972 2569 quod,
989 2518 1085 2556 sicut
1105 2517 1250 2568 supra*
1271 2518 1415 2556 dictum

342 2580 408 2620 est,
439 2573 489 2611 ad
515 2574 722 2623 specialem
743 2573 924 2611 virtutem
944 2572 1108 2622 pertinet
1127 2572 1231 2622 quod
1253 2572 1417 2610 modum
1445 2585 1446 2588 ¹

342 2627 496 2665 rationis
515 2628 554 2665 in
574 2628 702 2677 aliqua
722 2627 977 2666 determinata
997 2626 1157 2664 materia
1176 2634 1308 2675 ponat.
1335 2627 1418 2663 Ma·
1444 2625 1446 2632 ⁴

340 2681 565 2729 gnanimitas
586 2690 716 2719 autern
736 2682 846 2732 ponit
871 2681 1034 2719 modum
1057 2679 1214 2718 rationis
1234 2679 1334 2717 circa
1354 2680 1419 2718 de-

340 2734 583 2773 terminatam
614 2736 827 2783 materiam,
858 2735 999 2773 scilicet
1028 2734 1127 2772 circa
1155 2735 1344 2781 honores,
1377 2741 1419 2771 ut

341 2789 491 2838 supra*
520 2789 664 2828 dictum
697 2798 764 2828 est.
795 2790 934 2827 Honor
963 2797 1107 2836 autem,
1137 2788 1352 2826 secundum
1378 2801 1418 2825 se

342 2843 627 2889 consideratus,
665 2852 721 2882 est
749 2843 953 2893 quoddam
982 2844 1132 2880 bonurn
1162 2842 1340 2892 speciale.
1371 2843 1420 2880 Et
1446 2836 1447 2859 ³

341 2897 555 2935 secundum
585 2898 660 2935 hoc
689 2898 995 2946 magnanimitas,
1025 2897 1241 2934 secundum
1265 2909 1306 2934 se
1327 2908 1420 2933 con-

341 2950 517 2997 siderata,
548 2959 605 2988 est
632 2952 825 3000 quaedam
854 2950 1028 3001 specialis
1056 2951 1189 2988 virtus.
1221 2951 1297 2988 Sed
1328 2949 1418 3000 quia

395 3066 421 3095 α)
441 3068 528 3090 actus.
543 3079 561 3084 -
580 3068 658 3090 actus
676 3069 754 3091 actus
774 3066 805 3096 Α,
825 3074 881 3091 om.
899 3065 1083 3092 BDEFGIKL.

395 3099 420 3133 β)
440 3101 603 3134 spiritualis.
616 3115 635 3121 -
653 3101 780 3134 specialis
800 3101 978 3135 PDEHleC.

486 1126 514 1169 ‘fi
545 1121 661 1157 Nulla
690 1120 793 1156 enim
823 1119 995 1168 specialis
1014 1119 1135 1156 virtus
1165 1126 1347 1168 operatur
1366 1119 1404 1156 in
1432 1115 1433 1121 ’

1430 1019 1437 1058 l
1458 1012 1586 1048 honor
1614 1018 1671 1047 est
1690 1010 1891 1047 cuiuslibet
1909 1010 2059 1048 virtutis
2078 1012 2309 1062 praemium,
2338 1023 2380 1052 ut
2408 1027 2453 1053 ex
2473 1029 2536 1053 su-

1432 1105 1433 1114 *
1459 1063 1564 1113 pra*
1593 1063 1700 1101 dictis
1728 1071 1850 1113 patet;
1885 1064 1973 1102 ideo
2004 1077 2050 1102 ex
2079 1067 2351 1115 consequenti,
2387 1069 2534 1107 ratione

1461 1130 1554 1155 suae
1583 1117 1779 1165 materiae,
1810 1118 1961 1167 respicit
1989 1130 2125 1156 omnes
2153 1119 2324 1158 virtutes.

1515 1173 1575 1209 An
1604 1183 1743 1210 PRtMUM
1768 1183 1868 1209 ERGO
1888 1184 2076 1210 mensuum
2105 1173 2212 1223 quod
2241 1175 2536 1223 magnanimitas

1462 1237 1541 1263 non
1558 1233 1614 1263 est
1628 1225 1728 1263 circa
1741 1226 1933 1263 honorem
1950 1238 2252 1276 quemcumque,
2264 1228 2333 1266 sed
2344 1228 2444 1266 circa
2457 1242 2538 1267 ma-

1462 1291 1582 1329 gnum
1610 1280 1816 1317 honorem.
1847 1279 1952 1317 Sicut
1971 1288 2101 1318 autem
2129 1281 2258 1319 honor
2285 1282 2446 1320 debetur
2462 1283 2539 1321 vir-

1462 1334 1543 1381 tuti,
1561 1333 1611 1370 ita
1631 1333 1746 1371 etiam
1768 1346 1932 1382 magnus
1949 1334 2078 1372 honor
2092 1335 2255 1372 debetur
2273 1348 2416 1385 magno
2432 1337 2540 1387 operi

1462 1387 1625 1425 virtutis.
1657 1388 1706 1425 Et
1725 1387 1814 1425 inde
1844 1395 1900 1425 est
1919 1388 2025 1437 quod
2053 1389 2322 1438 magnanimus
2344 1395 2360 1418 Υ
2381 1390 2541 1430 intendit

1465 1454 1606 1490 magna
1625 1441 1775 1491 operari
1796 1441 1835 1479 in
1855 1441 2024 1492 qualibet
2042 1442 2199 1480 virtute:
2219 1443 2450 1494 inquantum
2470 1444 2540 1483 sci-

1465 1495 1551 1533 licet
1578 1495 1700 1533 tendit
1719 1495 1768 1533 ad
1789 1508 1834 1533 ea
1853 1508 1955 1544 quae
1975 1504 2063 1534 sunt
2082 1497 2197 1546 digna
2215 1510 2359 1547 magno
2377 1499 2540 1536 honore.

1519 1552 1578 1587 Αι)
1599 1561 1792 1588 SECUNDUM
1811 1561 1998 1588 chENDtJM
2018 1551 2125 1600 quod
2153 1551 2243 1602 quia
2270 1552 2542 1601 magnanimus

1465 1603 1586 1644 tendit
1614 1604 1663 1641 ad
1691 1615 1852 1652 magna,
1892 1616 2134 1654 consequens
2173 1613 2230 1642 est
2266 1606 2374 1656 quod
2402 1605 2452 1644 ad
2479 1605 2543 1644 illa

1466 1657 1673 1708 praecipue
1701 1657 1833 1695 tendat
1861 1670 1962 1707 quae
1991 1658 2200 1708 important
2223 1659 2392 1709 aliquam
2421 1660 2543 1698 excel-

1467 1711 1636 1759 lentiam,
1659 1719 1694 1748 et
1713 1711 1776 1749 illa
1795 1711 1911 1760 fugiat
1931 1724 2030 1762 quae
2050 1713 2242 1762 pertinent
2264 1715 2313 1752 ad
2335 1714 2542 1752 defectum.

1467 1765 1638 1803 Pertinet
1671 1773 1802 1803 autem
1836 1765 1883 1803 ad
1914 1766 2113 1814 quandam
2143 1767 2405 1805 excellentiam
2435 1767 2543 1817 quod

1469 1819 1605 1867 aliquis
1634 1820 1734 1856 bene
1763 1819 1886 1865 faciat,
1912 1827 1950 1856 et
1977 1820 2083 1869 quod
2113 1820 2160 1858 sit
2179 1821 2542 1869 communicativus,

1470 1880 1506 1909 et
1534 1871 1701 1922 plurium
1739 1872 1996 1910 retributivus.
2036 1874 2086 1911 Et
2114 1874 2202 1912 ideo
2233 1875 2282 1913 ad
2315 1874 2386 1913 ista
2413 1887 2544 1926 prom-

1468 1933 1579 1975 ptum
1599 1938 1640 1962 se
1667 1925 2080 1975 exhibet„inquantum
2103 1928 2248 1966 habent
2270 1927 2459 1967 rationem
2480 1941 2545 1968 cu-

1469 1979 1621 2018 iusdam
1652 1979 1914 2017 excellentiae:
1945 1992 2024 2018 non
2053 1989 2183 2019 autem
2213 1982 2428 2020 secundum
2457 1994 2545 2021 eam

1470 2033 1659 2072 rationem
1687 2046 1765 2083 qua
1784 2042 1872 2071 sunt
1891 2042 1998 2072 actus
2026 2034 2187 2072 aliarum
2215 2035 2414 2074 virtutum.

1523 2088 1586 2126 Ad
1606 2087 1798 2125 defectum
1820 2096 1948 2125 autem
1963 2087 2126 2137 pertinet
2145 2089 2251 2138 quod
2271 2089 2406 2140 aliquis
2425 2089 2547 2128 intan-

1469 2149 1552 2180 tum
1581 2141 1855 2191 magnipendat
1879 2141 2007 2191 aliqua
2037 2143 2223 2181 exteriora
2242 2144 2346 2181 bona
2363 2144 2426 2182 vel
2446 2143 2548 2182 mala

1471 2196 1577 2246 quod
1615 2208 1686 2245 pro
1716 2196 1769 2232 eis
1805 2208 1827 2233 a
1856 2195 1994 2234 iustitia
2029 2197 2090 2234 vel
2124 2209 2371 2247 quacumque
2407 2197 2548 2236 virtute

1471 2249 1634 2287 declinet
1653 2247 1679 2286 ⁸.
1720 2249 1901 2287 Similiter
1934 2249 2048 2288 etiam
2078 2251 2127 2289 ad
2165 2251 2358 2290 defectum
2386 2251 2550 2302 pertinet

1471 2302 1598 2340 omnis
1618 2303 1820 2341 occultatio
1840 2303 2029 2341 veritatis:
2059 2305 2148 2352 quia
2168 2305 2322 2343 videtur
2342 2317 2388 2343 ex
2408 2305 2548 2344 timore

1470 2357 1693 2407 procedere.
1725 2357 1844 2404 Quod
1873 2357 1988 2394 etiam
2009 2357 2145 2406 aliquis
2174 2358 2221 2396 sit
2247 2359 2476 2408 planctivus,
2497 2359 2547 2398 ad

1473 2411 1664 2448 defectum
1694 2411 1876 2460 pertinet:
1906 2411 1996 2461 quia
2029 2424 2099 2461 per
2117 2412 2193 2449 hoc
2211 2412 2364 2451 videtur
2397 2412 2549 2450 animus

1473 2464 1723 2502 exterioribus
1752 2464 1861 2502 malis
1890 2466 2156 2503 succumbere.
2191 2466 2241 2504 Et
2269 2466 2358 2504 ideo
2387 2467 2483 2504 haec
2512 2474 2550 2504 et

1472 2518 1610 2556 similia
1623 2518 1716 2556 vitat
1731 2518 2002 2567 magnanimus
2017 2519 2233 2558 secundum
2249 2519 2447 2570 quandam
2464 2532 2549 2570 spe-

1472 2572 1608 2610 cialem
1630 2571 1832 2619 rationem,
1853 2571 1995 2610 scilicet
2013 2581 2197 2622 tanquam
2218 2573 2407 2612 contraria
2426 2574 2551 2612 excel-

1472 2625 1609 2663 lentiae
1638 2627 1702 2663 vel
1732 2625 1997 2675 magnitudini.

1525 2682 1584 2717 An
1613 2691 1775 2718 TERTIUM
1796 2691 1982 2718 DICENDUM
2005 2680 2110 2731 quod
2131 2680 2325 2730 quaelibet
2343 2681 2463 2718 virtus
2482 2680 2549 2718 ha-

1445 2737 1447 2779 ἶ
1472 2734 1536 2771 bet
1551 2733 1748 2783 quendam
1764 2733 1947 2772 decorem
1968 2733 2050 2772 sive
2066 2742 2246 2773 ornatum
2262 2747 2308 2772 ex
2323 2747 2392 2773 sua
2407 2733 2548 2784 specie,

1445 2782 1447 2829 ἦ
1472 2787 1537 2837 qui
1567 2795 1623 2826 est
1652 2787 1830 2838 proprius
1859 2788 2066 2837 unicuique
2095 2788 2237 2827 virtuti.
2268 2788 2346 2827 Sed
2367 2787 2550 2839 superad-

1474 2841 1574 2880 ditur
1609 2841 1704 2879 alius
1742 2850 1898 2879 ornatus
1928 2854 1972 2879 ex
2002 2841 2085 2892 ipsa
2123 2842 2385 2892 magnitudine
2423 2841 2551 2892 operis

1446 2911 1448 2937 z
1474 2896 1631 2933 virtuosi
1661 2907 1731 2945 per
1758 2896 2134 2945 magnanimitatem,
2173 2908 2274 2945 quae
2307 2907 2445 2934 omnes
2473 2895 2551 2933 vir-

1474 2957 1573 2987 tutes
1601 2950 1766 2987 maiores
1780 2950 1897 2998 facit,
1927 2957 1969 2988 ut
1997 2949 2133 2988 dicitur
2162 2950 2199 2988 in
2229 2949 2281 2987 IV
2307 2948 2466 2987 Ennia*

1529 3067 1556 3126 Ξ)
1577 3065 1780 3107 magnanimus.
1793 3079 1813 3085 -
1831 3072 1948 3098 magnus
1966 3065 2157 3107 BpEFpACK.

1548 3102 1556 3134 )
1576 3102 1701 3128 declinet.
1714 3115 1733 3121 -
1753 3101 1863 3127 recedat
1882 3105 1909 3127 et
1927 3101 2042 3127 declinet
2060 3101 2108 3127 Pa.

1026 3182 1364 3216 Commentariis
1387 3181 1642 3216 cardinalis
1666 3182 1869 3216 Caietam

346 3272 392 3335 Is
404 3262 537 3294 articulo
550 3269 666 3304 quarto
679 3262 822 3294 eiusdem
835 3263 1306 3304 centesimaevigesimaenonae
1322 3273 1420 3305 quae-

375 3306 488 3338 stionis
505 3307 641 3339 dubium
660 3307 797 3339 occurrit
814 3308 894 3339 circa
916 3308 996 3339 illud
1011 3308 1044 3338 *z
1070 3309 1228 3350 Proprius
1242 3314 1336 3340 actus
1351 3319 1420 3340 ma-

344 3353 494 3392 gnanimi
514 3357 560 3383 est
576 3352 707 3383 tendere
723 3354 756 3383 in
772 3362 929 3395 magnum
947 3354 979 3384 in
997 3354 1153 3395 cuiusque
1168 3355 1296 3385 virtutis
1311 3363 1419 3395 opere,

345 3396 433 3436 quod
458 3396 590 3427 habetur
611 3397 643 3427 in
661 3397 702 3428 1v
719 3397 822 3429 Ethic.
839 3397 866 3434 ¹⁸⁸,
884 3405 914 3429 et
935 3397 1009 3429 facit
1025 3397 1244 3430 difficultatem
1270 3408 1421 3439 magnam

344 3439 377 3470 in
394 3441 549 3480 praesenti
567 3441 710 3472 articulo.
730 3445 851 3473 Auctor
867 3442 1026 3484 siquidem
1041 3452 1077 3474 ex
1094 3450 1181 3483 parte
1196 3443 1346 3474 materiae
1360 3442 1421 3473 dis-

345 3484 460 3524 tinguit
480 3485 773 3525 magnanimitatem
797 3488 835 3517 ab
852 3487 963 3518 aliis*:
985 3487 1046 3519 hoc
1069 3495 1178 3519 autem
1201 3487 1421 3519 difficultatem

346 3529 419 3560 facit
433 3539 470 3560 ex
487 3536 575 3570 parte
592 3529 734 3561 formalis
751 3531 891 3562 rationis.
916 3532 956 3563 Et
975 3539 1022 3563 est
1037 3531 1117 3564 ratio
1130 3531 1248 3563 dubii*
1260 3532 1336 3573 quia
1352 3541 1421 3562 ma-

345 3584 447 3615 gnum
471 3581 501 3605 et
524 3584 659 3615 parvum
689 3575 845 3616 cuiusque
869 3583 958 3607 actus
981 3576 1106 3608 virtutis
1130 3586 1196 3607 non
1221 3576 1421 3616 distinguun-

346 3626 398 3650 tur
413 3618 530 3659 specie:
552 3629 587 3649 ac
603 3629 660 3659 per
676 3619 747 3656 hoc,
764 3619 907 3651 eiusdem
922 3621 1046 3652 virtutis
1061 3628 1107 3652 est
1123 3621 1251 3652 tendere
1266 3620 1299 3651 in
1314 3627 1421 3652 actum

346 3673 442 3695 suurn
458 3663 523 3695 sive
539 3673 694 3704 magnum
710 3664 775 3695 sive
793 3674 937 3705 parvum.
954 3666 993 3696 Et
1010 3666 1054 3696 sic
1070 3665 1316 3706 magnanimitas
1332 3665 1421 3696 coin-

1476 3263 1550 3295 cidit
1573 3273 1648 3295 cum
1679 3263 1821 3306 qualibet
1842 3262 1958 3294 virtute
1988 3262 2181 3304 inquantum
2213 3261 2288 3293 facit
2318 3272 2414 3294 suurn
2444 3270 2553 3295 actum

1475 3319 1642 3350 magnum.
1660 3308 1701 3340 Et
1716 3308 1760 3339 sic
1776 3318 1842 3339 non
1859 3314 1907 3339 est
1921 3307 2021 3339 virtus
2037 3307 2192 3348 specialis,
2206 3307 2260 3338 sed
2277 3307 2438 3349 quaelibet
2452 3307 2553 3340 virtus

1476 3361 1512 3385 ut
1535 3363 1681 3385 exercens
1704 3362 1860 3393 magnum
1881 3359 1998 3383 actum.
2023 3352 2098 3383 Non
2126 3359 2173 3383 est
2203 3362 2279 3392 ergo
2309 3351 2552 3394 magnanimitas

1475 3408 1540 3429 una
1572 3398 1686 3429 virtus:
1716 3397 1771 3428 sed
1794 3404 1842 3428 est
1873 3396 2011 3427 maxima
2045 3396 2218 3434 fortitudo,
2243 3397 2381 3428 maxima
2411 3396 2551 3434 iustitia,

1476 3443 1613 3473 maxima
1627 3441 1846 3483 temperantia,
1863 3448 1894 3472 et
1917 3441 1961 3472 sic
1977 3441 2016 3472 de
2040 3441 2126 3478 aliis;
2147 3441 2308 3483 quaelibet
2327 3441 2414 3473 enim
2438 3441 2552 3473 hurum

1475 3486 1576 3519 tendit
1599 3487 1631 3517 in
1656 3496 1811 3527 magnum
1836 3496 1932 3517 suum
1957 3493 2074 3518 actum.

1531 3531 1714 3568 Praeterea,
1739 3541 1892 3571 magnum
1918 3531 1951 3562 in
1982 3538 2053 3562 actu
2086 3531 2313 3573 temperantiae
2343 3531 2394 3562 vel
2416 3529 2552 3562 iustitiae

1475 3583 1530 3607 aut
1545 3576 1639 3607 habet
1655 3576 1810 3607 rationem
1827 3576 1927 3610 ardui.
1945 3583 2000 3607 aut
2016 3586 2094 3608 non.
2119 3576 2151 3608 Si
2167 3576 2262 3608 habet
2278 3575 2434 3608 rationem
2450 3574 2551 3611 ardui,

1475 3630 1551 3661 ergo
1576 3620 1713 3651 maxima
1737 3620 1945 3662 temperantia
1976 3631 2043 3652 non
2067 3628 2174 3662 potest
2202 3621 2234 3652 in
2260 3629 2414 3662 magnum
2444 3625 2552 3650 actum

1475 3665 1714 3706 temperantiae.
1738 3665 1770 3696 Si
1795 3675 1879 3701 non,
1905 3676 1980 3706 ergo
2005 3675 2159 3707 magnum
2184 3666 2216 3696 in
2240 3665 2293 3697 tali
2318 3672 2390 3696 actu
2415 3674 2481 3695 non
2505 3670 2552 3695 est

2566 1084 2575 1092 ⁶
2588 1082 2636 1110 Qu.
2646 1086 2698 1108 οιιι,
2708 1084 2750 1102 art.
2761 1086 2768 1103 ι

2565 1109 2593 1131 ad
2608 1114 2627 1130 2.

2580 2959 2652 2982 ’Loe
2665 2959 2735 2983 dnm
2745 2966 2768 2982 ιι
