2768 4198
0 1685 9 1843 -r-w—nrq-u-

3 514 8 521 .
3 494 8 506 ,.
3 479 7 486 ,
0 120 16 466 «.“«;.;;,«-ι.,ι.,.-,ι.ῑστυτισι-

89 347 98 356 ·
111 345 208 367 Aristot.
223 345 254 367 de
270 344 302 366 Λ-

87 372 154 398 nim
183 371 222 393 lib.
255 371 299 398 ιιι,

87 404 237 447 ἓῖρπῗῖεὲε.
253 404 275 446 ἐξ.
290 410 300 414 “

82 785 295 860 fifnifhbf‘rss'ss:

1004 259 1272 305 QUAESTIO
1303 259 1441 306 cmv,
1470 260 1768 299 ARTICULUS
1798 262 1848 298 Xl

329 344 441 367 natura
455 336 656 367 *.-1dentitas
672 336 766 367 etiam
784 335 929 376 specifica
948 346 1157 376 personarum
1182 338 1398 367 concumben-

329 381 411 412 tium
434 387 557 411 constat
579 380 675 411 etiam
697 381 786 421 quod
810 380 987 410 secundum
1004 390 1036 410 se
1053 381 1137 411 bona
1152 388 1215 411 est:
1237 388 1349 420 utpote
1364 381 1396 411 in

327 425 417 456 omni
429 431 540 455 natura
552 424 739 455 animalium
755 424 941 455 coeuntium
957 435 974 454 a
992 431 1104 455 natura
1118 425 1270 455 instituta.
1289 425 1397 455 Diver-

327 470 400 500 sitas
424 478 556 510 quoque
579 478 714 499 sexuum
738 469 915 499 secundum
939 478 972 498 se
996 468 1088 508 ponit
1111 469 1235 499 bonum
1262 479 1397 508 propor-

327 513 423 544 tionis
446 513 597 544 naturalis
619 512 700 544 inter
728 513 868 544 activum
893 520 923 543 et
946 512 1119 553 passivum.
1148 513 1327 552 Proprietas
1350 513 1397 543 in-

326 564 578 588 strumentorum
601 557 779 588 secundum
802 567 835 587 se
857 556 958 597 ponit,
974 557 1056 588 ultra
1070 557 1247 587 naturalem
1264 567 1397 596 propor-

325 601 458 638 tionem,
481 602 606 632 bonum
629 601 779 632 naturalis
803 601 1039 632 coniunctionis
1066 601 1289 642 proximorum
1313 600 1397 641 prin—

325 645 485 685 cipiorum
513 645 743 686 generationis,
773 653 831 676 etc.
866 646 984 676 Modus
1024 653 1131 676 autem
1163 645 1397 676 concumbendi
1423 675 1424 688 ἦ

325 697 449 721 constat
471 690 562 731 quod
585 691 710 721 bonum
733 690 899 731 quoddam
923 690 1064 721 naturale
1084 697 1131 720 est
1149 690 1329 720 secundum
1344 698 1396 719 se:
1423 695 1425 731 ᾗ

325 744 400 765 cum
423 734 541 765 modus
565 734 764 775 peculiariter
786 735 910 765 bonum
934 734 1119 770 constituat,
1145 734 1287 765 consistit
1311 733 1396 764 enim

325 779 449 810 bonum
472 779 505 809 in
521 779 626 817 modo,
642 780 747 820 specie
763 784 793 809 et
806 779 920 810 ordine
933 779 960 810 ⁴².
986 779 1079 810 Unde
1095 778 1209 809 vitium
1224 787 1397 809 venereum

323 830 435 854 contra
459 830 606 854 naturam
628 824 661 854 in
685 824 741 854 has
770 823 914 864 quinque
937 823 1058 864 species
1081 822 1232 863 distingui
1255 823 1395 854 videtur:

322 868 366 898 ita
390 875 497 898 tamen
520 868 610 910 quod
633 867 747 899 ultima
770 868 890 908 species
921 875 956 898 ut
978 867 1162 908 imperfecta
1185 867 1305 908 species
1336 867 1396 897 sub

322 912 377 943 tali
407 922 520 952 genere
551 912 858 954 comprehendatur;
895 912 1051 954 quoniam
1083 922 1149 943 non
1182 918 1310 947 contra,
1341 911 1396 942 sed

321 963 445 997 praeter
471 964 618 988 naturam
641 956 693 994 fit,
710 967 785 988 cum
812 957 845 987 in
869 958 940 988 solo
964 957 1064 988 modo
1089 956 1323 987 concumbendi
1350 965 1395 986 er-

321 1008 417 1032 ratur.

378 1046 430 1077 IV.
456 1046 518 1076 Sed
541 1045 619 1076 haec
641 1045 808 1086 responsio
832 1044 936 1076 deficit
958 1045 991 1075 in
1008 1045 1080 1082 hoc,
1100 1045 1189 1086 quod
1209 1044 1397 1085 aequivocat

320 1091 360 1121 de
385 1091 483 1121 bono.
508 1090 674 1127 Quoniam
696 1090 769 1120 licet
792 1090 870 1120 haec
892 1089 956 1120 sint
978 1090 1063 1120 bona
1089 1089 1268 1120 secundum
1292 1098 1326 1119 se
1350 1088 1395 1118 di-

319 1145 483 1166 versarum
506 1134 667 1165 rationum
691 1134 724 1164 in
747 1143 815 1164 esse
838 1140 983 1170 naturae,
1009 1140 1045 1164 ut
1072 1141 1179 1164 tamen
1203 1133 1335 1164 veniunt
1362 1132 1393 1163 in

321 1189 418 1210 usum
441 1180 634 1216 humanum,
658 1185 733 1209 sunt
756 1177 852 1209 unius
875 1178 1007 1209 rationis
1031 1179 1129 1208 bona:
1161 1178 1331 1219 quoniam,
1360 1184 1395 1208 ut

318 1225 456 1255 subsunt
478 1223 622 1254 humano
647 1222 730 1259 usui,
755 1232 822 1253 non
847 1229 922 1253 sunt
944 1223 1030 1253 bona
1054 1222 1114 1253 nisi
1137 1222 1280 1253 bonitate
1303 1231 1394 1262 gene·

319 1268 454 1307 rationis>
473 1267 643 1304 humanae,
667 1267 708 1298 ad
726 1277 826 1308 quam
849 1267 958 1297 omnia
975 1266 1172 1298 ordinantur.
1198 1267 1297 1304 Quod
1321 1276 1394 1307 pro—

269 1319 294 1323 ”’
308 1309 426 1344 fiatur:
451 1311 527 1353 quia
551 1321 617 1342 non
640 1318 715 1342 sunt
738 1311 917 1342 secundum
941 1321 974 1342 se
998 1311 1181 1352 appetibilia
1195 1312 1234 1341 ab
1251 1310 1394 1351 appetitu

317 1357 462 1388 humano
485 1363 571 1387 recto
595 1355 663 1387 sine
686 1355 799 1387 ordine
818 1356 858 1386 ad
873 1349 1112 1396 ‘generationem
1127 1356 1304 1386 humanam
1327 1362 1394 1386 tan-

317 1409 404 1438 tum;
429 1411 505 1432 nam
528 1400 729 1439 concubitus,
753 1407 784 1431 et
807 1410 900 1431 sexus
924 1401 1069 1431 eiusdem
1084 1400 1210 1440 speciei,
1229 1407 1260 1431 et
1278 1400 1394 1431 instru—

316 1452 503 1478 mentorum
525 1444 719 1476 naturalium
744 1445 939 1482 coniuncdo,
963 1445 1088 1475 secluso
1113 1444 1225 1475 ordine
1244 1445 1284 1475 ad
1299 1454 1394 1484 gene-

316 1491 474 1522 rationem
495 1490 682 1526 humanam,
707 1490 792 1520 bona
816 1490 957 1520 humana
973 1499 1039 1520 non
1057 1497 1141 1526 sunt,
1162 1499 1219 1520 nec
1235 1496 1322 1520 tecto
1338 1499 1394 1530 ap-

316 1535 419 1577 petitu
441 1534 587 1565 humano
610 1533 805 1574 appetibilia.
833 1534 876 1565 Et
898 1533 1042 1565 similiter
1065 1534 1215 1574 opposita
1238 1533 1306 1564 istis
1330 1544 1393 1564 una

316 1587 348 1611 et
371 1579 484 1611 eadem
506 1588 543 1609 ac
564 1578 634 1609 sola
656 1578 779 1609 ratione
802 1585 878 1610 sunt
899 1579 984 1609 mala
1006 1579 1158 1615 humana,
1183 1578 1260 1619 quia
1276 1578 1394 1609 scilicet

314 1623 484 1666 quodlibet
505 1623 599 1663 ponit
621 1629 730 1654 actum
752 1632 924 1654 venereum
949 1633 987 1654 ex
1005 1633 1071 1664 quo
1096 1633 1163 1653 non
1180 1629 1286 1662 potest
1302 1623 1392 1664 sequi

314 1668 496 1710 generatio:
520 1667 594 1698 ideo
618 1667 705 1698 enim
728 1667 897 1699 seminatio
920 1667 988 1698 sine
1005 1667 1178 1699 concubitu
1198 1674 1245 1698 est
1268 1668 1392 1698 malum

313 1714 506 1749 humanum,
530 1711 607 1753 quia
630 1722 668 1743 ex
683 1722 720 1742 ea
738 1721 804 1743 non
824 1719 930 1752 potest
946 1712 1036 1753 sequi
1055 1712 1216 1753 generatio
1233 1712 1391 1748 humana;

315 1757 459 1789 §militer
481 1757 600 1787 abusus
623 1766 726 1793 sexuS‚
742 1757 793 1787 vel
809 1756 937 1787 alterius
953 1756 1080 1797 speciei,
1103 1757 1155 1787 vel
1177 1756 1390 1793 instrumenti,

313 1803 364 1834 vel
394 1801 504 1838 modi,
529 1808 576 1832 est
604 1801 728 1832 malum
756 1801 938 1832 humanum
964 1801 1041 1842 quia
1072 1811 1109 1831 ex
1132 1810 1171 1831 eo
1195 1811 1262 1831 non
1285 1807 1392 1840 potest

313 1846 406 1889 sequi
427 1846 570 1877 humana
592 1845 771 1885 generatim
795 1845 821 1875 si
837 1845 923 1876 enim
942 1852 1051 1885 posset
1069 1845 1212 1876 humana
1228 1845 1390 1885 generatio

314 1891 415 1933 sequi,
440 1890 520 1921 nihil
542 1890 661 1920 horum
681 1897 762 1920 esset
781 1890 904 1920 malum
927 1890 1118 1925 humanum,
1143 1890 1290 1930 quamvis
1309 1889 1391 1920 forte

313 1943 419 1968 essent
448 1935 532 1965 mala
561 1942 702 1965 naturae.
736 1934 778 1964 Et
805 1933 961 1974 quoniam
992 1934 1112 1974 species
1139 1934 1293 1965 vitiorum
1323 1944 1389 1964 non

269 1999 271 2002 ·
314 1980 553 2020 distinguuntur
575 1988 672 2018 penes
697 1978 781 2008 mala
799 1985 930 2009 naturae
949 1978 1127 2009 secundum
1143 1988 1186 2014 se,
1204 1979 1259 2008 sed
1279 1988 1389 2009 secun-

75 2297 86 2308 *
98 2297 156 2325 Arg.
170 2303 192 2323 ις
207 2296 236 2319 cf.
252 2297 284 2320 ibi

74 2327 123 2346 not.
139 2331 164 2347 α.

71 2831 81 2840 ⁸
91 2829 128 2852 Cf.
141 2829 184 2851 An

69 2856 124 2878 thie.
137 2855 178 2878 lib.

69 2887 192 2932 3323.ss

185 2831 222 2905 (1»Ρὲ

250 2828 274 2851 Ε

217 2861 283 2904 tt:

70 3007 82 3018 ⁸
92 3005 128 3029 Cf.
139 3012 178 3034 qu.
188 3011 282 3034 mun,

315 2026 394 2056 dum
405 2024 496 2065 quod
510 2023 646 2054 subsunt
657 2029 713 2053 aut
725 2022 955 2054 contrariantur
967 2023 1111 2053 humano
1125 2022 1214 2059 usui;
1234 2022 1307 2054 ideo
1323 2033 1389 2053 non

313 2076 444 2110 apparet
474 2067 560 2098 unde
587 2067 669 2098 inter
698 2073 827 2107 peccata
858 2073 968 2098 contra
991 2074 1138 2098 naturam
1162 2067 1325 2098 diversitas
1350 2067 1390 2098 sit

314 2112 470 2155 specifica.

369 2158 411 2189 Et
425 2157 488 2188 hoc
503 2156 677 2187 insinuavit
693 2157 825 2191 Auctor,
842 2155 996 2195 ponendo
1019 2155 1123 2196 ipsam
1146 2155 1389 2186 determinatam

312 2203 472 2234 rationem
486 2201 640 2237 luxuriae,
657 2207 689 2231 et
705 2199 827 2231 nullam
851 2200 1049 2230 mentionem
1069 2199 1215 2230 faciendo
1233 2199 1272 2230 de
1287 2200 1388 2230 diver-

312 2247 403 2278 sitate
425 2246 510 2276 iuius
533 2244 687 2286 specifica.
703 2261 722 2267 -
738 2243 895 2282 Quamvis
918 2244 980 2274 hoc
1004 2254 1071 2274 non
1095 2251 1198 2284 cogat.
1222 2244 1388 2281 Quoniam

312 2294 436 2323 Auctor
457 2290 492 2320 in
515 2290 621 2330 primo
645 2287 779 2320 articulo
803 2288 900 2318 huius
922 2288 1119 2329 quaestionis
1134 2288 1161 2325 *‚
1186 2289 1386 2319 numerando

311 2335 432 2377 species
446 2334 599 2370 luxuriae,
616 2333 694 2363 dixit
708 2333 741 2363 in
758 2342 895 2363 numero
914 2332 1040 2373 plurali,
1058 2333 1135 2363 vitia
1159 2338 1273 2364 contra
1293 2339 1388 2364 natu-

311 2389 383 2411 ram
391 2387 404 2417 ‚·
427 2385 458 2409 et
480 2378 514 2409 in
538 2378 671 2409 articulo
695 2376 812 2408 ultimo
835 2376 932 2407 huius
955 2377 1167 2418 quaestionis,
1193 2377 1268 2408 dicit
1291 2378 1387 2409 etiam

311 2423 483 2465 pluraliter,
497 2424 530 2453 in
543 2423 628 2454 viriis
643 2431 726 2462 quae
739 2427 816 2452 sunt
830 2426 944 2452 contra
960 2427 1112 2452 naturam
1129 2422 1385 2463 transgreditur,

310 2476 369 2500 etc.
394 2467 527 2499 Pluralis
543 2467 703 2507 siquidem
726 2475 880 2497 numerus
904 2466 1064 2497 insinuare
1082 2466 1208 2497 videtur
1223 2467 1386 2506 pluralita-

310 2521 377 2544 tem
388 2512 540 2543 vitiorum
553 2509 749 2551 specificam:
765 2520 841 2541 nam
854 2510 976 2541 ratione
989 2510 1161 2541 numeralis
1174 2510 1386 2542 distinctionis

311 2567 378 2588 non
402 2555 490 2587 fieret
513 2565 619 2586 sermo
643 2554 786 2595 pluralis.

367 2601 406 2632 V.
432 2600 474 2630 Et
501 2609 574 2630 vere
605 2599 648 2629 sic
677 2605 732 2630 est.
766 2599 850 2629 Nam
880 2598 1001 2639 species
1029 2599 1203 2629 moralium
1231 2599 1384 2630 vitiorum

312 2655 378 2676 non
397 2653 522 2684 semper
541 2650 714 2674 sumuntur
737 2652 834 2683 penes
853 2643 973 2683 species
988 2644 1152 2674 bonorum
1168 2643 1382 2683 privatorum:

311 2689 366 2720 sed
390 2689 487 2720 etiam
509 2697 607 2728 penes
630 2687 752 2718 diversa
774 2687 896 2718 motiva
919 2697 975 2727 per
993 2697 1027 2718 se
1050 2686 1238 2718 sufficientia
1261 2689 1299 2718 ad
1324 2689 1386 2728 pri-

310 2733 474 2765 vationem
497 2732 593 2763 unius
616 2738 647 2762 et
671 2731 814 2762 eiusdem
838 2731 930 2767 boni;
955 2738 991 2762 ut
1014 2738 1101 2772 patet
1123 2731 1156 2762 in
1181 2732 1309 2763 duobus
1333 2743 1383 2764 ex-

310 2778 419 2810 tremis
442 2777 526 2808 vitiis
549 2775 786 2816 temperantiae,
811 2785 892 2816 quae
915 2775 1001 2806 idem
1025 2777 1149 2806 bonum
1171 2777 1303 2813 tollunt,
1329 2779 1383 2808 sed

272 2840 283 2846 -
311 2821 532 2857 diversimode,
550 2821 667 2852 scilicet
690 2831 747 2861 per
770 2830 933 2850 excessum
957 2827 988 2850 et
1003 2830 1059 2860 per
1082 2820 1242 2851 defectum
1253 2821 1281 2852 *.
1307 2822 1384 2852 Ubi-

310 2876 450 2908 cumque
473 2866 559 2897 enim
574 2871 746 2896 occurrunt
768 2864 889 2895 diversa
909 2864 1030 2895 motiva
1052 2875 1193 2905 quorum
1217 2866 1384 2906 quodlibet

309 2918 357 2942 est
380 2921 435 2951 per
458 2921 491 2941 se
515 2909 674 2941 sufficiens
697 2910 737 2939 ad
758 2909 949 2949 privandum
968 2909 1093 2939 bonum
1109 2909 1243 2940 alicuius
1258 2910 1383 2941 virtutis

309 2955 449 2991 moralis,
472 2955 516 2985 ibi
539 2954 661 2985 diversa
675 2953 750 2984 vitia
773 2955 951 2984 secundum
966 2953 1105 2993 speciem
1125 2955 1275 2994 ponenda
1290 2962 1382 2986 sunt:

310 3007 346 3031 ut
374 3006 460 3039 patet
487 2999 519 3030 in
549 2998 701 3039 exemplis
730 2998 829 3034 datis,
855 3005 885 3028 et
907 2998 940 3028 in
970 2997 1134 3038 speciebus
1157 2999 1250 3038 gulae
1263 2999 1291 3029 *.
1320 2999 1382 3030 Sed

309 3044 431 3075 diversa
454 3050 578 3075 constat
601 3052 669 3073 esse
685 3042 804 3073 motiva
827 3042 860 3072 in
884 3042 933 3072 his
949 3042 1083 3082 peccatis
1099 3049 1206 3073 contra
1224 3050 1380 3080 naturam,

309 3088 353 3119 ita
375 3089 465 3129 quod
488 3087 655 3129 quodlibet
678 3087 838 3118 motivum
862 3093 908 3117 est
931 3097 987 3127 per
1010 3097 1043 3117 se
1066 3086 1226 3117 sufficiens
1250 3087 1288 3117 ad
1313 3097 1380 3118 cor-

309 3132 492 3173 ruptionem
523 3131 674 3163 naturalis
704 3131 823 3162 ordinis
848 3138 936 3162 actus
958 3131 1083 3161 venerei
1107 3131 1252 3162 humani.
1285 3131 1383 3171 Igitur

309 3176 449 3207 diversae
473 3183 547 3207 sunt
570 3176 689 3217 species
713 3176 831 3216 peccati
856 3182 965 3206 contra
989 3182 1145 3206 naturam.

365 3220 471 3251 Minor
493 3221 654 3261 probatur.
680 3221 765 3258 Quia
789 3220 922 3251 mollem
945 3227 1054 3251 movet
1077 3220 1145 3250 sola
1169 3219 1304 3260 expletio
1324 3230 1380 3250 vo-

309 3264 439 3304 luptatis
454 3274 618 3301 venereae;
638 3265 832 3295 sodomitam
848 3271 958 3295 movet
972 3274 1110 3304 persona
1125 3264 1257 3294 indebiti
1273 3273 1379 3301 sexus;

309 3307 473 3339 bestialem
495 3315 605 3339 movet
620 3309 825 3349 suppositum
841 3309 961 3340 alienae
978 3309 1108 3350 speciei;
1133 3309 1317 3339 abutentem
1336 3308 1380 3339 fe-

309 3352 396 3382 mina
420 3359 503 3383 extra
524 3363 589 3389 vas,
614 3360 721 3384 movet
745 3353 910 3384 delectatio
934 3353 967 3383 in
990 3360 1078 3394 parte
1101 3353 1256 3389 indebita;
1282 3359 1312 3383 et
1328 3353 1378 3383 ul-

309 3397 426 3427 timum
450 3403 557 3427 movet
585 3396 750 3428 delectatio
773 3398 906 3429 indebiti
929 3398 1029 3429 modi.
1060 3398 1101 3429 Et
1129 3397 1294 3439 quodlibet
1322 3397 1379 3427 ho-

310 3451 382 3471 rum
406 3447 454 3471 est
475 3450 532 3480 per
556 3450 588 3470 se
611 3440 769 3471 sufficiens
789 3442 948 3473 motivum
972 3443 1011 3472 ad
1035 3442 1308 3482 corrumpendum
1325 3452 1379 3471 na-

310 3485 444 3516 turalem
476 3484 622 3515 ordinem
650 3491 805 3516 statutum
834 3486 867 3516 in
896 3493 968 3517 actu
996 3496 1132 3517 venereo
1157 3487 1318 3522 humano,
1344 3493 1379 3517 ut

310 3536 404 3570 patet.
437 3528 636 3559 Rationabile
664 3535 710 3559 est
739 3528 835 3569 igitur
863 3540 982 3570 ponere
1012 3531 1068 3561 has
1092 3531 1236 3572 quinque
1260 3530 1379 3570 species
1404 3529 1407 3584 }
1566 3573 1586 3603 h
1982 3573 2001 3603 b
2045 3572 2064 3602 Γ
2181 3572 2187 3578 ·
2395 3572 2414 3601 b
2458 3571 2477 3600 d

1404 3588 1406 3601 ι
1433 3584 1540 3604 semen
1589 3583 1744 3604 umanum
1768 3579 1935 3613 acceptum
1962 3583 1980 3603 a
2025 3582 2134 3613 aiquo
2159 3582 2227 3602 viro
2256 3581 2393 3602 coneum
2417 3581 2454 3600 en
2480 3581 2499 3600 o

309 3573 375 3605 vitii
401 3580 510 3604 contra
534 3579 689 3603 naturam.

2446 261 2519 306 245

1454 337 1538 367 niam
1563 349 1637 369 curn
1660 339 1774 370 vitium
1802 346 1912 370 contra
1935 346 2081 370 naturam
2110 339 2319 370 constituatur
2342 338 2523 379 impossibi-

1451 381 1537 412 litate
1560 383 1771 422 generationis
1796 383 1955 414 humanae
1979 393 2015 414 ex
2040 383 2250 414 seminatione
2275 383 2424 418 humana,
2451 392 2523 413 con-

1452 435 1587 466 sequens
1611 434 1657 457 est
1680 428 1768 468 quod
1794 428 1988 469 ubicumque
2012 428 2170 469 quaedam
2187 427 2376 468 impotentia
2395 436 2522 467 genera-

1450 470 1545 499 tionis
1568 470 1727 502 humanae
1750 472 1783 502 in
1807 472 2015 503 seminatione
2039 472 2258 508 committitur,
2281 471 2325 502 ibi
2349 481 2405 511 per
2419 481 2452 501 se
2476 471 2522 501 di-

1450 514 1578 544 versitas
1598 515 1646 546 sit.
1672 516 1836 552 Quoniam
1859 516 1941 547 sicut
1952 517 2049 558 fissio
2066 517 2162 557 pedis
2177 516 2341 556 pedalitas
2363 515 2520 556 quaedam

1451 563 1507 594 est,
1525 564 1556 588 et
1578 558 1651 589 ideo
1668 566 1714 590 est
1737 570 1792 599 per
1809 570 1840 590 se
1865 560 2102 592 diversificativa
2125 561 2214 601 pedis
2229 561 2263 597 *;
2287 560 2330 591 ita
2353 560 2520 591 seminatio

1422 601 1425 648 ᾗ
1450 601 1482 630 in
1512 611 1587 632 sexu
1616 603 1756 634 indebito
1788 604 2026 645 impossibilitas
2054 605 2212 646 quaedam
2240 612 2286 636 est
2311 604 2521 645 generationis

1450 645 1609 676 humanae
1639 657 1676 677 ex
1704 648 1843 684 semine,
1869 656 1899 679 et
1922 649 1966 680 sic
1990 650 2028 680 de
2051 650 2130 681 aliis.
2154 667 2175 673 -
2199 649 2367 680 Consonat
2391 656 2421 679 et
2444 648 2522 678 haec

1452 689 1612 720 diversitas
1641 691 1786 730 specifica
1816 693 1990 724 moralibus
2015 694 2212 725 distinctivis.
2244 693 2328 731 Quia
2356 692 2522 734 quodlibet

1450 733 1586 764 istorum
1609 735 1806 766 motivoruni
1829 737 1970 768 dissonat
1993 739 2170 769 secundum
2194 748 2226 769 se
2250 748 2268 768 a
2291 737 2413 768 ratione
2430 744 2520 767 natu-

1451 778 1522 813 rali;
1554 785 1584 808 et
1608 786 1654 809 est
1682 789 1737 819 per
1760 790 1793 810 se
1817 781 1976 811 motivum
2000 792 2036 812 ex
2059 789 2146 822 parte
2171 789 2258 813 actus
2282 782 2406 813 venerei
2434 780 2521 824 (licet

1451 831 1488 852 ex
1511 829 1599 862 parte
1623 824 1782 863 operantis
1806 825 1906 864 possit
1929 826 2015 856 aliud
2038 837 2105 857 esse
2126 825 2317 869 motivum);
2342 833 2373 857 et
2396 832 2443 856 est
2466 835 2521 865 per

1450 876 1483 896 se
1507 867 1726 906 corruptivum
1750 868 1826 898 boni
1851 870 1993 909 specialis
2016 870 2139 901 virtutis
2163 871 2302 907 moralis,
2327 877 2406 911 puta
2430 870 2519 900 casti-

1450 910 1531 941 tatis.
1555 928 1576 933 -
1601 910 1767 943 Consonat
1797 913 1928 943 demum
1952 915 2087 954 propriis
2111 915 2207 946 huius
2230 915 2306 946 vitii.
2337 915 2519 952 Quoniam,

1451 962 1486 986 ut
1509 961 1595 995 patet
1618 955 1650 985 in
1673 956 1786 994 littera,
1809 957 1922 987 vitium
1939 957 2023 988 istud
2043 959 2104 989 hoc
2118 959 2212 991 habet
2228 959 2406 1000 proprium,
2430 959 2520 1000 quod

1449 999 1584 1029 naturali
1619 1000 1722 1030 ordini
1755 1007 1842 1031 actus
1876 1002 2008 1032 humani
2042 1003 2165 1033 venerei
2201 1004 2377 1034 secundum
2412 1004 2520 1043 ipsum

1449 1050 1556 1074 actum
1584 1044 1770 1084 opponitur.
1800 1046 1962 1076 Praedicta
1990 1053 2097 1077 autern
2123 1048 2243 1078 motiva
2271 1048 2380 1078 omnia
2407 1058 2519 1078 secun-

1449 1088 1528 1119 dum
1551 1088 1700 1128 opposita
1724 1089 1819 1119 etiam
1843 1090 2025 1121 naturaliter
2049 1091 2133 1122 dicto
2151 1093 2285 1122 naturali
2301 1092 2402 1122 ordini
2420 1099 2519 1123 atten-

1449 1133 1578 1163 duntur.

1503 1177 1569 1207 Nec
1592 1178 1697 1207 obstat
1719 1178 1808 1218 quod
1832 1180 1954 1208 Auctor
1970 1189 2035 1209 non
2053 1179 2158 1210 fecerit
2174 1180 2372 1210 mentionem
2397 1181 2435 1211 de
2452 1191 2520 1220 spe-

1448 1220 1536 1251 cifica
1559 1221 1737 1252 diversitate
1760 1222 1856 1252 huius
1879 1222 1956 1253 vitii.
1982 1223 2144 1260 Quoniam
2169 1225 2260 1255 locus
2279 1225 2317 1254 ab
2334 1225 2519 1256 auctoritate

1448 1265 1592 1306 negative
1615 1275 1679 1296 non
1705 1265 1797 1297 valet.
1822 1266 1863 1297 Et
1886 1267 2000 1307 plurali
2025 1278 2159 1298 numero
2183 1269 2271 1299 illam
2294 1269 2472 1299 insinuavit.

1503 1310 1570 1341 Nec
1593 1317 1639 1341 est
1662 1320 1774 1340 verum
1797 1312 1887 1351 quod
1910 1311 1968 1342 ista
1992 1320 2119 1352 peccata
2142 1322 2207 1342 una
2227 1320 2257 1343 et
2272 1314 2382 1343 eadem
2399 1313 2519 1343 ratione

1447 1353 1592 1395 specifica
1615 1354 1840 1395 specialissima
1864 1355 1926 1386 sint
1949 1356 2032 1386 mala
2053 1357 2228 1387 moraliter:
2254 1358 2400 1398 quamvis
2417 1367 2518 1387 unum

1447 1399 1554 1430 solum
1578 1399 1703 1429 bonum
1719 1400 1840 1430 morale
1857 1399 1979 1431 tollant.
2005 1400 2169 1438 Quoniam
2186 1408 2259 1432 sunt
2275 1412 2377 1432 unum
2394 1411 2518 1442 genere,

1447 1453 1545 1484 penes
1573 1443 1786 1484 privationem
1816 1444 2027 1484 generationis
2057 1445 2232 1476 humanae:
2267 1452 2296 1476 et
2322 1452 2396 1476 sunt
2419 1446 2520 1476 multa

1446 1488 1560 1528 specie,
1585 1498 1683 1528 penes
1707 1488 1829 1519 diversa
1853 1488 1973 1519 motiva
2003 1499 2060 1530 per
2082 1500 2115 1520 se
2144 1489 2331 1521 sufficientia
2355 1491 2394 1520 ad
2418 1490 2519 1530 priva-

1446 1533 1570 1563 tionem
1592 1533 1803 1573 generationis
1828 1533 1997 1564 humanae.

1505 1578 1558 1608 vl.
1582 1577 1634 1608 Ad
1657 1578 1834 1608 secundum
1857 1578 1988 1608 dubium
2004 1578 2022 1597 *
2045 1578 2159 1609 dicitur
2182 1579 2282 1619 quod,
2308 1589 2382 1609 curn
2405 1579 2519 1609 vitium

1445 1621 1591 1653 mollitiei
1624 1631 1775 1652 venereae
1811 1622 2022 1653 constituatur
2057 1632 2094 1653 ex
2126 1623 2306 1654 voluntaria
2338 1623 2519 1664 pollutione

1445 1667 1565 1708 absque
1589 1666 1761 1697 concubitu
1781 1676 1999 1708 quocumque,
2017 1667 2105 1697 nulla
2122 1674 2252 1708 apparet
2268 1667 2440 1698 differentia
2456 1667 2519 1698 for-

1445 1711 1536 1742 malis
1552 1720 1634 1751 quae
1651 1710 1823 1750 distinguat
1839 1711 1919 1742 hanc
1935 1711 2084 1751 speciem.
2105 1711 2177 1742 Sive
2192 1711 2278 1742 enim
2294 1712 2334 1742 sit
2351 1719 2519 1752 procurata

1417 1761 1419 1765 “
1444 1755 1619 1786 extrinseco
1635 1755 1841 1791 adminiculo,
1861 1755 1992 1796 proprio
2009 1756 2059 1786 vel
2078 1756 2193 1792 alieno,
2214 1766 2270 1796 per
2288 1757 2518 1797 quodcumque

1444 1800 1654 1830 coniunctum
1676 1800 1727 1829 vel
1751 1806 1932 1839 separatum
1955 1800 2214 1837 instrumentum,
2237 1801 2417 1831 dummodo
2438 1801 2518 1832 absit

1445 1843 1650 1879 concubitus;
1670 1844 1735 1874 sive
1758 1844 1798 1874 sit
1816 1851 1984 1884 procurata
2007 1854 2064 1884 per
2079 1845 2186 1875 solum
2202 1845 2384 1875 interiorem
2399 1852 2516 1882 actum,

1443 1888 1577 1929 positive
1592 1888 1643 1918 vel
1662 1888 1819 1928 negative:
1840 1889 1927 1919 nulla
1946 1888 1982 1919 fit
2001 1889 2162 1920 diversitas
2181 1888 2336 1929 specifica,
2361 1889 2516 1930 quoniam

1443 1933 1520 1964 haec
1544 1932 1653 1963 omnia
1669 1932 1871 1963 materialiter
1893 1933 1943 1963 vel
1966 1942 2022 1973 per
2038 1933 2182 1964 accidens
2205 1943 2238 1964 se
2261 1933 2379 1965 habent
2402 1934 2441 1964 ad
2460 1944 2515 1964 vo-

1443 1977 1614 2008 luntariam
1638 1977 1883 2008 seminationem
1903 1978 2023 2018 absque
2040 1978 2223 2008 concubitu.
2249 1977 2383 2008 Gravius
2407 1985 2514 2009 tamen

1442 2028 1608 2063 peccatum
1632 2031 1706 2052 cum
1730 2021 1833 2051 alieno
1858 2022 1920 2052 hoc
1943 2022 2139 2053 adminiculo
2159 2021 2203 2058 fit,
2220 2022 2342 2053 ratione
2357 2023 2515 2054 societatis

1442 2067 1474 2097 in
1499 2072 1630 2106 peccato
1653 2065 1790 2096 alterius.

1498 2111 1539 2141 Et
1562 2111 1639 2141 haec
1661 2110 1811 2150 intellige,
1835 2111 1999 2151 loquendo
2020 2111 2058 2141 de
2074 2111 2128 2141 tali
2145 2110 2248 2151 specie
2267 2111 2387 2151 peccati
2404 2121 2515 2142 secun-

1442 2156 1521 2186 dum
1541 2165 1584 2186 se.
1610 2154 1775 2192 Quoniam
1798 2155 1963 2195 loquendo
1988 2155 2027 2185 de
2051 2155 2165 2186 eodem
2189 2162 2319 2195 peccato
2344 2162 2379 2186 ut
2402 2156 2514 2186 subor-

1441 2200 1568 2230 dinatur
1592 2209 1740 2229 morosae
1757 2199 1957 2230 delectationi
1981 2206 2037 2230 aut
2060 2199 2214 2230 desiderio
2232 2199 2387 2236 adulterii,
2405 2199 2515 2240 recipit

1441 2244 1536 2275 etiam
1560 2243 1706 2274 adulterii
1730 2243 1979 2280 deformitatem;
2005 2250 2036 2274 et
2058 2250 2094 2274 ut
2117 2243 2344 2274 subordinatur
2366 2254 2514 2274 morosae

1442 2287 1643 2319 delectationi
1670 2293 1725 2317 aut
1756 2287 1910 2318 desiderio
1938 2288 2093 2324 incestus,
2118 2287 2256 2318 admittit
2279 2287 2514 2319 deformitatem

1440 2333 1596 2368 incestus;
1621 2339 1651 2362 et
1675 2331 1718 2362 sic
1743 2331 1782 2362 de
1805 2332 1884 2363 aliis.

1497 2377 1564 2408 VII.
1582 2377 1633 2407 Ad
1648 2377 1777 2406 tertium
1801 2376 1932 2407 dubium
1949 2376 1966 2395 *
1990 2376 2104 2407 dicitur
2122 2376 2211 2417 quod
2231 2386 2383 2407 venereae
2399 2377 2512 2407 bestia—

1438 2421 1534 2453 litatis
1558 2421 1674 2452 vitium
1697 2420 1817 2460 species
1840 2421 2065 2461 specialissima
2090 2427 2145 2451 est.
2175 2421 2260 2451 Nam
2287 2431 2391 2462 neque
2422 2431 2513 2452 sexus

1438 2474 1493 2498 aut
1516 2466 1600 2496 vasis
1623 2465 1784 2496 diversitas
1807 2465 1840 2495 in
1865 2465 1964 2496 bestia
1987 2465 2201 2496 diversitatem
2216 2465 2329 2496 motivi
2352 2465 2384 2495 in
2402 2466 2513 2496 ordine

1439 2511 1479 2542 ad
1502 2510 1659 2542 rationem
1682 2509 1785 2546 habet,
1810 2510 1865 2540 sed
1889 2510 1948 2540 sub
1972 2510 2083 2540 eadem
2107 2509 2258 2540 movendi
2281 2509 2403 2540 ratione
2423 2520 2511 2540 com-

1439 2554 1644 2596 prehenditur
1673 2564 1738 2595 qua
1765 2554 1864 2585 bestia
1887 2554 1955 2594 ipsa
1978 2560 2104 2590 movet,
2129 2554 2247 2584 scilicet
2269 2561 2305 2584 ut
2328 2561 2511 2585 extraneum

1438 2610 1456 2630 a
1483 2599 1586 2640 specie
1617 2599 1776 2629 humana:
1807 2599 1889 2629 sicut
1919 2599 2024 2628 omnis
2053 2598 2242 2629 concubitus
2273 2598 2405 2629 masculi
2436 2609 2510 2629 cum

1438 2644 1582 2674 masculo
1612 2643 1692 2675 inter
1715 2642 1863 2673 homines
1887 2642 2031 2673 eiusdem
2054 2643 2188 2682 speciei,
2213 2642 2290 2683 quia
2314 2643 2372 2672 sub
2397 2644 2508 2673 eadem

1437 2688 1559 2719 ratione
1582 2694 1691 2718 movet
1709 2697 1777 2717 mas
1797 2694 1828 2718 et
1845 2687 2004 2727 quaelibet
2027 2687 2094 2717 eius
2118 2697 2189 2727 pars
2209 2696 2329 2716 marem
2346 2687 2386 2716 ad
2402 2696 2509 2718 actum

1436 2743 1618 2768 venereum,
1644 2739 1675 2762 et
1698 2731 1812 2762 mulier
1835 2731 2012 2762 mulierem.
2042 2732 2154 2771 Neque
2178 2738 2251 2761 nata
2274 2738 2321 2761 est
2344 2731 2433 2771 sequi
2456 2742 2508 2772 ge-

1435 2777 1556 2808 neratio
1581 2777 1721 2807 humana
1745 2786 1782 2806 ex
1806 2775 2034 2806 commixtione
2049 2785 2123 2806 cum
2139 2785 2215 2805 sexu
2233 2775 2356 2805 diverso
2373 2775 2507 2806 bestiae:

1435 2822 1518 2852 sicut
1536 2820 1648 2852 accidit
1662 2821 1695 2850 in
1713 2820 1940 2851 commixtione
1957 2819 2138 2850 hominum.
2163 2837 2184 2842 -
2208 2820 2248 2850 Et
2264 2830 2320 2859 per
2334 2819 2396 2850 hoc
2413 2820 2506 2850 etiam

1435 2866 1550 2896 dicitur
1573 2865 1663 2906 quod
1687 2865 1792 2895 omnis
1816 2865 2005 2895 concubitus
2022 2874 2096 2895 cum
2113 2865 2270 2894 daemone
2294 2871 2341 2894 est
2365 2864 2506 2894 eiusdem

1435 2910 1550 2951 speciei
1573 2909 1832 2950 specialissimae:
1857 2909 1932 2949 quia
1951 2909 2010 2939 sub
2027 2919 2091 2939 una
2107 2908 2228 2939 ratione
2243 2915 2361 2944 movet,
2379 2915 2414 2938 ut
2432 2918 2506 2948 sup-

1435 2955 1578 2995 positum
1602 2963 1668 2984 non
1693 2953 1836 2984 eiusdem
1859 2953 1985 2993 speciei.

1490 2999 1532 3029 Et
1554 2998 1632 3029 haec
1655 2997 1803 3038 intellige,
1828 3004 1987 3038 quantum
2004 3004 2050 3028 est
2069 3008 2106 3028 ex
2124 3004 2237 3027 natura
2253 3003 2351 3032 actus,
2371 2997 2433 3027 hoc
2450 3004 2505 3033 est,

1434 3043 1534 3084 ipsius
1558 3042 1747 3073 concubitus
1771 3043 1949 3072 secundum
1972 3052 2005 3072 se
2037 3052 2111 3072 cum
2135 3040 2302 3081 supposito
2332 3050 2397 3070 non
2421 3041 2504 3071 eius-

1435 3088 1507 3118 dem
1537 3087 1662 3127 speciei.
1695 3086 1861 3124 Quoniam
1891 3096 1928 3117 ex
1950 3093 2038 3126 parte
2063 3086 2201 3121 affectus,
2226 3091 2261 3115 ut
2284 3092 2361 3125 puta
2385 3084 2409 3114 si
2433 3085 2505 3126 quis

1434 3132 1531 3163 etiam
1553 3131 1651 3162 bestia
1675 3130 1787 3161 affectu
1804 3131 1996 3161 sodomitico
2013 3132 2171 3166 abutatur,
2188 3136 2243 3160 aut
2259 3139 2333 3159 cum
2345 3129 2505 3160 daemone

1433 3186 1489 3216 per
1512 3175 1660 3206 affectum
1683 3176 1722 3205 ad
1746 3175 1989 3205 delectationem
2006 3174 2240 3210 sodomiticam,
2264 3174 2315 3203 vel
2338 3183 2412 3204 cum
2429 3184 2505 3204 con-

1433 3220 1618 3260 sanguineo,
1637 3227 1704 3255 etc„
1730 3226 1836 3255 coeat;
1862 3226 2038 3259 peccatum,
2064 3219 2144 3249 ultra
2167 3217 2365 3249 bestialitatis,
2379 3217 2504 3254 vitium,

1433 3264 1666 3294 deformitatem
1691 3263 1856 3293 sodomiae
1878 3263 1928 3293 vel
1947 3263 2092 3294 adulterii
2116 3263 2164 3292 vel
2180 3262 2318 3292 incestus
2342 3262 2392 3292 vel
2411 3262 2503 3292 sacri-

1433 3308 1516 3348 legii,
1534 3314 1603 3343 etc„
1628 3307 1740 3338 induit.

1487 3353 1595 3382 Potest
1623 3361 1754 3392 quoque
1783 3361 1819 3381 ex
1847 3357 1935 3391 parte
1963 3350 2106 3387 effectus,
2132 3350 2283 3380 adiuncto
2307 3350 2502 3391 quandoque

1433 3396 1580 3436 patientis
1611 3395 1723 3426 affectu
1755 3405 1810 3425 seu
1835 3405 2012 3431 consensu,
2036 3395 2148 3425 variari
2176 3394 2305 3425 bestiale
2336 3402 2503 3435 peccatum

1434 3440 1575 3471 mulieris
1600 3450 1673 3470 cum
1699 3440 1871 3470 daemone:
1905 3446 1981 3479 puta
2005 3439 2030 3469 si
2055 3439 2203 3475 daemon,
2228 3449 2294 3469 non
2320 3439 2502 3469 confectum

1434 3495 1451 3515 a
1475 3485 1579 3525 seipso
1604 3494 1711 3514 semen
1743 3482 1846 3526 (quod
1874 3493 1940 3514 non
1965 3490 2011 3514 est
2034 3493 2144 3514 verum
2169 3492 2277 3514 semen
2301 3483 2499 3518 humanum,

1434 3530 1488 3560 sed
1521 3529 1653 3570 quidam
1680 3529 1798 3558 humor
1828 3528 1941 3559 semini
1971 3528 2114 3558 humano
2144 3525 2284 3570 similis),
2312 3528 2367 3557 sed
2390 3537 2500 3557 verum

365 3617 595 3657 Consonatque
608 3617 767 3647 distinctio
784 3617 841 3647 ista
856 3618 1088 3659 metaphysicae
1102 3619 1272 3650 doctrinae.
1291 3619 1380 3656 Quo·
1404 3603 1406 3647 Ι
1433 3617 1641 3649 transfundat.
1671 3617 1750 3647 Tale
1774 3617 1859 3647 enim
1883 3623 2048 3657 peccatum
2072 3627 2109 3647 ex
2133 3623 2219 3657 parte
2243 3615 2430 3646 concubitus
2455 3621 2500 3644 est

2549 566 2559 575 ⁴
2572 564 2670 586 aristot.
2685 564 2764 586 Meta-

2545 590 2736 618 pltye.lib.V1,ca
2755 607 2761 613 .

2547 623 2589 648 ιρι,
2604 623 2627 639 n.
2652 617 2705 640 .·S.
2715 597 2759 639 ΤΕ.

2548 644 2587 665 hb.
2643 660 2649 671 ‚
2658 644 2709 666 lect.
2719 650 2759 666 ιιι.

2548 1586 2556 1595 ‘
2570 1584 2639 1607 Num.
2655 1591 2680 1607 ιι.

2541 2385 2551 2395 “
2565 2384 2624 2406 [bid.
