<?xml version="1.0" encoding="UTF-8"?>
<!DOCTYPE html PUBLIC "-//W3C//DTD XHTML 1.0 Transitional//EN"
    "http://www.w3.org/TR/xhtml1/DTD/xhtml1-transitional.dtd">
<html xmlns="http://www.w3.org/1999/xhtml" xml:lang="en" lang="en">
 <head>
  <title>
</title>
<meta http-equiv="Content-Type" content="text/html;charset=utf-8" />
  <meta name='ocr-system' content='tesseract 3.04.00' />
  <meta name='ocr-capabilities' content='ocr_page ocr_carea ocr_par ocr_line ocrx_word'/>
</head>
<body>
  <div class='ocr_page' id='page_1' title='image "./operaomniaiussui10thom/operaomniaiussui10thom_0250.png"; bbox 0 0 2768 4198; ppageno 0'>
   <div class='ocr_carea' id='block_1_1' title="bbox 64 976 183 1003">
    <p class='ocr_par' dir='ltr' id='par_1_1' title="bbox 64 976 183 1003">
     <span class='ocr_line' id='line_1_1' title="bbox 64 976 183 1003; baseline -0.017 -5"><span class='ocrx_word' id='word_1_1' title='bbox 64 978 74 987; x_wconf 76' lang='lat'>⁸</span> <span class='ocrx_word' id='word_1_2' title='bbox 87 976 142 1003; x_wconf 76' lang='lat' dir='ltr'>Cap.</span> <span class='ocrx_word' id='word_1_3' title='bbox 162 982 183 996; x_wconf 86' lang='lat' dir='ltr'>x.</span> 
     </span>
    </p>
   </div>
   <div class='ocr_carea' id='block_1_2' title="bbox 63 1402 274 1452">
    <p class='ocr_par' dir='ltr' id='par_1_2' title="bbox 63 1402 274 1452">
     <span class='ocr_line' id='line_1_2' title="bbox 63 1402 274 1452; baseline -0.019 0"><span class='ocrx_word' id='word_1_4' title='bbox 63 1403 137 1452; x_wconf 59' lang='lat' dir='ltr'>&#39;scss&#39;i</span> <span class='ocrx_word' id='word_1_5' title='bbox 147 1408 204 1450; x_wconf 50' lang='lat'>”1224</span> <span class='ocrx_word' id='word_1_6' title='bbox 213 1402 274 1449; x_wconf 60' lang='lat'>⁶13²</span> 
     </span>
    </p>
   </div>
   <div class='ocr_carea' id='block_1_3' title="bbox 62 1614 275 1801">
    <p class='ocr_par' dir='ltr' id='par_1_3' title="bbox 62 1614 275 1663">
     <span class='ocr_line' id='line_1_3' title="bbox 62 1614 275 1640; baseline -0.014 -4"><span class='ocrx_word' id='word_1_7' title='bbox 62 1615 73 1625; x_wconf 77' lang='lat'>⁸</span> <span class='ocrx_word' id='word_1_8' title='bbox 87 1614 119 1636; x_wconf 82' lang='lat' dir='ltr'>Ca</span> <span class='ocrx_word' id='word_1_9' title='bbox 138 1619 275 1640; x_wconf 63' lang='lat' dir='ltr'>.x1,n.4.-</span> 
     </span>
     <span class='ocr_line' id='line_1_4' title="bbox 63 1641 259 1663; baseline -0.015 0"><span class='ocrx_word' id='word_1_10' title='bbox 63 1641 88 1663; x_wconf 89' lang='lat' dir='ltr'>S.</span> <span class='ocrx_word' id='word_1_11' title='bbox 142 1657 145 1661; x_wconf 92' lang='lat'>.</span> <span class='ocrx_word' id='word_1_12' title='bbox 162 1641 213 1661; x_wconf 87' lang='lat' dir='ltr'>lect.</span> <span class='ocrx_word' id='word_1_13' title='bbox 228 1645 259 1660; x_wconf 83' lang='lat' dir='ltr'>xi.</span> 
     </span>
    </p>

    <p class='ocr_par' dir='ltr' id='par_1_4' title="bbox 64 1665 274 1801">
     <span class='ocr_line' id='line_1_5' title="bbox 65 1665 274 1716; baseline 0.005 -1"><span class='ocrx_word' id='word_1_14' title='bbox 65 1665 274 1716; x_wconf 53' lang='grc' dir='ltr'>’νῗὲᾆὲἳῧὰέοΜᾶἐ</span> 
     </span>
     <span class='ocr_line' id='line_1_6' title="bbox 64 1717 274 1746; baseline -0.014 -4"><span class='ocrx_word' id='word_1_15' title='bbox 64 1720 159 1742; x_wconf 79' lang='lat' dir='ltr'>Hieron.</span> <span class='ocrx_word' id='word_1_16' title='bbox 200 1717 274 1746; x_wconf 63' lang='lat' dir='ltr'>Epist.</span> 
     </span>
     <span class='ocr_line' id='line_1_7' title="bbox 64 1745 274 1771; baseline -0.01 -2"><span class='ocrx_word' id='word_1_17' title='bbox 64 1746 166 1771; x_wconf 73' lang='lat' dir='ltr'>cxxm,</span> <span class='ocrx_word' id='word_1_18' title='bbox 191 1746 210 1766; x_wconf 83' lang='lat' dir='ltr'>al</span> <span class='ocrx_word' id='word_1_19' title='bbox 235 1745 274 1768; x_wconf 85' lang='lat' dir='ltr'>XI.</span> 
     </span>
     <span class='ocr_line' id='line_1_8' title="bbox 64 1772 227 1801; baseline -0.006 -7"><span class='ocrx_word' id='word_1_20' title='bbox 64 1774 97 1795; x_wconf 80' lang='lat' dir='ltr'>ad</span> <span class='ocrx_word' id='word_1_21' title='bbox 109 1772 227 1801; x_wconf 80' lang='lat' dir='ltr'>Ageruch.</span> 
     </span>
    </p>
   </div>
   <div class='ocr_carea' id='block_1_4' title="bbox 303 312 376 349">
    <p class='ocr_par' dir='ltr' id='par_1_5' title="bbox 303 312 376 349">
     <span class='ocr_line' id='line_1_9' title="bbox 303 312 376 349; baseline -0.027 0"><span class='ocrx_word' id='word_1_22' title='bbox 303 312 376 349; x_wconf 89' lang='lat'>208</span> 
     </span>
    </p>
   </div>
   <div class='ocr_carea' id='block_1_5' title="bbox 979 299 1802 350">
    <p class='ocr_par' dir='ltr' id='par_1_6' title="bbox 979 299 1802 350">
     <span class='ocr_line' id='line_1_10' title="bbox 979 299 1802 350; baseline -0.006 -10"><span class='ocrx_word' id='word_1_23' title='bbox 979 301 1244 350; x_wconf 88' lang='lat' dir='ltr'>QUAESTIO</span> <span class='ocrx_word' id='word_1_24' title='bbox 1276 301 1410 347; x_wconf 87' lang='lat' dir='ltr'>CLIII,</span> <span class='ocrx_word' id='word_1_25' title='bbox 1441 299 1738 348; x_wconf 74' lang='lat' dir='ltr'>ARTICULUS</span> <span class='ocrx_word' id='word_1_26' title='bbox 1770 300 1802 335; x_wconf 93' lang='lat' dir='ltr'>II</span> 
     </span>
    </p>
   </div>
   <div class='ocr_carea' id='block_1_6' title="bbox 689 445 2099 577">
    <p class='ocr_par' dir='ltr' id='par_1_7' title="bbox 689 445 2099 577">
     <span class='ocr_line' id='line_1_11' title="bbox 1064 445 1713 488; baseline -0.002 -1"><span class='ocrx_word' id='word_1_27' title='bbox 1064 445 1381 488; x_wconf 86' lang='lat' dir='ltr'>ARTICULUS</span> <span class='ocrx_word' id='word_1_28' title='bbox 1413 445 1713 486; x_wconf 89' lang='lat' dir='ltr'>SECUNDUS</span> 
     </span>
     <span class='ocr_line' id='line_1_12' title="bbox 689 537 2099 577; baseline -0.004 -2"><span class='ocrx_word' id='word_1_29' title='bbox 689 543 841 575; x_wconf 84' lang='lat' dir='ltr'>UTRUM</span> <span class='ocrx_word' id='word_1_30' title='bbox 866 540 1035 577; x_wconf 76' lang='lat' dir='ltr'>ALIQU1S</span> <span class='ocrx_word' id='word_1_31' title='bbox 1059 538 1202 570; x_wconf 74' lang='lat' dir='ltr'>ACTUS</span> <span class='ocrx_word' id='word_1_32' title='bbox 1226 538 1453 569; x_wconf 84' lang='lat' dir='ltr'>VENEREUS</span> <span class='ocrx_word' id='word_1_33' title='bbox 1477 537 1625 568; x_wconf 77' lang='lat' dir='ltr'>Possl‘r</span> <span class='ocrx_word' id='word_1_34' title='bbox 1649 538 1750 568; x_wconf 89' lang='lat' dir='ltr'>ESSE</span> <span class='ocrx_word' id='word_1_35' title='bbox 1775 538 1869 568; x_wconf 86' lang='lat' dir='ltr'>SINE</span> <span class='ocrx_word' id='word_1_36' title='bbox 1893 537 2099 569; x_wconf 83' lang='lat' dir='ltr'>PECCATO</span> 
     </span>
    </p>
   </div>
   <div class='ocr_carea' id='block_1_7' title="bbox 719 616 2074 650">
    <p class='ocr_par' dir='ltr' id='par_1_8' title="bbox 719 616 2074 650">
     <span class='ocr_line' id='line_1_13' title="bbox 719 616 2074 650; baseline -0.002 -5"><span class='ocrx_word' id='word_1_37' title='bbox 719 622 751 645; x_wconf 92' lang='lat' dir='ltr'>IV</span> <span class='ocrx_word' id='word_1_38' title='bbox 771 621 853 648; x_wconf 71' lang='lat' dir='ltr'>Sent„</span> <span class='ocrx_word' id='word_1_39' title='bbox 874 620 932 643; x_wconf 83' lang='lat' dir='ltr'>dist.</span> <span class='ocrx_word' id='word_1_40' title='bbox 952 626 1018 647; x_wconf 64' lang='lat' dir='ltr'>xxm,</span> <span class='ocrx_word' id='word_1_41' title='bbox 1038 626 1082 650; x_wconf 87' lang='lat' dir='ltr'>qu.</span> <span class='ocrx_word' id='word_1_42' title='bbox 1101 625 1118 646; x_wconf 79' lang='grc' dir='ltr'>ι,</span> <span class='ocrx_word' id='word_1_43' title='bbox 1138 623 1184 642; x_wconf 83' lang='lat' dir='ltr'>art.</span> <span class='ocrx_word' id='word_1_44' title='bbox 1206 617 1233 648; x_wconf 79' lang='lat'>33</span> <span class='ocrx_word' id='word_1_45' title='bbox 1253 617 1284 641; x_wconf 85' lang='lat'>111</span> <span class='ocrx_word' id='word_1_46' title='bbox 1306 617 1382 641; x_wconf 88' lang='lat' dir='ltr'>Cont.</span> <span class='ocrx_word' id='word_1_47' title='bbox 1404 617 1490 646; x_wconf 69' lang='lat' dir='ltr'>Gent„</span> <span class='ocrx_word' id='word_1_48' title='bbox 1511 623 1566 648; x_wconf 82' lang='lat' dir='ltr'>cap.</span> <span class='ocrx_word' id='word_1_49' title='bbox 1585 623 1674 646; x_wconf 80' lang='lat' dir='ltr'>cxxv13</span> <span class='ocrx_word' id='word_1_50' title='bbox 1696 616 1737 640; x_wconf 90' lang='lat' dir='ltr'>De</span> <span class='ocrx_word' id='word_1_51' title='bbox 1755 616 1838 645; x_wconf 80' lang='lat' dir='ltr'>Malo,</span> <span class='ocrx_word' id='word_1_52' title='bbox 1859 624 1902 649; x_wconf 90' lang='lat' dir='ltr'>qu.</span> <span class='ocrx_word' id='word_1_53' title='bbox 1922 625 1962 647; x_wconf 78' lang='lat' dir='ltr'>xv,</span> <span class='ocrx_word' id='word_1_54' title='bbox 1983 622 2029 642; x_wconf 81' lang='lat' dir='ltr'>art.</span> <span class='ocrx_word' id='word_1_55' title='bbox 2053 625 2074 642; x_wconf 86' lang='lat'>1.</span> 
     </span>
    </p>
   </div>
   <div class='ocr_carea' id='block_1_8' title="bbox 328 695 1366 855">
    <p class='ocr_par' dir='ltr' id='par_1_9' title="bbox 328 695 1366 856">
     <span class='ocr_line' id='line_1_14' title="bbox 339 695 1366 746; baseline -0.009 -6"><span class='ocrx_word' id='word_1_56' title='bbox 339 737 348 746; x_wconf 61' lang='lat'><strong><em>„</em></strong></span> <span class='ocrx_word' id='word_1_57' title='bbox 429 733 455 744; x_wconf 21' lang='lat' dir='ltr'>r„</span> <span class='ocrx_word' id='word_1_58' title='bbox 493 715 533 739; x_wconf 89' lang='lat' dir='ltr'><strong>D</strong></span> <span class='ocrx_word' id='word_1_59' title='bbox 549 712 738 738; x_wconf 76' lang='lat' dir='ltr'>SECUNDUM</span> <span class='ocrx_word' id='word_1_60' title='bbox 754 711 806 735; x_wconf 79' lang='lat' dir='ltr'>Sic</span> <span class='ocrx_word' id='word_1_61' title='bbox 821 709 1063 735; x_wconf 77' lang='lat' dir='ltr'>PROCEmTUR.</span> <span class='ocrx_word' id='word_1_62' title='bbox 1080 697 1240 734; x_wconf 90' lang='lat' dir='ltr'>Videtur</span> <span class='ocrx_word' id='word_1_63' title='bbox 1259 695 1366 745; x_wconf 91' lang='lat' dir='ltr'>quod</span> 
     </span>
     <span class='ocr_line' id='line_1_15' title="bbox 328 749 1366 799; baseline -0.007 -7"><span class='ocrx_word' id='word_1_64' title='bbox 328 750 336 761; x_wconf 72' lang='lat'>⁷</span> <span class='ocrx_word' id='word_1_65' title='bbox 511 755 633 791; x_wconf 91' lang='lat' dir='ltr'>nullus</span> <span class='ocrx_word' id='word_1_66' title='bbox 662 760 766 789; x_wconf 87' lang='lat' dir='ltr'>actus</span> <span class='ocrx_word' id='word_1_67' title='bbox 795 763 983 788; x_wconf 86' lang='lat' dir='ltr'>venereus</span> <span class='ocrx_word' id='word_1_68' title='bbox 1010 750 1130 799; x_wconf 88' lang='lat' dir='ltr'>possit</span> <span class='ocrx_word' id='word_1_69' title='bbox 1164 762 1247 786; x_wconf 87' lang='lat' dir='ltr'>esse</span> <span class='ocrx_word' id='word_1_70' title='bbox 1286 749 1366 785; x_wconf 90' lang='lat' dir='ltr'>sine</span> 
     </span>
     <span class='ocr_line' id='line_1_16' title="bbox 456 802 1366 855; baseline -0.005 -12.044"><span class='ocrx_word' id='word_1_71' title='bbox 456 806 680 855; x_wconf 60' lang='lat' dir='ltr'>(peccato,</span> <span class='ocrx_word' id='word_1_72' title='bbox 718 805 821 841; x_wconf 89' lang='lat' dir='ltr'>Nihil</span> <span class='ocrx_word' id='word_1_73' title='bbox 858 804 959 840; x_wconf 90' lang='lat' dir='ltr'>enim</span> <span class='ocrx_word' id='word_1_74' title='bbox 996 804 1146 840; x_wconf 90' lang='lat' dir='ltr'>videtur</span> <span class='ocrx_word' id='word_1_75' title='bbox 1181 802 1366 851; x_wconf 89' lang='lat' dir='ltr'>impedire</span> 
     </span>
    </p>
   </div>
   <div class='ocr_carea' id='block_1_9' title="bbox 313 715 486 902">
    <p class='ocr_par' dir='ltr' id='par_1_10' title="bbox 313 715 486 902">
     <span class='ocr_line' id='line_1_17' title="bbox 313 715 486 902; baseline 0 -110"><span class='ocrx_word' id='word_1_76' title='bbox 313 715 486 902; x_wconf 95' lang='lat' dir='ltr'>    </span> 
     </span>
    </p>
   </div>
   <div class='ocr_carea' id='block_1_10' title="bbox 330 825 436 857">
    <p class='ocr_par' dir='ltr' id='par_1_11' title="bbox 330 825 436 857">
     <span class='ocr_line' id='line_1_18' title="bbox 330 825 436 857; baseline 0.019 -5"><span class='ocrx_word' id='word_1_77' title='bbox 330 825 436 857; x_wconf 26' lang='grc' dir='ltr'>ἦλα</span> 
     </span>
    </p>
   </div>
   <div class='ocr_carea' id='block_1_11' title="bbox 300 909 1368 959">
    <p class='ocr_par' dir='ltr' id='par_1_12' title="bbox 300 909 1368 959">
     <span class='ocr_line' id='line_1_19' title="bbox 300 909 1368 959; baseline -0.005 -9"><span class='ocrx_word' id='word_1_78' title='bbox 300 922 404 950; x_wconf 86' lang='lat' dir='ltr'>actus</span> <span class='ocrx_word' id='word_1_79' title='bbox 433 924 622 949; x_wconf 90' lang='lat' dir='ltr'>venereus</span> <span class='ocrx_word' id='word_1_80' title='bbox 651 911 815 948; x_wconf 85' lang='lat' dir='ltr'>maxime</span> <span class='ocrx_word' id='word_1_81' title='bbox 848 910 1008 959; x_wconf 26' lang='lat' dir='ltr'>impe-dit</span> <span class='ocrx_word' id='word_1_82' title='bbox 1043 910 1239 947; x_wconf 89' lang='lat' dir='ltr'>virtutem:</span> <span class='ocrx_word' id='word_1_83' title='bbox 1280 909 1368 946; x_wconf 91' lang='lat' dir='ltr'>dicit</span> 
     </span>
    </p>
   </div>
   <div class='ocr_carea' id='block_1_12' title="bbox 299 963 1397 1068">
    <p class='ocr_par' dir='ltr' id='par_1_13' title="bbox 299 963 1397 1068">
     <span class='ocr_line' id='line_1_20' title="bbox 300 963 1396 1014; baseline -0.005 -11"><span class='ocrx_word' id='word_1_84' title='bbox 300 967 400 1003; x_wconf 87' lang='lat' dir='ltr'>enim</span> <span class='ocrx_word' id='word_1_85' title='bbox 430 965 677 1014; x_wconf 86' lang='lat' dir='ltr'>Augustinus,</span> <span class='ocrx_word' id='word_1_86' title='bbox 708 965 745 1001; x_wconf 91' lang='lat' dir='ltr'>in</span> <span class='ocrx_word' id='word_1_87' title='bbox 775 966 787 1001; x_wconf 93' lang='grc' dir='ltr'>Ι</span> <span class='ocrx_word' id='word_1_88' title='bbox 818 965 970 1013; x_wconf 85' lang='lat' dir='ltr'>Soliloq.</span> <span class='ocrx_word' id='word_1_89' title='bbox 990 963 1028 1000; x_wconf 67' lang='grc' dir='ltr'>*ε</span> <span class='ocrx_word' id='word_1_90' title='bbox 1057 963 1166 1000; x_wconf 79' lang='lat' dir='ltr'>Nihil</span> <span class='ocrx_word' id='word_1_91' title='bbox 1185 975 1263 999; x_wconf 88' lang='lat' dir='ltr'>esse</span> <span class='ocrx_word' id='word_1_92' title='bbox 1289 974 1368 999; x_wconf 89' lang='lat' dir='ltr'>sen—</span> <span class='ocrx_word' id='word_1_93' title='bbox 1394 972 1396 982; x_wconf 67' lang='lat'><strong>²</strong></span> 
     </span>
     <span class='ocr_line' id='line_1_21' title="bbox 299 1016 1397 1068; baseline -0.003 -13"><span class='ocrx_word' id='word_1_94' title='bbox 299 1020 348 1055; x_wconf 88' lang='lat' dir='ltr'>tio</span> <span class='ocrx_word' id='word_1_95' title='bbox 377 1020 478 1067; x_wconf 84' lang='lat' dir='ltr'>quod</span> <span class='ocrx_word' id='word_1_96' title='bbox 505 1019 629 1068; x_wconf 84' lang='lat' dir='ltr'>magis</span> <span class='ocrx_word' id='word_1_97' title='bbox 653 1030 702 1054; x_wconf 85' lang='lat' dir='ltr'>ex</span> <span class='ocrx_word' id='word_1_98' title='bbox 729 1030 819 1054; x_wconf 90' lang='lat' dir='ltr'>arce</span> <span class='ocrx_word' id='word_1_99' title='bbox 846 1018 996 1054; x_wconf 83' lang='lat' dir='ltr'>deiiciat</span> <span class='ocrx_word' id='word_1_100' title='bbox 1022 1017 1192 1053; x_wconf 90' lang='lat' dir='ltr'>animum</span> <span class='ocrx_word' id='word_1_101' title='bbox 1220 1016 1367 1053; x_wconf 76' lang='lat' dir='ltr'>virilem</span> <span class='ocrx_word' id='word_1_102' title='bbox 1395 1049 1397 1057; x_wconf 72' lang='lat'>.</span> 
     </span>
    </p>
   </div>
   <div class='ocr_carea' id='block_1_13' title="bbox 299 1069 1372 1493">
    <p class='ocr_par' dir='ltr' id='par_1_14' title="bbox 299 1069 1369 1227">
     <span class='ocr_line' id='line_1_22' title="bbox 299 1069 1368 1120; baseline -0.002 -12"><span class='ocrx_word' id='word_1_103' title='bbox 299 1084 412 1120; x_wconf 87' lang='lat' dir='ltr'>quam</span> <span class='ocrx_word' id='word_1_104' title='bbox 435 1072 689 1109; x_wconf 82' lang='lat' dir='ltr'>blandimenta</span> <span class='ocrx_word' id='word_1_105' title='bbox 697 1072 885 1120; x_wconf 87' lang='lat' dir='ltr'>feminae,</span> <span class='ocrx_word' id='word_1_106' title='bbox 906 1082 1183 1120; x_wconf 81' lang='lat' dir='ltr'>corporumque</span> <span class='ocrx_word' id='word_1_107' title='bbox 1202 1069 1263 1106; x_wconf 90' lang='lat' dir='ltr'>ille</span> <span class='ocrx_word' id='word_1_108' title='bbox 1281 1081 1368 1106; x_wconf 90' lang='lat' dir='ltr'>con-</span> 
     </span>
     <span class='ocr_line' id='line_1_23' title="bbox 299 1124 1369 1173; baseline -0.003 -11"><span class='ocrx_word' id='word_1_109' title='bbox 299 1131 427 1162; x_wconf 87' lang='lat' dir='ltr'>tactus.</span> <span class='ocrx_word' id='word_1_110' title='bbox 467 1126 568 1173; x_wconf 88' lang='lat' dir='ltr'>Ergo</span> <span class='ocrx_word' id='word_1_111' title='bbox 597 1126 722 1162; x_wconf 90' lang='lat' dir='ltr'>nullus</span> <span class='ocrx_word' id='word_1_112' title='bbox 751 1133 857 1162; x_wconf 87' lang='lat' dir='ltr'>actus</span> <span class='ocrx_word' id='word_1_113' title='bbox 887 1136 1073 1161; x_wconf 89' lang='lat' dir='ltr'>venereus</span> <span class='ocrx_word' id='word_1_114' title='bbox 1101 1124 1252 1161; x_wconf 89' lang='lat' dir='ltr'>videtur</span> <span class='ocrx_word' id='word_1_115' title='bbox 1287 1135 1369 1159; x_wconf 90' lang='lat' dir='ltr'>esse</span> 
     </span>
     <span class='ocr_line' id='line_1_24' title="bbox 300 1179 580 1227; baseline 0 -12"><span class='ocrx_word' id='word_1_116' title='bbox 300 1179 380 1215; x_wconf 88' lang='lat' dir='ltr'>sine</span> <span class='ocrx_word' id='word_1_117' title='bbox 409 1187 580 1227; x_wconf 91' lang='lat' dir='ltr'>peccato.</span> 
     </span>
    </p>

    <p class='ocr_par' dir='ltr' id='par_1_15' title="bbox 299 1229 1372 1493">
     <span class='ocr_line' id='line_1_25' title="bbox 354 1229 1370 1280; baseline -0.002 -12"><span class='ocrx_word' id='word_1_118' title='bbox 354 1244 389 1268; x_wconf 90' lang='lat'>2.</span> <span class='ocrx_word' id='word_1_119' title='bbox 419 1233 652 1279; x_wconf 75' lang='lat' dir='ltr'>PRAETEREA,</span> <span class='ocrx_word' id='word_1_120' title='bbox 682 1231 915 1280; x_wconf 91' lang='lat' dir='ltr'>ubicumque</span> <span class='ocrx_word' id='word_1_121' title='bbox 935 1231 1127 1268; x_wconf 91' lang='lat' dir='ltr'>invenitur</span> <span class='ocrx_word' id='word_1_122' title='bbox 1147 1229 1289 1279; x_wconf 91' lang='lat' dir='ltr'>aliquid</span> <span class='ocrx_word' id='word_1_123' title='bbox 1310 1242 1370 1266; x_wconf 91' lang='lat' dir='ltr'>su-</span> 
     </span>
     <span class='ocr_line' id='line_1_26' title="bbox 299 1283 1369 1334; baseline -0.003 -12"><span class='ocrx_word' id='word_1_124' title='bbox 299 1285 492 1333; x_wconf 88' lang='lat' dir='ltr'>perfluum</span> <span class='ocrx_word' id='word_1_125' title='bbox 530 1298 599 1334; x_wconf 91' lang='lat' dir='ltr'>per</span> <span class='ocrx_word' id='word_1_126' title='bbox 635 1285 740 1334; x_wconf 91' lang='lat' dir='ltr'>quod</span> <span class='ocrx_word' id='word_1_127' title='bbox 769 1297 791 1321; x_wconf 90' lang='lat' dir='ltr'>a</span> <span class='ocrx_word' id='word_1_128' title='bbox 824 1286 928 1321; x_wconf 94' lang='lat' dir='ltr'>bono</span> <span class='ocrx_word' id='word_1_129' title='bbox 968 1284 1122 1321; x_wconf 86' lang='lat' dir='ltr'>rationis</span> <span class='ocrx_word' id='word_1_130' title='bbox 1161 1283 1369 1329; x_wconf 79' lang='lat' dir='ltr'>receditur,</span> 
     </span>
     <span class='ocr_line' id='line_1_27' title="bbox 299 1338 1372 1386; baseline -0.002 -12"><span class='ocrx_word' id='word_1_131' title='bbox 299 1339 374 1374; x_wconf 93' lang='lat' dir='ltr'>hoc</span> <span class='ocrx_word' id='word_1_132' title='bbox 403 1346 459 1375; x_wconf 92' lang='lat' dir='ltr'>est</span> <span class='ocrx_word' id='word_1_133' title='bbox 495 1339 692 1375; x_wconf 82' lang='lat' dir='ltr'>vitiosum:</span> <span class='ocrx_word' id='word_1_134' title='bbox 730 1338 820 1386; x_wconf 88' lang='lat' dir='ltr'>quia</span> <span class='ocrx_word' id='word_1_135' title='bbox 856 1338 974 1375; x_wconf 83' lang='lat' dir='ltr'>virtus</span> <span class='ocrx_word' id='word_1_136' title='bbox 1013 1338 1269 1386; x_wconf 88' lang='lat' dir='ltr'>corrumpitur</span> <span class='ocrx_word' id='word_1_137' title='bbox 1301 1349 1372 1385; x_wconf 86' lang='lat' dir='ltr'>per</span> 
     </span>
     <span class='ocr_line' id='line_1_28' title="bbox 299 1389 1372 1441; baseline -0.002 -13"><span class='ocrx_word' id='word_1_138' title='bbox 299 1393 531 1441; x_wconf 86' lang='lat' dir='ltr'>superfluum</span> <span class='ocrx_word' id='word_1_139' title='bbox 561 1400 596 1428; x_wconf 93' lang='lat' dir='ltr'>et</span> <span class='ocrx_word' id='word_1_140' title='bbox 624 1391 859 1438; x_wconf 84' lang='lat' dir='ltr'>diminutum,</span> <span class='ocrx_word' id='word_1_141' title='bbox 880 1399 922 1428; x_wconf 92' lang='lat' dir='ltr'>ut</span> <span class='ocrx_word' id='word_1_142' title='bbox 941 1391 1074 1429; x_wconf 88' lang='lat' dir='ltr'>dicitur</span> <span class='ocrx_word' id='word_1_143' title='bbox 1102 1391 1140 1428; x_wconf 90' lang='lat' dir='ltr'>in</span> <span class='ocrx_word' id='word_1_144' title='bbox 1161 1392 1191 1427; x_wconf 94' lang='lat' dir='ltr'>II</span> <span class='ocrx_word' id='word_1_145' title='bbox 1211 1390 1331 1427; x_wconf 85' lang='lat' dir='ltr'>Ethic.</span> <span class='ocrx_word' id='word_1_146' title='bbox 1352 1389 1372 1411; x_wconf 74' lang='lat'>&#39;¹‘</span> 
     </span>
     <span class='ocr_line' id='line_1_29' title="bbox 303 1444 1372 1493; baseline -0.001 -12"><span class='ocrx_word' id='word_1_147' title='bbox 303 1445 378 1481; x_wconf 90' lang='lat' dir='ltr'>Sed</span> <span class='ocrx_word' id='word_1_148' title='bbox 408 1445 446 1481; x_wconf 92' lang='lat' dir='ltr'>in</span> <span class='ocrx_word' id='word_1_149' title='bbox 475 1445 644 1493; x_wconf 92' lang='lat' dir='ltr'>quolibet</span> <span class='ocrx_word' id='word_1_150' title='bbox 663 1452 750 1481; x_wconf 90' lang='lat' dir='ltr'>actu</span> <span class='ocrx_word' id='word_1_151' title='bbox 769 1457 938 1482; x_wconf 90' lang='lat' dir='ltr'>venereo</span> <span class='ocrx_word' id='word_1_152' title='bbox 968 1452 1023 1481; x_wconf 86' lang='lat' dir='ltr'>est</span> <span class='ocrx_word' id='word_1_153' title='bbox 1044 1444 1287 1493; x_wconf 89' lang='lat' dir='ltr'>superfluitas</span> <span class='ocrx_word' id='word_1_154' title='bbox 1309 1444 1372 1480; x_wconf 88' lang='lat' dir='ltr'>de-</span> 
     </span>
    </p>
   </div>
   <div class='ocr_carea' id='block_1_14' title="bbox 302 1497 1400 1547">
    <p class='ocr_par' dir='ltr' id='par_1_16' title="bbox 302 1497 1400 1547">
     <span class='ocr_line' id='line_1_30' title="bbox 302 1497 1400 1547; baseline -0.001 -13"><span class='ocrx_word' id='word_1_155' title='bbox 302 1498 532 1545; x_wconf 88' lang='lat' dir='ltr'>lectationis,</span> <span class='ocrx_word' id='word_1_156' title='bbox 570 1510 668 1547; x_wconf 88' lang='lat' dir='ltr'>quae</span> <span class='ocrx_word' id='word_1_157' title='bbox 702 1498 741 1535; x_wconf 91' lang='lat' dir='ltr'>in</span> <span class='ocrx_word' id='word_1_158' title='bbox 777 1505 924 1535; x_wconf 86' lang='lat' dir='ltr'>tantum</span> <span class='ocrx_word' id='word_1_159' title='bbox 963 1498 1142 1535; x_wconf 89' lang='lat' dir='ltr'>absorbet</span> <span class='ocrx_word' id='word_1_160' title='bbox 1183 1497 1400 1534; x_wconf 51' lang='lat' dir='ltr'>rationem*</span> 
     </span>
    </p>
   </div>
   <div class='ocr_carea' id='block_1_15' title="bbox 300 1551 1374 2024">
    <p class='ocr_par' dir='ltr' id='par_1_17' title="bbox 302 1551 1374 1812">
     <span class='ocr_line' id='line_1_31' title="bbox 302 1551 1371 1602; baseline -0.001 -14"><span class='ocrx_word' id='word_1_161' title='bbox 302 1552 407 1600; x_wconf 91' lang='lat' dir='ltr'>quod</span> <span class='ocrx_word' id='word_1_162' title='bbox 442 1551 668 1600; x_wconf 83' lang='lat' dir='ltr'>impossibile</span> <span class='ocrx_word' id='word_1_163' title='bbox 702 1556 755 1588; x_wconf 88' lang='lat' dir='ltr'>est</span> <span class='ocrx_word' id='word_1_164' title='bbox 789 1551 934 1600; x_wconf 82' lang='lat' dir='ltr'>aliquid</span> <span class='ocrx_word' id='word_1_165' title='bbox 968 1551 1176 1602; x_wconf 82' lang='lat' dir='ltr'>intelligere</span> <span class='ocrx_word' id='word_1_166' title='bbox 1213 1551 1249 1587; x_wconf 88' lang='lat' dir='ltr'>in</span> <span class='ocrx_word' id='word_1_167' title='bbox 1279 1551 1371 1599; x_wconf 82' lang='lat' dir='ltr'>ipsa,</span> 
     </span>
     <span class='ocr_line' id='line_1_32' title="bbox 303 1604 1374 1654; baseline -0.001 -13"><span class='ocrx_word' id='word_1_168' title='bbox 303 1612 343 1641; x_wconf 91' lang='lat' dir='ltr'>ut</span> <span class='ocrx_word' id='word_1_169' title='bbox 377 1605 633 1654; x_wconf 87' lang='lat' dir='ltr'>Philosophus</span> <span class='ocrx_word' id='word_1_170' title='bbox 674 1604 778 1651; x_wconf 89' lang='lat' dir='ltr'>dicit,</span> <span class='ocrx_word' id='word_1_171' title='bbox 812 1605 849 1641; x_wconf 92' lang='lat' dir='ltr'>in</span> <span class='ocrx_word' id='word_1_172' title='bbox 882 1605 951 1641; x_wconf 92' lang='lat' dir='ltr'>VII</span> <span class='ocrx_word' id='word_1_173' title='bbox 980 1605 1101 1642; x_wconf 89' lang='lat' dir='ltr'>Ethic.</span> <span class='ocrx_word' id='word_1_174' title='bbox 1128 1604 1168 1641; x_wconf 74' lang='lat' dir='ltr'>*t</span> <span class='ocrx_word' id='word_1_175' title='bbox 1205 1612 1241 1640; x_wconf 87' lang='lat' dir='ltr'>et</span> <span class='ocrx_word' id='word_1_176' title='bbox 1278 1604 1374 1640; x_wconf 89' lang='lat' dir='ltr'>sicut</span> 
     </span>
     <span class='ocr_line' id='line_1_33' title="bbox 304 1657 1371 1706; baseline -0.001 -12"><span class='ocrx_word' id='word_1_177' title='bbox 304 1658 563 1706; x_wconf 88' lang='lat' dir='ltr'>Hieronymus</span> <span class='ocrx_word' id='word_1_178' title='bbox 592 1657 680 1695; x_wconf 90' lang='lat' dir='ltr'>dicit</span> <span class='ocrx_word' id='word_1_179' title='bbox 697 1657 728 1703; x_wconf 69' lang='lat'>²⁸,</span> <span class='ocrx_word' id='word_1_180' title='bbox 757 1657 794 1694; x_wconf 92' lang='lat' dir='ltr'>in</span> <span class='ocrx_word' id='word_1_181' title='bbox 823 1658 886 1694; x_wconf 93' lang='lat' dir='ltr'>illo</span> <span class='ocrx_word' id='word_1_182' title='bbox 917 1666 1004 1694; x_wconf 89' lang='lat' dir='ltr'>actu</span> <span class='ocrx_word' id='word_1_183' title='bbox 1032 1658 1183 1706; x_wconf 90' lang='lat' dir='ltr'>spiritus</span> <span class='ocrx_word' id='word_1_184' title='bbox 1207 1658 1371 1706; x_wconf 91' lang='lat' dir='ltr'>prophe—</span> 
     </span>
     <span class='ocr_line' id='line_1_34' title="bbox 302 1711 1372 1759; baseline -0.001 -12"><span class='ocrx_word' id='word_1_185' title='bbox 302 1711 375 1747; x_wconf 79' lang='lat' dir='ltr'>tiae</span> <span class='ocrx_word' id='word_1_186' title='bbox 405 1723 483 1748; x_wconf 89' lang='lat' dir='ltr'>non</span> <span class='ocrx_word' id='word_1_187' title='bbox 511 1711 689 1758; x_wconf 89' lang='lat' dir='ltr'>tangebat</span> <span class='ocrx_word' id='word_1_188' title='bbox 709 1711 825 1747; x_wconf 90' lang='lat' dir='ltr'>corda</span> <span class='ocrx_word' id='word_1_189' title='bbox 848 1711 1137 1759; x_wconf 86' lang='lat' dir='ltr'>prophetarum.</span> <span class='ocrx_word' id='word_1_190' title='bbox 1168 1711 1271 1758; x_wconf 90' lang='lat' dir='ltr'>Ergo</span> <span class='ocrx_word' id='word_1_191' title='bbox 1292 1711 1372 1747; x_wconf 92' lang='lat' dir='ltr'>nul-</span> 
     </span>
     <span class='ocr_line' id='line_1_35' title="bbox 303 1763 1281 1812; baseline 0 -12"><span class='ocrx_word' id='word_1_192' title='bbox 303 1765 359 1800; x_wconf 91' lang='lat' dir='ltr'>lus</span> <span class='ocrx_word' id='word_1_193' title='bbox 388 1772 492 1800; x_wconf 90' lang='lat' dir='ltr'>actus</span> <span class='ocrx_word' id='word_1_194' title='bbox 520 1775 709 1801; x_wconf 90' lang='lat' dir='ltr'>venereus</span> <span class='ocrx_word' id='word_1_195' title='bbox 736 1771 862 1811; x_wconf 90' lang='lat' dir='ltr'>potest</span> <span class='ocrx_word' id='word_1_196' title='bbox 890 1776 973 1800; x_wconf 90' lang='lat' dir='ltr'>esse</span> <span class='ocrx_word' id='word_1_197' title='bbox 1001 1763 1082 1800; x_wconf 91' lang='lat' dir='ltr'>sine</span> <span class='ocrx_word' id='word_1_198' title='bbox 1109 1772 1281 1812; x_wconf 77' lang='lat' dir='ltr'>peccato,</span> 
     </span>
    </p>

    <p class='ocr_par' dir='ltr' id='par_1_18' title="bbox 300 1816 1372 2024">
     <span class='ocr_line' id='line_1_36' title="bbox 357 1816 1369 1865; baseline -0.001 -12"><span class='ocrx_word' id='word_1_199' title='bbox 357 1819 391 1853; x_wconf 85' lang='lat'>3.</span> <span class='ocrx_word' id='word_1_200' title='bbox 414 1818 647 1864; x_wconf 79' lang='lat' dir='ltr'>PRAETEREA,</span> <span class='ocrx_word' id='word_1_201' title='bbox 677 1828 790 1853; x_wconf 90' lang='lat' dir='ltr'>causa</span> <span class='ocrx_word' id='word_1_202' title='bbox 818 1816 945 1865; x_wconf 91' lang='lat' dir='ltr'>potior</span> <span class='ocrx_word' id='word_1_203' title='bbox 973 1823 1030 1852; x_wconf 88' lang='lat' dir='ltr'>est</span> <span class='ocrx_word' id='word_1_204' title='bbox 1053 1829 1170 1865; x_wconf 86' lang='lat' dir='ltr'>quarn</span> <span class='ocrx_word' id='word_1_205' title='bbox 1201 1817 1369 1853; x_wconf 85' lang='lat' dir='ltr'>effectus.</span> 
     </span>
     <span class='ocr_line' id='line_1_37' title="bbox 303 1869 1372 1918; baseline 0.001 -13"><span class='ocrx_word' id='word_1_206' title='bbox 303 1869 379 1905; x_wconf 90' lang='lat' dir='ltr'>Sed</span> <span class='ocrx_word' id='word_1_207' title='bbox 399 1877 601 1917; x_wconf 88' lang='lat' dir='ltr'>peccatum</span> <span class='ocrx_word' id='word_1_208' title='bbox 618 1869 798 1917; x_wconf 86' lang='lat' dir='ltr'>originale</span> <span class='ocrx_word' id='word_1_209' title='bbox 818 1869 1044 1918; x_wconf 90' lang='lat' dir='ltr'>inparvulis</span> <span class='ocrx_word' id='word_1_210' title='bbox 1063 1869 1222 1906; x_wconf 89' lang='lat' dir='ltr'>trahitur</span> <span class='ocrx_word' id='word_1_211' title='bbox 1241 1882 1263 1906; x_wconf 87' lang='lat' dir='ltr'>a</span> <span class='ocrx_word' id='word_1_212' title='bbox 1283 1881 1372 1905; x_wconf 91' lang='lat' dir='ltr'>con—</span> 
     </span>
     <span class='ocr_line' id='line_1_38' title="bbox 302 1921 1370 1970; baseline 0.001 -12"><span class='ocrx_word' id='word_1_213' title='bbox 302 1921 550 1970; x_wconf 75' lang='lat' dir='ltr'>cupiscentia,</span> <span class='ocrx_word' id='word_1_214' title='bbox 581 1922 661 1958; x_wconf 90' lang='lat' dir='ltr'>sine</span> <span class='ocrx_word' id='word_1_215' title='bbox 695 1934 770 1970; x_wconf 89' lang='lat' dir='ltr'>qua</span> <span class='ocrx_word' id='word_1_216' title='bbox 807 1929 913 1959; x_wconf 92' lang='lat' dir='ltr'>actus</span> <span class='ocrx_word' id='word_1_217' title='bbox 946 1934 1137 1960; x_wconf 86' lang='lat' dir='ltr'>venereus</span> <span class='ocrx_word' id='word_1_218' title='bbox 1173 1935 1254 1959; x_wconf 90' lang='lat' dir='ltr'>esse</span> <span class='ocrx_word' id='word_1_219' title='bbox 1293 1935 1370 1959; x_wconf 92' lang='lat' dir='ltr'>non</span> 
     </span>
     <span class='ocr_line' id='line_1_39' title="bbox 300 1975 1371 2024; baseline 0.001 -13"><span class='ocrx_word' id='word_1_220' title='bbox 300 1983 442 2024; x_wconf 89' lang='lat' dir='ltr'>potest:</span> <span class='ocrx_word' id='word_1_221' title='bbox 471 1983 512 2012; x_wconf 90' lang='lat' dir='ltr'>ut</span> <span class='ocrx_word' id='word_1_222' title='bbox 538 1983 642 2024; x_wconf 87' lang='lat' dir='ltr'>patet</span> <span class='ocrx_word' id='word_1_223' title='bbox 661 1987 730 2023; x_wconf 91' lang='lat' dir='ltr'>per</span> <span class='ocrx_word' id='word_1_224' title='bbox 752 1975 1021 2023; x_wconf 89' lang='lat' dir='ltr'>Augustinum,</span> <span class='ocrx_word' id='word_1_225' title='bbox 1044 1976 1081 2012; x_wconf 91' lang='lat' dir='ltr'>in</span> <span class='ocrx_word' id='word_1_226' title='bbox 1107 1976 1202 2012; x_wconf 89' lang='lat' dir='ltr'>libro</span> <span class='ocrx_word' id='word_1_227' title='bbox 1223 1976 1269 2012; x_wconf 84' lang='lat' dir='ltr'>de</span> <span class='ocrx_word' id='word_1_228' title='bbox 1287 1976 1371 2013; x_wconf 90' lang='lat' dir='ltr'>Nu-</span> 
     </span>
    </p>
   </div>
   <div class='ocr_carea' id='block_1_16' title="bbox 63 2027 1372 2078">
    <p class='ocr_par' dir='ltr' id='par_1_19' title="bbox 63 2027 1372 2078">
     <span class='ocr_line' id='line_1_40' title="bbox 63 2027 1372 2078; baseline 0 -12"><span class='ocrx_word' id='word_1_229' title='bbox 63 2041 273 2067; x_wconf 49' lang='lat' dir='ltr'>·¹„ib&gt;1‚cap-¹x1v-</span> <span class='ocrx_word' id='word_1_230' title='bbox 294 2029 383 2077; x_wconf 85' lang='lat' dir='ltr'>ptiis</span> <span class='ocrx_word' id='word_1_231' title='bbox 401 2035 435 2065; x_wconf 87' lang='lat' dir='ltr'>et</span> <span class='ocrx_word' id='word_1_232' title='bbox 459 2029 623 2077; x_wconf 84' lang='lat' dir='ltr'>Concup.</span> <span class='ocrx_word' id='word_1_233' title='bbox 644 2027 664 2049; x_wconf 75' lang='lat'>’¹‘</span> <span class='ocrx_word' id='word_1_234' title='bbox 688 2029 791 2076; x_wconf 89' lang='lat' dir='ltr'>Ergo</span> <span class='ocrx_word' id='word_1_235' title='bbox 811 2029 935 2066; x_wconf 89' lang='lat' dir='ltr'>nullus</span> <span class='ocrx_word' id='word_1_236' title='bbox 956 2037 1061 2065; x_wconf 89' lang='lat' dir='ltr'>actus</span> <span class='ocrx_word' id='word_1_237' title='bbox 1081 2041 1269 2066; x_wconf 89' lang='lat' dir='ltr'>venereus</span> <span class='ocrx_word' id='word_1_238' title='bbox 1289 2037 1372 2078; x_wconf 92' lang='lat' dir='ltr'>pot-</span> 
     </span>
    </p>
   </div>
   <div class='ocr_carea' id='block_1_17' title="bbox 301 2082 1378 3465">
    <p class='ocr_par' dir='ltr' id='par_1_20' title="bbox 302 2082 776 2130">
     <span class='ocr_line' id='line_1_41' title="bbox 302 2082 776 2130; baseline 0 -12"><span class='ocrx_word' id='word_1_239' title='bbox 302 2089 358 2118; x_wconf 91' lang='lat' dir='ltr'>est</span> <span class='ocrx_word' id='word_1_240' title='bbox 386 2094 468 2118; x_wconf 90' lang='lat' dir='ltr'>esse</span> <span class='ocrx_word' id='word_1_241' title='bbox 497 2082 577 2119; x_wconf 91' lang='lat' dir='ltr'>sine</span> <span class='ocrx_word' id='word_1_242' title='bbox 606 2089 776 2130; x_wconf 88' lang='lat' dir='ltr'>peccato.</span> 
     </span>
    </p>

    <p class='ocr_par' dir='ltr' id='par_1_21' title="bbox 301 2134 1372 2558">
     <span class='ocr_line' id='line_1_42' title="bbox 356 2134 1371 2183; baseline -0.001 -11"><span class='ocrx_word' id='word_1_243' title='bbox 356 2135 430 2172; x_wconf 86' lang='lat' dir='ltr'>SED</span> <span class='ocrx_word' id='word_1_244' title='bbox 458 2146 605 2172; x_wconf 77' lang='lat' dir='ltr'>CONTRA</span> <span class='ocrx_word' id='word_1_245' title='bbox 630 2147 696 2172; x_wconf 85' lang='lat' dir='ltr'>EST</span> <span class='ocrx_word' id='word_1_246' title='bbox 726 2135 832 2183; x_wconf 92' lang='lat' dir='ltr'>quod</span> <span class='ocrx_word' id='word_1_247' title='bbox 861 2134 1098 2182; x_wconf 88' lang='lat' dir='ltr'>Augustinus</span> <span class='ocrx_word' id='word_1_248' title='bbox 1127 2134 1234 2181; x_wconf 90' lang='lat' dir='ltr'>dicit,</span> <span class='ocrx_word' id='word_1_249' title='bbox 1264 2134 1302 2171; x_wconf 94' lang='lat' dir='ltr'>in</span> <span class='ocrx_word' id='word_1_250' title='bbox 1331 2134 1371 2171; x_wconf 92' lang='lat' dir='ltr'>li-</span> 
     </span>
     <span class='ocr_line' id='line_1_43' title="bbox 302 2187 1372 2238; baseline 0 -13"><span class='ocrx_word' id='word_1_251' title='bbox 302 2189 371 2225; x_wconf 93' lang='lat' dir='ltr'>bro</span> <span class='ocrx_word' id='word_1_252' title='bbox 416 2189 461 2225; x_wconf 88' lang='lat' dir='ltr'>de</span> <span class='ocrx_word' id='word_1_253' title='bbox 496 2190 605 2226; x_wconf 89' lang='lat' dir='ltr'>Bono</span> <span class='ocrx_word' id='word_1_254' title='bbox 647 2189 808 2238; x_wconf 84' lang='lat' dir='ltr'>Coniug.</span> <span class='ocrx_word' id='word_1_255' title='bbox 842 2187 882 2225; x_wconf 74' lang='lat' dir='ltr'>*x</span> <span class='ocrx_word' id='word_1_256' title='bbox 921 2188 1018 2225; x_wconf 86' lang='lat' dir='ltr'>Satis</span> <span class='ocrx_word' id='word_1_257' title='bbox 1056 2200 1276 2237; x_wconf 87' lang='lat' dir='ltr'>responsum</span> <span class='ocrx_word' id='word_1_258' title='bbox 1318 2194 1372 2225; x_wconf 86' lang='lat' dir='ltr'>est</span> 
     </span>
     <span class='ocr_line' id='line_1_44' title="bbox 301 2242 1370 2290; baseline 0.001 -12"><span class='ocrx_word' id='word_1_259' title='bbox 301 2242 508 2288; x_wconf 82' lang='lat' dir='ltr'>haereticis,</span> <span class='ocrx_word' id='word_1_260' title='bbox 536 2243 570 2279; x_wconf 89' lang='lat' dir='ltr'>si</span> <span class='ocrx_word' id='word_1_261' title='bbox 595 2248 719 2278; x_wconf 88' lang='lat' dir='ltr'>tamen</span> <span class='ocrx_word' id='word_1_262' title='bbox 749 2242 900 2290; x_wconf 85' lang='lat' dir='ltr'>capiunt</span> <span class='ocrx_word' id='word_1_263' title='bbox 919 2247 948 2288; x_wconf 61' lang='grc' dir='ltr'>α,</span> <span class='ocrx_word' id='word_1_264' title='bbox 979 2254 1054 2279; x_wconf 91' lang='lat' dir='ltr'>non</span> <span class='ocrx_word' id='word_1_265' title='bbox 1075 2254 1153 2279; x_wconf 88' lang='lat' dir='ltr'>esse</span> <span class='ocrx_word' id='word_1_266' title='bbox 1170 2248 1370 2290; x_wconf 88' lang='lat' dir='ltr'>peccatum</span> 
     </span>
     <span class='ocr_line' id='line_1_45' title="bbox 303 2296 1371 2344; baseline 0 -12"><span class='ocrx_word' id='word_1_267' title='bbox 303 2296 403 2343; x_wconf 86' lang='lat' dir='ltr'>quod</span> <span class='ocrx_word' id='word_1_268' title='bbox 430 2307 548 2344; x_wconf 84' lang='lat' dir='ltr'>neque</span> <span class='ocrx_word' id='word_1_269' title='bbox 580 2301 711 2332; x_wconf 88' lang='lat' dir='ltr'>contra</span> <span class='ocrx_word' id='word_1_270' title='bbox 745 2301 921 2332; x_wconf 88' lang='lat' dir='ltr'>naturam</span> <span class='ocrx_word' id='word_1_271' title='bbox 958 2296 1221 2342; x_wconf 86' lang='lat' dir='ltr'>committitur,</span> <span class='ocrx_word' id='word_1_272' title='bbox 1252 2307 1371 2344; x_wconf 85' lang='lat' dir='ltr'>neque</span> 
     </span>
     <span class='ocr_line' id='line_1_46' title="bbox 303 2349 1370 2398; baseline 0.001 -13"><span class='ocrx_word' id='word_1_273' title='bbox 303 2354 434 2385; x_wconf 89' lang='lat' dir='ltr'>contra</span> <span class='ocrx_word' id='word_1_274' title='bbox 462 2361 619 2395; x_wconf 86' lang='lat' dir='ltr'>morem,</span> <span class='ocrx_word' id='word_1_275' title='bbox 654 2361 773 2397; x_wconf 88' lang='lat' dir='ltr'>neque</span> <span class='ocrx_word' id='word_1_276' title='bbox 799 2355 930 2386; x_wconf 89' lang='lat' dir='ltr'>contra</span> <span class='ocrx_word' id='word_1_277' title='bbox 953 2355 1211 2398; x_wconf 84' lang='lat' dir='ltr'>praeceptum.</span> <span class='ocrx_word' id='word_1_278' title='bbox 1241 2350 1289 2386; x_wconf 91' lang='lat' dir='ltr'>Et</span> <span class='ocrx_word' id='word_1_279' title='bbox 1317 2349 1370 2386; x_wconf 85' lang='lat' dir='ltr'>lo—</span> 
     </span>
     <span class='ocr_line' id='line_1_47' title="bbox 304 2401 1372 2452; baseline 0.002 -14"><span class='ocrx_word' id='word_1_280' title='bbox 304 2401 430 2450; x_wconf 91' lang='lat' dir='ltr'>quitur</span> <span class='ocrx_word' id='word_1_281' title='bbox 458 2403 504 2439; x_wconf 90' lang='lat' dir='ltr'>de</span> <span class='ocrx_word' id='word_1_282' title='bbox 534 2409 814 2444; x_wconf 30' lang='lat' dir='ltr'>actu-venereo</span> <span class='ocrx_word' id='word_1_283' title='bbox 844 2415 923 2450; x_wconf 91' lang='lat' dir='ltr'>quo</span> <span class='ocrx_word' id='word_1_284' title='bbox 952 2403 1095 2452; x_wconf 87' lang='lat' dir='ltr'>antiqui</span> <span class='ocrx_word' id='word_1_285' title='bbox 1125 2404 1257 2440; x_wconf 89' lang='lat' dir='ltr'>Patres</span> <span class='ocrx_word' id='word_1_286' title='bbox 1290 2403 1372 2452; x_wconf 91' lang='lat' dir='ltr'>plu—</span> 
     </span>
     <span class='ocr_line' id='line_1_48' title="bbox 305 2455 1372 2505; baseline 0.001 -13"><span class='ocrx_word' id='word_1_287' title='bbox 305 2455 407 2492; x_wconf 87' lang='lat' dir='ltr'>ribus</span> <span class='ocrx_word' id='word_1_288' title='bbox 429 2456 652 2504; x_wconf 88' lang='lat' dir='ltr'>coniugibus</span> <span class='ocrx_word' id='word_1_289' title='bbox 671 2456 884 2493; x_wconf 88' lang='lat' dir='ltr'>utebantur.</span> <span class='ocrx_word' id='word_1_290' title='bbox 907 2457 1009 2505; x_wconf 90' lang='lat' dir='ltr'>Ergo</span> <span class='ocrx_word' id='word_1_291' title='bbox 1030 2469 1109 2494; x_wconf 92' lang='lat' dir='ltr'>non</span> <span class='ocrx_word' id='word_1_292' title='bbox 1125 2456 1251 2494; x_wconf 91' lang='lat' dir='ltr'>omnis</span> <span class='ocrx_word' id='word_1_293' title='bbox 1267 2464 1372 2493; x_wconf 84' lang='lat' dir='ltr'>actus</span> 
     </span>
     <span class='ocr_line' id='line_1_49' title="bbox 304 2517 819 2558; baseline 0.002 -13"><span class='ocrx_word' id='word_1_294' title='bbox 304 2521 493 2546; x_wconf 89' lang='lat' dir='ltr'>venereus</span> <span class='ocrx_word' id='word_1_295' title='bbox 522 2517 577 2546; x_wconf 91' lang='lat' dir='ltr'>est</span> <span class='ocrx_word' id='word_1_296' title='bbox 603 2517 819 2558; x_wconf 90' lang='lat' dir='ltr'>peccatum.</span> 
     </span>
    </p>

    <p class='ocr_par' dir='ltr' id='par_1_22' title="bbox 306 2563 1378 3465">
     <span class='ocr_line' id='line_1_50' title="bbox 358 2563 1371 2613; baseline 0.002 -15"><span class='ocrx_word' id='word_1_297' title='bbox 358 2563 584 2600; x_wconf 80' lang='lat' dir='ltr'>RESPONDEO</span> <span class='ocrx_word' id='word_1_298' title='bbox 608 2575 794 2600; x_wconf 81' lang='lat' dir='ltr'>mCENDUM</span> <span class='ocrx_word' id='word_1_299' title='bbox 813 2563 919 2611; x_wconf 90' lang='lat' dir='ltr'>quod</span> <span class='ocrx_word' id='word_1_300' title='bbox 948 2571 1150 2613; x_wconf 90' lang='lat' dir='ltr'>peccatum</span> <span class='ocrx_word' id='word_1_301' title='bbox 1180 2563 1217 2600; x_wconf 87' lang='lat' dir='ltr'>in</span> <span class='ocrx_word' id='word_1_302' title='bbox 1236 2564 1371 2600; x_wconf 86' lang='lat' dir='ltr'>huma-</span> 
     </span>
     <span class='ocr_line' id='line_1_51' title="bbox 306 2615 1371 2665; baseline 0.002 -13"><span class='ocrx_word' id='word_1_303' title='bbox 306 2615 362 2652; x_wconf 90' lang='lat' dir='ltr'>nis</span> <span class='ocrx_word' id='word_1_304' title='bbox 391 2617 535 2653; x_wconf 84' lang='lat' dir='ltr'>actibus</span> <span class='ocrx_word' id='word_1_305' title='bbox 557 2624 612 2653; x_wconf 93' lang='lat' dir='ltr'>est</span> <span class='ocrx_word' id='word_1_306' title='bbox 640 2617 744 2665; x_wconf 92' lang='lat' dir='ltr'>quod</span> <span class='ocrx_word' id='word_1_307' title='bbox 765 2624 820 2653; x_wconf 92' lang='lat' dir='ltr'>est</span> <span class='ocrx_word' id='word_1_308' title='bbox 839 2624 970 2654; x_wconf 91' lang='lat' dir='ltr'>contra</span> <span class='ocrx_word' id='word_1_309' title='bbox 999 2617 1174 2654; x_wconf 87' lang='lat' dir='ltr'>ordinem</span> <span class='ocrx_word' id='word_1_310' title='bbox 1205 2616 1371 2654; x_wconf 85' lang='lat' dir='ltr'>rationis.</span> 
     </span>
     <span class='ocr_line' id='line_1_52' title="bbox 307 2669 1373 2719; baseline 0.002 -14"><span class='ocrx_word' id='word_1_311' title='bbox 307 2669 431 2705; x_wconf 87' lang='lat' dir='ltr'>Habet</span> <span class='ocrx_word' id='word_1_312' title='bbox 450 2678 578 2706; x_wconf 92' lang='lat' dir='ltr'>autem</span> <span class='ocrx_word' id='word_1_313' title='bbox 597 2670 672 2706; x_wconf 92' lang='lat' dir='ltr'>hoc</span> <span class='ocrx_word' id='word_1_314' title='bbox 702 2670 856 2707; x_wconf 88' lang='lat' dir='ltr'>rationis</span> <span class='ocrx_word' id='word_1_315' title='bbox 875 2670 985 2718; x_wconf 89' lang='lat' dir='ltr'>ordo,</span> <span class='ocrx_word' id='word_1_316' title='bbox 1006 2679 1046 2707; x_wconf 93' lang='lat' dir='ltr'>ut</span> <span class='ocrx_word' id='word_1_317' title='bbox 1067 2670 1260 2719; x_wconf 87' lang='lat' dir='ltr'>quaelibet</span> <span class='ocrx_word' id='word_1_318' title='bbox 1284 2683 1373 2707; x_wconf 90' lang='lat' dir='ltr'>con-</span> 
     </span>
     <span class='ocr_line' id='line_1_53' title="bbox 306 2722 1372 2761; baseline 0.002 -2"><span class='ocrx_word' id='word_1_319' title='bbox 306 2722 502 2759; x_wconf 88' lang='lat' dir='ltr'>venienter</span> <span class='ocrx_word' id='word_1_320' title='bbox 530 2723 678 2761; x_wconf 89' lang='lat' dir='ltr'>ordinet</span> <span class='ocrx_word' id='word_1_321' title='bbox 711 2724 749 2761; x_wconf 92' lang='lat' dir='ltr'>in</span> <span class='ocrx_word' id='word_1_322' title='bbox 785 2736 897 2761; x_wconf 90' lang='lat' dir='ltr'>suum</span> <span class='ocrx_word' id='word_1_323' title='bbox 927 2725 1059 2761; x_wconf 89' lang='lat' dir='ltr'>finem.</span> <span class='ocrx_word' id='word_1_324' title='bbox 1098 2725 1147 2761; x_wconf 90' lang='lat' dir='ltr'>Et</span> <span class='ocrx_word' id='word_1_325' title='bbox 1179 2723 1265 2761; x_wconf 90' lang='lat' dir='ltr'>ideo</span> <span class='ocrx_word' id='word_1_326' title='bbox 1294 2736 1372 2761; x_wconf 90' lang='lat' dir='ltr'>non</span> 
     </span>
     <span class='ocr_line' id='line_1_54' title="bbox 306 2777 1374 2825; baseline 0.002 -13"><span class='ocrx_word' id='word_1_327' title='bbox 306 2784 361 2812; x_wconf 88' lang='lat' dir='ltr'>est</span> <span class='ocrx_word' id='word_1_328' title='bbox 388 2784 587 2824; x_wconf 89' lang='lat' dir='ltr'>peccatum</span> <span class='ocrx_word' id='word_1_329' title='bbox 609 2777 639 2813; x_wconf 91' lang='lat' dir='ltr'>si</span> <span class='ocrx_word' id='word_1_330' title='bbox 659 2789 728 2825; x_wconf 86' lang='lat' dir='ltr'>per</span> <span class='ocrx_word' id='word_1_331' title='bbox 747 2777 934 2814; x_wconf 86' lang='lat' dir='ltr'>rationem</span> <span class='ocrx_word' id='word_1_332' title='bbox 963 2778 1084 2815; x_wconf 93' lang='lat' dir='ltr'>homo</span> <span class='ocrx_word' id='word_1_333' title='bbox 1104 2785 1232 2814; x_wconf 89' lang='lat' dir='ltr'>utatur</span> <span class='ocrx_word' id='word_1_334' title='bbox 1260 2778 1374 2815; x_wconf 89' lang='lat' dir='ltr'>rebus</span> 
     </span>
     <span class='ocr_line' id='line_1_55' title="bbox 307 2829 1372 2880; baseline 0.003 -15"><span class='ocrx_word' id='word_1_335' title='bbox 307 2829 495 2878; x_wconf 90' lang='lat' dir='ltr'>aliquibus</span> <span class='ocrx_word' id='word_1_336' title='bbox 524 2830 571 2867; x_wconf 92' lang='lat' dir='ltr'>ad</span> <span class='ocrx_word' id='word_1_337' title='bbox 599 2830 718 2867; x_wconf 90' lang='lat' dir='ltr'>finem</span> <span class='ocrx_word' id='word_1_338' title='bbox 748 2831 795 2868; x_wconf 90' lang='lat' dir='ltr'>ad</span> <span class='ocrx_word' id='word_1_339' title='bbox 825 2843 940 2880; x_wconf 88' lang='lat' dir='ltr'>quem</span> <span class='ocrx_word' id='word_1_340' title='bbox 970 2839 1068 2878; x_wconf 89' lang='lat' dir='ltr'>sunt,</span> <span class='ocrx_word' id='word_1_341' title='bbox 1099 2831 1219 2868; x_wconf 92' lang='lat' dir='ltr'>modo</span> <span class='ocrx_word' id='word_1_342' title='bbox 1250 2839 1287 2868; x_wconf 93' lang='lat' dir='ltr'>et</span> <span class='ocrx_word' id='word_1_343' title='bbox 1313 2844 1372 2868; x_wconf 90' lang='lat' dir='ltr'>or-</span> 
     </span>
     <span class='ocr_line' id='line_1_56' title="bbox 308 2882 1371 2934; baseline 0.004 -16"><span class='ocrx_word' id='word_1_344' title='bbox 308 2882 393 2919; x_wconf 88' lang='lat' dir='ltr'>dine</span> <span class='ocrx_word' id='word_1_345' title='bbox 423 2883 675 2930; x_wconf 86' lang='lat' dir='ltr'>convenienti,</span> <span class='ocrx_word' id='word_1_346' title='bbox 698 2884 913 2921; x_wconf 90' lang='lat' dir='ltr'>dummodo</span> <span class='ocrx_word' id='word_1_347' title='bbox 943 2884 1002 2921; x_wconf 92' lang='lat' dir='ltr'>ille</span> <span class='ocrx_word' id='word_1_348' title='bbox 1031 2885 1119 2922; x_wconf 90' lang='lat' dir='ltr'>finis</span> <span class='ocrx_word' id='word_1_349' title='bbox 1143 2885 1190 2922; x_wconf 92' lang='lat' dir='ltr'>sit</span> <span class='ocrx_word' id='word_1_350' title='bbox 1218 2886 1371 2934; x_wconf 89' lang='lat' dir='ltr'>aliquod</span> 
     </span>
     <span class='ocr_line' id='line_1_57' title="bbox 306 2937 1373 2988; baseline 0.004 -17"><span class='ocrx_word' id='word_1_351' title='bbox 306 2947 396 2972; x_wconf 91' lang='lat' dir='ltr'>vere</span> <span class='ocrx_word' id='word_1_352' title='bbox 427 2937 585 2973; x_wconf 91' lang='lat' dir='ltr'>bonum.</span> <span class='ocrx_word' id='word_1_353' title='bbox 617 2937 721 2973; x_wconf 87' lang='lat' dir='ltr'>Sicut</span> <span class='ocrx_word' id='word_1_354' title='bbox 749 2946 876 2974; x_wconf 90' lang='lat' dir='ltr'>autem</span> <span class='ocrx_word' id='word_1_355' title='bbox 908 2946 963 2975; x_wconf 91' lang='lat' dir='ltr'>est</span> <span class='ocrx_word' id='word_1_356' title='bbox 980 2950 1071 2975; x_wconf 86' lang='lat' dir='ltr'>vere</span> <span class='ocrx_word' id='word_1_357' title='bbox 1091 2939 1239 2975; x_wconf 91' lang='lat' dir='ltr'>bonum</span> <span class='ocrx_word' id='word_1_358' title='bbox 1268 2939 1373 2988; x_wconf 90' lang='lat' dir='ltr'>quod</span> 
     </span>
     <span class='ocr_line' id='line_1_58' title="bbox 309 2991 1373 3040; baseline 0.004 -15"><span class='ocrx_word' id='word_1_359' title='bbox 309 2997 555 3026; x_wconf 89' lang='lat' dir='ltr'>conservetur</span> <span class='ocrx_word' id='word_1_360' title='bbox 583 2991 790 3039; x_wconf 91' lang='lat' dir='ltr'>corporalis</span> <span class='ocrx_word' id='word_1_361' title='bbox 810 2999 943 3028; x_wconf 83' lang='lat' dir='ltr'>natura</span> <span class='ocrx_word' id='word_1_362' title='bbox 971 2991 1083 3028; x_wconf 89' lang='lat' dir='ltr'>unius</span> <span class='ocrx_word' id='word_1_363' title='bbox 1105 2991 1304 3040; x_wconf 79' lang='lat' dir='ltr'>individui,</span> <span class='ocrx_word' id='word_1_364' title='bbox 1325 2992 1373 3029; x_wconf 91' lang='lat' dir='ltr'>ita</span> 
     </span>
     <span class='ocr_line' id='line_1_59' title="bbox 309 3042 1375 3095; baseline 0.005 -17"><span class='ocrx_word' id='word_1_365' title='bbox 309 3042 420 3078; x_wconf 88' lang='lat' dir='ltr'>etiam</span> <span class='ocrx_word' id='word_1_366' title='bbox 450 3050 505 3080; x_wconf 91' lang='lat' dir='ltr'>est</span> <span class='ocrx_word' id='word_1_367' title='bbox 533 3043 729 3092; x_wconf 88' lang='lat' dir='ltr'>quoddam</span> <span class='ocrx_word' id='word_1_368' title='bbox 760 3045 905 3081; x_wconf 90' lang='lat' dir='ltr'>bonum</span> <span class='ocrx_word' id='word_1_369' title='bbox 937 3046 1122 3082; x_wconf 88' lang='lat' dir='ltr'>excellens</span> <span class='ocrx_word' id='word_1_370' title='bbox 1151 3045 1256 3095; x_wconf 92' lang='lat' dir='ltr'>quod</span> <span class='ocrx_word' id='word_1_371' title='bbox 1286 3058 1375 3083; x_wconf 90' lang='lat' dir='ltr'>con-</span> 
     </span>
     <span class='ocr_line' id='line_1_60' title="bbox 310 3097 1374 3146; baseline 0.006 -15"><span class='ocrx_word' id='word_1_372' title='bbox 310 3103 480 3132; x_wconf 90' lang='lat' dir='ltr'>servetur</span> <span class='ocrx_word' id='word_1_373' title='bbox 508 3103 640 3133; x_wconf 85' lang='lat' dir='ltr'>natura</span> <span class='ocrx_word' id='word_1_374' title='bbox 660 3097 799 3146; x_wconf 91' lang='lat' dir='ltr'>speciei</span> <span class='ocrx_word' id='word_1_375' title='bbox 818 3098 1022 3135; x_wconf 84' lang='lat' dir='ltr'>humanae.</span> <span class='ocrx_word' id='word_1_376' title='bbox 1053 3098 1159 3136; x_wconf 86' lang='lat' dir='ltr'>Sicut</span> <span class='ocrx_word' id='word_1_377' title='bbox 1177 3107 1306 3136; x_wconf 85' lang='lat' dir='ltr'>autem</span> <span class='ocrx_word' id='word_1_378' title='bbox 1326 3100 1374 3137; x_wconf 81' lang='lat' dir='ltr'>ad</span> 
     </span>
     <span class='ocr_line' id='line_1_61' title="bbox 311 3149 1376 3190; baseline 0.005 -5"><span class='ocrx_word' id='word_1_379' title='bbox 311 3149 641 3187; x_wconf 86' lang='lat' dir='ltr'>conservationem</span> <span class='ocrx_word' id='word_1_380' title='bbox 683 3150 783 3187; x_wconf 87' lang='lat' dir='ltr'>vitae</span> <span class='ocrx_word' id='word_1_381' title='bbox 821 3151 933 3189; x_wconf 88' lang='lat' dir='ltr'>unius</span> <span class='ocrx_word' id='word_1_382' title='bbox 974 3152 1142 3189; x_wconf 92' lang='lat' dir='ltr'>hominis</span> <span class='ocrx_word' id='word_1_383' title='bbox 1180 3153 1376 3190; x_wconf 90' lang='lat' dir='ltr'>ordinatur</span> 
     </span>
     <span class='ocr_line' id='line_1_62' title="bbox 312 3202 1376 3250; baseline 0.007 -13"><span class='ocrx_word' id='word_1_384' title='bbox 312 3214 401 3238; x_wconf 89' lang='lat' dir='ltr'>usus</span> <span class='ocrx_word' id='word_1_385' title='bbox 430 3202 622 3250; x_wconf 85' lang='lat' dir='ltr'>ciborum,</span> <span class='ocrx_word' id='word_1_386' title='bbox 652 3203 702 3240; x_wconf 90' lang='lat' dir='ltr'>ita</span> <span class='ocrx_word' id='word_1_387' title='bbox 731 3204 844 3241; x_wconf 92' lang='lat' dir='ltr'>etiam</span> <span class='ocrx_word' id='word_1_388' title='bbox 874 3205 922 3242; x_wconf 91' lang='lat' dir='ltr'>ad</span> <span class='ocrx_word' id='word_1_389' title='bbox 951 3205 1284 3243; x_wconf 87' lang='lat' dir='ltr'>conservationem</span> <span class='ocrx_word' id='word_1_390' title='bbox 1319 3214 1376 3243; x_wconf 90' lang='lat' dir='ltr'>to-</span> 
     </span>
     <span class='ocr_line' id='line_1_63' title="bbox 311 3253 1375 3304; baseline 0.008 -15"><span class='ocrx_word' id='word_1_391' title='bbox 311 3253 383 3290; x_wconf 91' lang='lat' dir='ltr'>tius</span> <span class='ocrx_word' id='word_1_392' title='bbox 412 3255 568 3292; x_wconf 89' lang='lat' dir='ltr'>humani</span> <span class='ocrx_word' id='word_1_393' title='bbox 588 3257 736 3304; x_wconf 90' lang='lat' dir='ltr'>generis</span> <span class='ocrx_word' id='word_1_394' title='bbox 755 3270 847 3294; x_wconf 91' lang='lat' dir='ltr'>usus</span> <span class='ocrx_word' id='word_1_395' title='bbox 866 3270 1145 3296; x_wconf 88' lang='lat' dir='ltr'>venereorum:</span> <span class='ocrx_word' id='word_1_396' title='bbox 1174 3260 1277 3297; x_wconf 92' lang='lat' dir='ltr'>unde</span> <span class='ocrx_word' id='word_1_397' title='bbox 1297 3261 1375 3296; x_wconf 87' lang='lat' dir='ltr'>Au-</span> 
     </span>
     <span class='ocr_line' id='line_1_64' title="bbox 313 3308 1378 3362; baseline 0.008 -20"><span class='ocrx_word' id='word_1_398' title='bbox 313 3308 482 3353; x_wconf 88' lang='lat' dir='ltr'>gustinus</span> <span class='ocrx_word' id='word_1_399' title='bbox 506 3309 605 3355; x_wconf 92' lang='lat' dir='ltr'>dicit,</span> <span class='ocrx_word' id='word_1_400' title='bbox 627 3309 663 3346; x_wconf 93' lang='lat' dir='ltr'>in</span> <span class='ocrx_word' id='word_1_401' title='bbox 692 3310 787 3347; x_wconf 92' lang='lat' dir='ltr'>libro</span> <span class='ocrx_word' id='word_1_402' title='bbox 814 3311 860 3348; x_wconf 86' lang='lat' dir='ltr'>de</span> <span class='ocrx_word' id='word_1_403' title='bbox 885 3313 994 3349; x_wconf 91' lang='lat' dir='ltr'>Bono</span> <span class='ocrx_word' id='word_1_404' title='bbox 1024 3313 1184 3362; x_wconf 80' lang='lat' dir='ltr'>Coniug.</span> <span class='ocrx_word' id='word_1_405' title='bbox 1201 3313 1235 3350; x_wconf 70' lang='grc' dir='ltr'>*ε</span> <span class='ocrx_word' id='word_1_406' title='bbox 1268 3313 1378 3355; x_wconf 79' lang='lat' dir='ltr'>Quod</span> 
     </span>
     <span class='ocr_line' id='line_1_65' title="bbox 314 3361 1376 3410; baseline 0.008 -15"><span class='ocrx_word' id='word_1_407' title='bbox 314 3365 366 3395; x_wconf 88' lang='lat' dir='ltr'>est</span> <span class='ocrx_word' id='word_1_408' title='bbox 392 3361 493 3397; x_wconf 87' lang='lat' dir='ltr'>cibus</span> <span class='ocrx_word' id='word_1_409' title='bbox 521 3363 571 3398; x_wconf 87' lang='lat' dir='ltr'>ad</span> <span class='ocrx_word' id='word_1_410' title='bbox 596 3363 752 3400; x_wconf 88' lang='lat' dir='ltr'>salutem</span> <span class='ocrx_word' id='word_1_411' title='bbox 780 3365 952 3410; x_wconf 85' lang='lat' dir='ltr'>hominis,</span> <span class='ocrx_word' id='word_1_412' title='bbox 981 3367 1052 3402; x_wconf 86' lang='lat' dir='ltr'>hoc</span> <span class='ocrx_word' id='word_1_413' title='bbox 1080 3372 1133 3402; x_wconf 88' lang='lat' dir='ltr'>est</span> <span class='ocrx_word' id='word_1_414' title='bbox 1159 3367 1376 3403; x_wconf 81' lang='lat' dir='ltr'>concubitus</span> 
     </span>
     <span class='ocr_line' id='line_1_66' title="bbox 314 3413 1374 3465; baseline 0.009 -18"><span class='ocrx_word' id='word_1_415' title='bbox 314 3413 364 3448; x_wconf 86' lang='lat' dir='ltr'>ad</span> <span class='ocrx_word' id='word_1_416' title='bbox 390 3413 544 3450; x_wconf 87' lang='lat' dir='ltr'>salutem</span> <span class='ocrx_word' id='word_1_417' title='bbox 571 3417 731 3463; x_wconf 82' lang='lat' dir='ltr'>generis.</span> <span class='ocrx_word' id='word_1_418' title='bbox 762 3418 810 3454; x_wconf 89' lang='lat' dir='ltr'>Et</span> <span class='ocrx_word' id='word_1_419' title='bbox 839 3418 937 3465; x_wconf 90' lang='lat' dir='ltr'>ideo,</span> <span class='ocrx_word' id='word_1_420' title='bbox 958 3419 1053 3456; x_wconf 88' lang='lat' dir='ltr'>sicut</span> <span class='ocrx_word' id='word_1_421' title='bbox 1081 3432 1171 3456; x_wconf 91' lang='lat' dir='ltr'>usus</span> <span class='ocrx_word' id='word_1_422' title='bbox 1201 3419 1374 3457; x_wconf 90' lang='lat' dir='ltr'>ciborum</span> 
     </span>
    </p>
   </div>
   <div class='ocr_carea' id='block_1_18' title="bbox 1100 3507 1272 3510">
    <p class='ocr_par' dir='ltr' id='par_1_23' title="bbox 1100 3507 1272 3510">
     <span class='ocr_line' id='line_1_67' title="bbox 1100 3507 1272 3510; baseline 0 0"><span class='ocrx_word' id='word_1_423' title='bbox 1100 3507 1272 3510; x_wconf 95' lang='lat' dir='ltr'> </span> 
     </span>
    </p>
   </div>
   <div class='ocr_carea' id='block_1_19' title="bbox 369 3544 1162 3611">
    <p class='ocr_par' dir='ltr' id='par_1_24' title="bbox 369 3544 1162 3611">
     <span class='ocr_line' id='line_1_68' title="bbox 369 3544 759 3576; baseline 0.01 -9"><span class='ocrx_word' id='word_1_424' title='bbox 369 3544 395 3574; x_wconf 75' lang='grc' dir='ltr'>α)</span> <span class='ocrx_word' id='word_1_425' title='bbox 415 3544 532 3574; x_wconf 82' lang='lat' dir='ltr'>capiunt.</span> <span class='ocrx_word' id='word_1_426' title='bbox 544 3557 562 3563; x_wconf 96' lang='lat'><em>-</em></span> <span class='ocrx_word' id='word_1_427' title='bbox 579 3545 689 3576; x_wconf 81' lang='lat' dir='ltr'>cupiunt</span> <span class='ocrx_word' id='word_1_428' title='bbox 707 3547 759 3571; x_wconf 81' lang='grc' dir='ltr'>ΑΙ..</span> 
     </span>
     <span class='ocr_line' id='line_1_69' title="bbox 369 3577 1162 3611; baseline 0.01 -9"><span class='ocrx_word' id='word_1_429' title='bbox 369 3577 393 3609; x_wconf 84' lang='grc' dir='ltr'>β)</span> <span class='ocrx_word' id='word_1_430' title='bbox 414 3579 468 3603; x_wconf 84' lang='lat' dir='ltr'>Nec</span> <span class='ocrx_word' id='word_1_431' title='bbox 487 3579 561 3604; x_wconf 86' lang='lat' dir='ltr'>hoc...</span> <span class='ocrx_word' id='word_1_432' title='bbox 575 3581 698 3605; x_wconf 83' lang='lat' dir='ltr'>ostendit.</span> <span class='ocrx_word' id='word_1_433' title='bbox 711 3593 731 3599; x_wconf 88' lang='lat'>-·</span> <span class='ocrx_word' id='word_1_434' title='bbox 748 3582 802 3606; x_wconf 88' lang='lat' dir='ltr'>Nec</span> <span class='ocrx_word' id='word_1_435' title='bbox 821 3590 857 3607; x_wconf 89' lang='lat' dir='ltr'>ex</span> <span class='ocrx_word' id='word_1_436' title='bbox 876 3584 949 3608; x_wconf 87' lang='lat' dir='ltr'>hoc...</span> <span class='ocrx_word' id='word_1_437' title='bbox 964 3585 1113 3609; x_wconf 81' lang='lat' dir='ltr'>ostenditur</span> <span class='ocrx_word' id='word_1_438' title='bbox 1134 3586 1162 3611; x_wconf 84' lang='grc' dir='ltr'>Ρ.</span> 
     </span>
    </p>
   </div>
   <div class='ocr_carea' id='block_1_20' title="bbox 355 837 1395 906">
    <p class='ocr_par' dir='ltr' id='par_1_25' title="bbox 355 837 1395 906">
     <span class='ocr_line' id='line_1_70' title="bbox 355 837 1395 906; baseline -0.004 -10"><span class='ocrx_word' id='word_1_439' title='bbox 355 837 690 896; x_wconf 46' lang='grc' dir='ltr'>ζ-’“Χνίτωῑεῐῐι</span> <span class='ocrx_word' id='word_1_440' title='bbox 738 858 808 894; x_wconf 91' lang='lat' dir='ltr'>nisi</span> <span class='ocrx_word' id='word_1_441' title='bbox 852 864 1066 906; x_wconf 85' lang='lat' dir='ltr'>peccatum.</span> <span class='ocrx_word' id='word_1_442' title='bbox 1117 856 1193 893; x_wconf 89' lang='lat' dir='ltr'>Sed</span> <span class='ocrx_word' id='word_1_443' title='bbox 1241 855 1395 892; x_wconf 55' lang='lat' dir='ltr'>omnis*</span> 
     </span>
    </p>
   </div>
   <div class='ocr_carea' id='block_1_21' title="bbox 1393 695 2500 1492">
    <p class='ocr_par' dir='ltr' id='par_1_26' title="bbox 1393 695 2496 1009">
     <span class='ocr_line' id='line_1_71' title="bbox 1393 695 2495 744; baseline 0 -12"><span class='ocrx_word' id='word_1_444' title='bbox 1393 697 1394 732; x_wconf 62' lang='lat' dir='ltr'>i</span> <span class='ocrx_word' id='word_1_445' title='bbox 1419 703 1546 743; x_wconf 89' lang='lat' dir='ltr'>potest</span> <span class='ocrx_word' id='word_1_446' title='bbox 1574 707 1656 731; x_wconf 86' lang='lat' dir='ltr'>esse</span> <span class='ocrx_word' id='word_1_447' title='bbox 1687 695 1832 743; x_wconf 84' lang='lat' dir='ltr'>absque</span> <span class='ocrx_word' id='word_1_448' title='bbox 1860 703 2032 744; x_wconf 90' lang='lat' dir='ltr'>peccato,</span> <span class='ocrx_word' id='word_1_449' title='bbox 2063 696 2093 733; x_wconf 89' lang='lat' dir='ltr'>si</span> <span class='ocrx_word' id='word_1_450' title='bbox 2121 697 2189 733; x_wconf 90' lang='lat' dir='ltr'>fiat</span> <span class='ocrx_word' id='word_1_451' title='bbox 2218 696 2345 734; x_wconf 89' lang='lat' dir='ltr'>debito</span> <span class='ocrx_word' id='word_1_452' title='bbox 2375 696 2495 733; x_wconf 91' lang='lat' dir='ltr'>modo</span> 
     </span>
     <span class='ocr_line' id='line_1_72' title="bbox 1393 743 2496 798; baseline 0.002 -14"><span class='ocrx_word' id='word_1_453' title='bbox 1393 743 1394 756; x_wconf 61' lang='lat'>¹</span> <span class='ocrx_word' id='word_1_454' title='bbox 1422 755 1458 784; x_wconf 92' lang='lat' dir='ltr'>et</span> <span class='ocrx_word' id='word_1_455' title='bbox 1487 748 1637 795; x_wconf 88' lang='lat' dir='ltr'>ordine,</span> <span class='ocrx_word' id='word_1_456' title='bbox 1667 749 1883 786; x_wconf 89' lang='lat' dir='ltr'>secundum</span> <span class='ocrx_word' id='word_1_457' title='bbox 1918 750 2024 797; x_wconf 91' lang='lat' dir='ltr'>quod</span> <span class='ocrx_word' id='word_1_458' title='bbox 2059 750 2238 798; x_wconf 88' lang='lat' dir='ltr'>competit</span> <span class='ocrx_word' id='word_1_459' title='bbox 2276 750 2384 787; x_wconf 88' lang='lat' dir='ltr'>saluti</span> <span class='ocrx_word' id='word_1_460' title='bbox 2414 762 2496 786; x_wconf 92' lang='lat' dir='ltr'>cor-</span> 
     </span>
     <span class='ocr_line' id='line_1_73' title="bbox 1421 809 2495 852; baseline 0.002 -15"><span class='ocrx_word' id='word_1_461' title='bbox 1421 813 1547 850; x_wconf 79' lang='lat' dir='ltr'>poris;</span> <span class='ocrx_word' id='word_1_462' title='bbox 1577 809 1627 837; x_wconf 81' lang='lat' dir='ltr'>ita</span> <span class='ocrx_word' id='word_1_463' title='bbox 1657 810 1771 838; x_wconf 81' lang='lat' dir='ltr'>etiarn</span> <span class='ocrx_word' id='word_1_464' title='bbox 1802 809 1838 838; x_wconf 89' lang='lat' dir='ltr'>et</span> <span class='ocrx_word' id='word_1_465' title='bbox 1866 814 1958 838; x_wconf 90' lang='lat' dir='ltr'>usus</span> <span class='ocrx_word' id='word_1_466' title='bbox 1978 815 2237 840; x_wconf 90' lang='lat' dir='ltr'>venereorum</span> <span class='ocrx_word' id='word_1_467' title='bbox 2266 811 2392 852; x_wconf 87' lang='lat' dir='ltr'>potest</span> <span class='ocrx_word' id='word_1_468' title='bbox 2413 815 2495 840; x_wconf 88' lang='lat' dir='ltr'>esse</span> 
     </span>
     <span class='ocr_line' id='line_1_74' title="bbox 1422 854 2496 903; baseline 0.003 -13"><span class='ocrx_word' id='word_1_469' title='bbox 1422 855 1568 903; x_wconf 90' lang='lat' dir='ltr'>absque</span> <span class='ocrx_word' id='word_1_470' title='bbox 1599 854 1706 891; x_wconf 91' lang='lat' dir='ltr'>omni</span> <span class='ocrx_word' id='word_1_471' title='bbox 1733 862 1894 903; x_wconf 90' lang='lat' dir='ltr'>peccato</span> <span class='ocrx_word' id='word_1_472' title='bbox 1913 854 1949 902; x_wconf 68' lang='lat'>³⁸,</span> <span class='ocrx_word' id='word_1_473' title='bbox 1979 856 2009 891; x_wconf 89' lang='lat' dir='ltr'>si</span> <span class='ocrx_word' id='word_1_474' title='bbox 2038 856 2105 892; x_wconf 85' lang='lat' dir='ltr'>fiat</span> <span class='ocrx_word' id='word_1_475' title='bbox 2138 856 2266 893; x_wconf 90' lang='lat' dir='ltr'>debito</span> <span class='ocrx_word' id='word_1_476' title='bbox 2301 857 2420 894; x_wconf 89' lang='lat' dir='ltr'>modo</span> <span class='ocrx_word' id='word_1_477' title='bbox 2461 864 2496 893; x_wconf 91' lang='lat' dir='ltr'>et</span> 
     </span>
     <span class='ocr_line' id='line_1_75' title="bbox 1423 907 2496 956; baseline 0.003 -12"><span class='ocrx_word' id='word_1_478' title='bbox 1423 907 1570 954; x_wconf 88' lang='lat' dir='ltr'>ordine,</span> <span class='ocrx_word' id='word_1_479' title='bbox 1592 908 1805 945; x_wconf 90' lang='lat' dir='ltr'>secundum</span> <span class='ocrx_word' id='word_1_480' title='bbox 1837 909 1942 956; x_wconf 90' lang='lat' dir='ltr'>quod</span> <span class='ocrx_word' id='word_1_481' title='bbox 1972 916 2028 945; x_wconf 89' lang='lat' dir='ltr'>est</span> <span class='ocrx_word' id='word_1_482' title='bbox 2048 909 2283 946; x_wconf 90' lang='lat' dir='ltr'>conveniens</span> <span class='ocrx_word' id='word_1_483' title='bbox 2303 910 2351 947; x_wconf 92' lang='lat' dir='ltr'>ad</span> <span class='ocrx_word' id='word_1_484' title='bbox 2376 910 2496 947; x_wconf 89' lang='lat' dir='ltr'>finem</span> 
     </span>
     <span class='ocr_line' id='line_1_76' title="bbox 1422 961 1913 1009; baseline 0.002 -12"><span class='ocrx_word' id='word_1_485' title='bbox 1422 961 1677 1009; x_wconf 88' lang='lat' dir='ltr'>generationis</span> <span class='ocrx_word' id='word_1_486' title='bbox 1707 962 1913 998; x_wconf 87' lang='lat' dir='ltr'>humanae.</span> 
     </span>
    </p>

    <p class='ocr_par' dir='ltr' id='par_1_27' title="bbox 1396 1015 2499 1224">
     <span class='ocr_line' id='line_1_77' title="bbox 1476 1015 2499 1065; baseline 0.002 -14"><span class='ocrx_word' id='word_1_487' title='bbox 1476 1018 1535 1051; x_wconf 83' lang='lat' dir='ltr'>Au</span> <span class='ocrx_word' id='word_1_488' title='bbox 1566 1027 1702 1052; x_wconf 81' lang='lat' dir='ltr'>PR1MUM</span> <span class='ocrx_word' id='word_1_489' title='bbox 1732 1026 1830 1052; x_wconf 83' lang='lat' dir='ltr'>ERGO</span> <span class='ocrx_word' id='word_1_490' title='bbox 1860 1026 2046 1051; x_wconf 83' lang='lat' dir='ltr'>DICENDUM</span> <span class='ocrx_word' id='word_1_491' title='bbox 2076 1015 2183 1063; x_wconf 91' lang='lat' dir='ltr'>quod</span> <span class='ocrx_word' id='word_1_492' title='bbox 2202 1015 2344 1064; x_wconf 88' lang='lat' dir='ltr'>aliquid</span> <span class='ocrx_word' id='word_1_493' title='bbox 2372 1024 2499 1065; x_wconf 90' lang='lat' dir='ltr'>potest</span> 
     </span>
     <span class='ocr_line' id='line_1_78' title="bbox 1424 1068 2498 1118; baseline 0.002 -14"><span class='ocrx_word' id='word_1_494' title='bbox 1424 1068 1610 1116; x_wconf 90' lang='lat' dir='ltr'>impedire</span> <span class='ocrx_word' id='word_1_495' title='bbox 1639 1068 1819 1105; x_wconf 89' lang='lat' dir='ltr'>virtutem</span> <span class='ocrx_word' id='word_1_496' title='bbox 1849 1068 2058 1117; x_wconf 89' lang='lat' dir='ltr'>dupliciter.</span> <span class='ocrx_word' id='word_1_497' title='bbox 2097 1068 2185 1105; x_wconf 92' lang='lat' dir='ltr'>Uno</span> <span class='ocrx_word' id='word_1_498' title='bbox 2216 1069 2348 1117; x_wconf 91' lang='lat' dir='ltr'>modo,</span> <span class='ocrx_word' id='word_1_499' title='bbox 2378 1082 2498 1118; x_wconf 90' lang='lat' dir='ltr'>quan-</span> 
     </span>
     <span class='ocr_line' id='line_1_79' title="bbox 1423 1121 2498 1160; baseline 0.001 -2"><span class='ocrx_word' id='word_1_500' title='bbox 1423 1129 1506 1158; x_wconf 91' lang='lat' dir='ltr'>tum</span> <span class='ocrx_word' id='word_1_501' title='bbox 1536 1123 1583 1159; x_wconf 90' lang='lat' dir='ltr'>ad</span> <span class='ocrx_word' id='word_1_502' title='bbox 1613 1134 1864 1159; x_wconf 90' lang='lat' dir='ltr'>communem</span> <span class='ocrx_word' id='word_1_503' title='bbox 1904 1129 2043 1158; x_wconf 88' lang='lat' dir='ltr'>Statum</span> <span class='ocrx_word' id='word_1_504' title='bbox 2072 1121 2236 1158; x_wconf 87' lang='lat' dir='ltr'>virtutis:</span> <span class='ocrx_word' id='word_1_505' title='bbox 2273 1130 2309 1158; x_wconf 90' lang='lat' dir='ltr'>et</span> <span class='ocrx_word' id='word_1_506' title='bbox 2336 1123 2389 1159; x_wconf 88' lang='lat' dir='ltr'>sic</span> <span class='ocrx_word' id='word_1_507' title='bbox 2419 1135 2498 1160; x_wconf 92' lang='lat' dir='ltr'>non</span> 
     </span>
     <span class='ocr_line' id='line_1_80' title="bbox 1396 1174 2497 1224; baseline 0.003 -15"><span class='ocrx_word' id='word_1_508' title='bbox 1396 1203 1398 1208; x_wconf 94' lang='lat'>.</span> <span class='ocrx_word' id='word_1_509' title='bbox 1424 1174 1630 1224; x_wconf 89' lang='lat' dir='ltr'>impeditur</span> <span class='ocrx_word' id='word_1_510' title='bbox 1657 1175 1776 1212; x_wconf 88' lang='lat' dir='ltr'>virtus</span> <span class='ocrx_word' id='word_1_511' title='bbox 1806 1175 1875 1213; x_wconf 87' lang='lat' dir='ltr'>nisi</span> <span class='ocrx_word' id='word_1_512' title='bbox 1904 1187 1973 1224; x_wconf 90' lang='lat' dir='ltr'>per</span> <span class='ocrx_word' id='word_1_513' title='bbox 2001 1183 2213 1224; x_wconf 89' lang='lat' dir='ltr'>peccatum.</span> <span class='ocrx_word' id='word_1_514' title='bbox 2248 1175 2334 1212; x_wconf 91' lang='lat' dir='ltr'>Alio</span> <span class='ocrx_word' id='word_1_515' title='bbox 2364 1176 2497 1223; x_wconf 88' lang='lat' dir='ltr'>modo,</span> 
     </span>
    </p>

    <p class='ocr_par' dir='ltr' id='par_1_28' title="bbox 1424 1228 2500 1492">
     <span class='ocr_line' id='line_1_81' title="bbox 1425 1228 2499 1278; baseline 0.002 -14"><span class='ocrx_word' id='word_1_516' title='bbox 1425 1236 1614 1276; x_wconf 90' lang='lat' dir='ltr'>quantum</span> <span class='ocrx_word' id='word_1_517' title='bbox 1652 1228 1700 1266; x_wconf 88' lang='lat' dir='ltr'>ad</span> <span class='ocrx_word' id='word_1_518' title='bbox 1736 1229 1948 1278; x_wconf 83' lang='lat' dir='ltr'>perfectum</span> <span class='ocrx_word' id='word_1_519' title='bbox 1986 1228 2134 1266; x_wconf 88' lang='lat' dir='ltr'>virtutis</span> <span class='ocrx_word' id='word_1_520' title='bbox 2171 1236 2333 1266; x_wconf 87' lang='lat' dir='ltr'>statum:</span> <span class='ocrx_word' id='word_1_521' title='bbox 2374 1237 2410 1266; x_wconf 91' lang='lat' dir='ltr'>et</span> <span class='ocrx_word' id='word_1_522' title='bbox 2446 1229 2499 1266; x_wconf 89' lang='lat' dir='ltr'>sic</span> 
     </span>
     <span class='ocr_line' id='line_1_82' title="bbox 1424 1282 2500 1331; baseline 0.002 -13"><span class='ocrx_word' id='word_1_523' title='bbox 1424 1290 1550 1331; x_wconf 90' lang='lat' dir='ltr'>potest</span> <span class='ocrx_word' id='word_1_524' title='bbox 1578 1282 1755 1331; x_wconf 90' lang='lat' dir='ltr'>impediri</span> <span class='ocrx_word' id='word_1_525' title='bbox 1783 1282 1902 1319; x_wconf 90' lang='lat' dir='ltr'>virtus</span> <span class='ocrx_word' id='word_1_526' title='bbox 1930 1295 1999 1331; x_wconf 89' lang='lat' dir='ltr'>per</span> <span class='ocrx_word' id='word_1_527' title='bbox 2027 1282 2170 1330; x_wconf 90' lang='lat' dir='ltr'>aliquid</span> <span class='ocrx_word' id='word_1_528' title='bbox 2200 1282 2307 1330; x_wconf 94' lang='lat' dir='ltr'>quod</span> <span class='ocrx_word' id='word_1_529' title='bbox 2335 1295 2414 1320; x_wconf 89' lang='lat' dir='ltr'>non</span> <span class='ocrx_word' id='word_1_530' title='bbox 2444 1290 2500 1320; x_wconf 93' lang='lat' dir='ltr'>est</span> 
     </span>
     <span class='ocr_line' id='line_1_83' title="bbox 1425 1336 2498 1384; baseline 0.001 -12"><span class='ocrx_word' id='word_1_531' title='bbox 1425 1343 1640 1384; x_wconf 90' lang='lat' dir='ltr'>peccatum,</span> <span class='ocrx_word' id='word_1_532' title='bbox 1671 1337 1737 1373; x_wconf 91' lang='lat' dir='ltr'>sed</span> <span class='ocrx_word' id='word_1_533' title='bbox 1768 1344 1823 1372; x_wconf 90' lang='lat' dir='ltr'>est</span> <span class='ocrx_word' id='word_1_534' title='bbox 1851 1336 1979 1372; x_wconf 90' lang='lat' dir='ltr'>minus</span> <span class='ocrx_word' id='word_1_535' title='bbox 2008 1337 2169 1373; x_wconf 92' lang='lat' dir='ltr'>bonum.</span> <span class='ocrx_word' id='word_1_536' title='bbox 2201 1337 2249 1373; x_wconf 86' lang='lat' dir='ltr'>Et</span> <span class='ocrx_word' id='word_1_537' title='bbox 2274 1336 2350 1373; x_wconf 88' lang='lat' dir='ltr'>hoc</span> <span class='ocrx_word' id='word_1_538' title='bbox 2378 1336 2498 1373; x_wconf 88' lang='lat' dir='ltr'>modo</span> 
     </span>
     <span class='ocr_line' id='line_1_84' title="bbox 1425 1389 2500 1437; baseline 0.002 -12"><span class='ocrx_word' id='word_1_539' title='bbox 1425 1401 1517 1425; x_wconf 89' lang='lat' dir='ltr'>usus</span> <span class='ocrx_word' id='word_1_540' title='bbox 1546 1389 1709 1426; x_wconf 87' lang='lat' dir='ltr'>feminae</span> <span class='ocrx_word' id='word_1_541' title='bbox 1740 1389 1865 1426; x_wconf 90' lang='lat' dir='ltr'>deiicit</span> <span class='ocrx_word' id='word_1_542' title='bbox 1892 1389 2079 1436; x_wconf 90' lang='lat' dir='ltr'>animum,</span> <span class='ocrx_word' id='word_1_543' title='bbox 2101 1402 2180 1426; x_wconf 91' lang='lat' dir='ltr'>non</span> <span class='ocrx_word' id='word_1_544' title='bbox 2209 1402 2231 1426; x_wconf 85' lang='lat' dir='ltr'>a</span> <span class='ocrx_word' id='word_1_545' title='bbox 2258 1389 2411 1437; x_wconf 88' lang='lat' dir='ltr'>virtute,</span> <span class='ocrx_word' id='word_1_546' title='bbox 2431 1391 2500 1428; x_wconf 87' lang='lat' dir='ltr'>sed</span> 
     </span>
     <span class='ocr_line' id='line_1_85' title="bbox 1425 1442 2500 1492; baseline 0.001 -13"><span class='ocrx_word' id='word_1_547' title='bbox 1425 1443 1474 1479; x_wconf 85' lang='lat' dir='ltr'>ab</span> <span class='ocrx_word' id='word_1_548' title='bbox 1502 1454 1607 1488; x_wconf 87' lang='lat' dir='ltr'>arce,</span> <span class='ocrx_word' id='word_1_549' title='bbox 1636 1442 1734 1480; x_wconf 90' lang='lat' dir='ltr'>idest</span> <span class='ocrx_word' id='word_1_550' title='bbox 1761 1443 1992 1491; x_wconf 84' lang='lat' dir='ltr'>perfectione</span> <span class='ocrx_word' id='word_1_551' title='bbox 2020 1443 2178 1480; x_wconf 86' lang='lat' dir='ltr'>virtutis.</span> <span class='ocrx_word' id='word_1_552' title='bbox 2221 1442 2335 1480; x_wconf 86' lang='lat' dir='ltr'>Unde</span> <span class='ocrx_word' id='word_1_553' title='bbox 2369 1445 2500 1492; x_wconf 82' lang='lat' dir='ltr'>Augu-</span> 
     </span>
    </p>
   </div>
   <div class='ocr_carea' id='block_1_22' title="bbox 1421 1550 2504 2988">
    <p class='ocr_par' dir='ltr' id='par_1_29' title="bbox 1421 1550 2500 1864">
     <span class='ocr_line' id='line_1_86' title="bbox 1426 1550 2499 1599; baseline 0.002 -13"><span class='ocrx_word' id='word_1_554' title='bbox 1426 1550 1565 1586; x_wconf 84' lang='lat' dir='ltr'>bonum</span> <span class='ocrx_word' id='word_1_555' title='bbox 1595 1555 1678 1586; x_wconf 90' lang='lat' dir='ltr'>erat</span> <span class='ocrx_word' id='word_1_556' title='bbox 1704 1550 1806 1598; x_wconf 87' lang='lat' dir='ltr'>quod</span> <span class='ocrx_word' id='word_1_557' title='bbox 1822 1550 1982 1587; x_wconf 86' lang='lat' dir='ltr'>Martha</span> <span class='ocrx_word' id='word_1_558' title='bbox 1998 1550 2174 1598; x_wconf 85' lang='lat' dir='ltr'>faciebat</span> <span class='ocrx_word' id='word_1_559' title='bbox 2192 1556 2376 1599; x_wconf 82' lang='lat' dir='ltr'>occupata</span> <span class='ocrx_word' id='word_1_560' title='bbox 2395 1551 2499 1588; x_wconf 87' lang='lat' dir='ltr'>circa</span> 
     </span>
     <span class='ocr_line' id='line_1_87' title="bbox 1426 1603 2500 1652; baseline 0.002 -13"><span class='ocrx_word' id='word_1_561' title='bbox 1426 1603 1673 1640; x_wconf 87' lang='lat' dir='ltr'>ministerium</span> <span class='ocrx_word' id='word_1_562' title='bbox 1702 1609 1938 1650; x_wconf 88' lang='lat' dir='ltr'>sanctorum,</span> <span class='ocrx_word' id='word_1_563' title='bbox 1967 1604 2034 1640; x_wconf 86' lang='lat' dir='ltr'>sed</span> <span class='ocrx_word' id='word_1_564' title='bbox 2060 1603 2192 1640; x_wconf 88' lang='lat' dir='ltr'>melius</span> <span class='ocrx_word' id='word_1_565' title='bbox 2228 1604 2331 1652; x_wconf 84' lang='lat' dir='ltr'>quod</span> <span class='ocrx_word' id='word_1_566' title='bbox 2365 1604 2500 1641; x_wconf 87' lang='lat' dir='ltr'>Maria</span> 
     </span>
     <span class='ocr_line' id='line_1_88' title="bbox 1426 1656 2499 1702; baseline 0.002 -10"><span class='ocrx_word' id='word_1_567' title='bbox 1426 1657 1582 1693; x_wconf 86' lang='lat' dir='ltr'>audiens</span> <span class='ocrx_word' id='word_1_568' title='bbox 1618 1657 1775 1693; x_wconf 80' lang='lat' dir='ltr'>verbum</span> <span class='ocrx_word' id='word_1_569' title='bbox 1806 1657 1881 1693; x_wconf 88' lang='lat' dir='ltr'>Dei</span> <span class='ocrx_word' id='word_1_570' title='bbox 1897 1656 1938 1702; x_wconf 74' lang='lat'>*;</span> <span class='ocrx_word' id='word_1_571' title='bbox 1968 1657 2019 1694; x_wconf 90' lang='lat' dir='ltr'>ita</span> <span class='ocrx_word' id='word_1_572' title='bbox 2047 1657 2160 1694; x_wconf 86' lang='lat' dir='ltr'>etiam</span> <span class='ocrx_word' id='word_1_573' title='bbox 2189 1657 2329 1694; x_wconf 81' lang='lat' dir='ltr'>honum</span> <span class='ocrx_word' id='word_1_574' title='bbox 2359 1658 2499 1695; x_wconf 86' lang='lat' dir='ltr'>Susan-</span> 
     </span>
     <span class='ocr_line' id='line_1_89' title="bbox 1427 1710 2499 1760; baseline 0.002 -14"><span class='ocrx_word' id='word_1_575' title='bbox 1427 1721 1499 1746; x_wconf 89' lang='lat' dir='ltr'>nae</span> <span class='ocrx_word' id='word_1_576' title='bbox 1528 1710 1565 1746; x_wconf 90' lang='lat' dir='ltr'>in</span> <span class='ocrx_word' id='word_1_577' title='bbox 1595 1710 1761 1747; x_wconf 88' lang='lat' dir='ltr'>castitate</span> <span class='ocrx_word' id='word_1_578' title='bbox 1788 1710 1984 1760; x_wconf 85' lang='lat' dir='ltr'>coniugali</span> <span class='ocrx_word' id='word_1_579' title='bbox 2010 1711 2229 1756; x_wconf 89' lang='lat' dir='ltr'>laudamus,</span> <span class='ocrx_word' id='word_1_580' title='bbox 2258 1711 2324 1747; x_wconf 90' lang='lat' dir='ltr'>sed</span> <span class='ocrx_word' id='word_1_581' title='bbox 2358 1711 2499 1748; x_wconf 83' lang='lat' dir='ltr'>honum</span> 
     </span>
     <span class='ocr_line' id='line_1_90' title="bbox 1425 1763 2500 1814; baseline 0.002 -15"><span class='ocrx_word' id='word_1_582' title='bbox 1425 1763 1564 1799; x_wconf 81' lang='lat' dir='ltr'>viduae</span> <span class='ocrx_word' id='word_1_583' title='bbox 1590 1764 1738 1809; x_wconf 82' lang='lat' dir='ltr'>Annae,</span> <span class='ocrx_word' id='word_1_584' title='bbox 1774 1769 1809 1800; x_wconf 90' lang='lat' dir='ltr'>et</span> <span class='ocrx_word' id='word_1_585' title='bbox 1842 1764 1967 1813; x_wconf 83' lang='lat' dir='ltr'>magis</span> <span class='ocrx_word' id='word_1_586' title='bbox 1994 1764 2152 1801; x_wconf 88' lang='lat' dir='ltr'>Mariae</span> <span class='ocrx_word' id='word_1_587' title='bbox 2186 1763 2368 1814; x_wconf 81' lang='lat' dir='ltr'>VirginiS,</span> <span class='ocrx_word' id='word_1_588' title='bbox 2398 1770 2500 1802; x_wconf 88' lang='lat' dir='ltr'>ante-</span> 
     </span>
     <span class='ocr_line' id='line_1_91' title="bbox 1421 1827 1612 1864; baseline 0 -12"><span class='ocrx_word' id='word_1_589' title='bbox 1421 1827 1612 1864; x_wconf 86' lang='lat' dir='ltr'>pommus.</span> 
     </span>
    </p>

    <p class='ocr_par' dir='ltr' id='par_1_30' title="bbox 1425 1869 2504 2774">
     <span class='ocr_line' id='line_1_92' title="bbox 1480 1869 2500 1919; baseline 0.003 -14"><span class='ocrx_word' id='word_1_590' title='bbox 1480 1871 1539 1905; x_wconf 83' lang='lat' dir='ltr'>AD</span> <span class='ocrx_word' id='word_1_591' title='bbox 1567 1880 1761 1905; x_wconf 80' lang='lat' dir='ltr'>SECUNDUM</span> <span class='ocrx_word' id='word_1_592' title='bbox 1789 1881 1976 1906; x_wconf 83' lang='lat' dir='ltr'>DICENDUM</span> <span class='ocrx_word' id='word_1_593' title='bbox 2005 1869 2122 1918; x_wconf 90' lang='lat' dir='ltr'>quod,</span> <span class='ocrx_word' id='word_1_594' title='bbox 2143 1869 2239 1906; x_wconf 90' lang='lat' dir='ltr'>sicut</span> <span class='ocrx_word' id='word_1_595' title='bbox 2263 1882 2379 1919; x_wconf 90' lang='lat' dir='ltr'>supra</span> <span class='ocrx_word' id='word_1_596' title='bbox 2397 1870 2418 1892; x_wconf 80' lang='lat'>&#39;¹‘</span> <span class='ocrx_word' id='word_1_597' title='bbox 2445 1870 2500 1908; x_wconf 91' lang='lat' dir='ltr'>di-</span> 
     </span>
     <span class='ocr_line' id='line_1_93' title="bbox 1426 1922 2501 1968; baseline 0.003 -10"><span class='ocrx_word' id='word_1_598' title='bbox 1426 1929 1530 1958; x_wconf 88' lang='lat' dir='ltr'>ctum</span> <span class='ocrx_word' id='word_1_599' title='bbox 1560 1930 1627 1968; x_wconf 91' lang='lat' dir='ltr'>est,</span> <span class='ocrx_word' id='word_1_600' title='bbox 1659 1922 1830 1958; x_wconf 90' lang='lat' dir='ltr'>medium</span> <span class='ocrx_word' id='word_1_601' title='bbox 1858 1922 2006 1959; x_wconf 89' lang='lat' dir='ltr'>virtutis</span> <span class='ocrx_word' id='word_1_602' title='bbox 2035 1935 2115 1959; x_wconf 92' lang='lat' dir='ltr'>non</span> <span class='ocrx_word' id='word_1_603' title='bbox 2134 1923 2339 1961; x_wconf 87' lang='lat' dir='ltr'>attenditur</span> <span class='ocrx_word' id='word_1_604' title='bbox 2367 1935 2501 1961; x_wconf 87' lang='lat' dir='ltr'>secun-</span> 
     </span>
     <span class='ocr_line' id='line_1_94' title="bbox 1427 1974 2503 2024; baseline 0.003 -13"><span class='ocrx_word' id='word_1_605' title='bbox 1427 1974 1520 2012; x_wconf 90' lang='lat' dir='ltr'>dum</span> <span class='ocrx_word' id='word_1_606' title='bbox 1550 1975 1822 2023; x_wconf 78' lang='lat' dir='ltr'>quantitatem,</span> <span class='ocrx_word' id='word_1_607' title='bbox 1842 1975 1911 2012; x_wconf 91' lang='lat' dir='ltr'>sed</span> <span class='ocrx_word' id='word_1_608' title='bbox 1939 1975 2154 2013; x_wconf 91' lang='lat' dir='ltr'>secundum</span> <span class='ocrx_word' id='word_1_609' title='bbox 2184 1976 2291 2024; x_wconf 93' lang='lat' dir='ltr'>quod</span> <span class='ocrx_word' id='word_1_610' title='bbox 2320 1977 2503 2014; x_wconf 90' lang='lat' dir='ltr'>convenit</span> 
     </span>
     <span class='ocr_line' id='line_1_95' title="bbox 1427 2028 2502 2068; baseline 0.003 -4"><span class='ocrx_word' id='word_1_611' title='bbox 1427 2028 1562 2065; x_wconf 88' lang='lat' dir='ltr'>rationi</span> <span class='ocrx_word' id='word_1_612' title='bbox 1594 2036 1730 2065; x_wconf 88' lang='lat' dir='ltr'>rectae.</span> <span class='ocrx_word' id='word_1_613' title='bbox 1765 2029 1815 2065; x_wconf 88' lang='lat' dir='ltr'>Et</span> <span class='ocrx_word' id='word_1_614' title='bbox 1842 2028 1930 2065; x_wconf 91' lang='lat' dir='ltr'>ideo</span> <span class='ocrx_word' id='word_1_615' title='bbox 1970 2028 2205 2066; x_wconf 86' lang='lat' dir='ltr'>abundantia</span> <span class='ocrx_word' id='word_1_616' title='bbox 2240 2029 2502 2068; x_wconf 87' lang='lat' dir='ltr'>delectationis</span> 
     </span>
     <span class='ocr_line' id='line_1_96' title="bbox 1426 2082 2502 2130; baseline 0.002 -12"><span class='ocrx_word' id='word_1_617' title='bbox 1426 2094 1524 2130; x_wconf 89' lang='lat' dir='ltr'>quae</span> <span class='ocrx_word' id='word_1_618' title='bbox 1554 2090 1609 2119; x_wconf 88' lang='lat' dir='ltr'>est</span> <span class='ocrx_word' id='word_1_619' title='bbox 1628 2082 1666 2119; x_wconf 89' lang='lat' dir='ltr'>in</span> <span class='ocrx_word' id='word_1_620' title='bbox 1695 2090 1782 2118; x_wconf 92' lang='lat' dir='ltr'>actu</span> <span class='ocrx_word' id='word_1_621' title='bbox 1801 2094 1971 2119; x_wconf 89' lang='lat' dir='ltr'>venereo</span> <span class='ocrx_word' id='word_1_622' title='bbox 1992 2082 2207 2120; x_wconf 88' lang='lat' dir='ltr'>secundum</span> <span class='ocrx_word' id='word_1_623' title='bbox 2233 2082 2422 2120; x_wconf 88' lang='lat' dir='ltr'>rationem</span> <span class='ocrx_word' id='word_1_624' title='bbox 2443 2095 2502 2120; x_wconf 90' lang='lat' dir='ltr'>or-</span> 
     </span>
     <span class='ocr_line' id='line_1_97' title="bbox 1426 2135 2502 2186; baseline 0.002 -14"><span class='ocrx_word' id='word_1_625' title='bbox 1426 2135 1568 2182; x_wconf 89' lang='lat' dir='ltr'>dinato,</span> <span class='ocrx_word' id='word_1_626' title='bbox 1589 2148 1667 2172; x_wconf 90' lang='lat' dir='ltr'>non</span> <span class='ocrx_word' id='word_1_627' title='bbox 1690 2135 1939 2172; x_wconf 89' lang='lat' dir='ltr'>contrariatur</span> <span class='ocrx_word' id='word_1_628' title='bbox 1958 2135 2089 2173; x_wconf 90' lang='lat' dir='ltr'>medio</span> <span class='ocrx_word' id='word_1_629' title='bbox 2103 2135 2263 2174; x_wconf 87' lang='lat' dir='ltr'>virtutis.</span> <span class='ocrx_word' id='word_1_630' title='bbox 2285 2158 2308 2164; x_wconf 97' lang='lat'>-</span> <span class='ocrx_word' id='word_1_631' title='bbox 2329 2137 2378 2174; x_wconf 94' lang='lat' dir='ltr'>Et</span> <span class='ocrx_word' id='word_1_632' title='bbox 2392 2149 2502 2186; x_wconf 83' lang='lat' dir='ltr'>prae·</span> 
     </span>
     <span class='ocr_line' id='line_1_98' title="bbox 1425 2189 2503 2239; baseline 0.002 -13"><span class='ocrx_word' id='word_1_633' title='bbox 1425 2197 1529 2226; x_wconf 93' lang='lat' dir='ltr'>terea</span> <span class='ocrx_word' id='word_1_634' title='bbox 1558 2189 1606 2227; x_wconf 93' lang='lat' dir='ltr'>ad</span> <span class='ocrx_word' id='word_1_635' title='bbox 1634 2189 1816 2226; x_wconf 83' lang='lat' dir='ltr'>virtutem</span> <span class='ocrx_word' id='word_1_636' title='bbox 1846 2201 1925 2226; x_wconf 92' lang='lat' dir='ltr'>non</span> <span class='ocrx_word' id='word_1_637' title='bbox 1953 2190 2116 2239; x_wconf 90' lang='lat' dir='ltr'>pertinet</span> <span class='ocrx_word' id='word_1_638' title='bbox 2145 2197 2333 2238; x_wconf 88' lang='lat' dir='ltr'>quantum</span> <span class='ocrx_word' id='word_1_639' title='bbox 2367 2202 2503 2228; x_wconf 89' lang='lat' dir='ltr'>sensus</span> 
     </span>
     <span class='ocr_line' id='line_1_99' title="bbox 1427 2242 2503 2293; baseline 0.002 -14"><span class='ocrx_word' id='word_1_640' title='bbox 1427 2243 1590 2280; x_wconf 88' lang='lat' dir='ltr'>exterior</span> <span class='ocrx_word' id='word_1_641' title='bbox 1627 2242 1854 2289; x_wconf 90' lang='lat' dir='ltr'>delectetur,</span> <span class='ocrx_word' id='word_1_642' title='bbox 1893 2243 2000 2292; x_wconf 93' lang='lat' dir='ltr'>quod</span> <span class='ocrx_word' id='word_1_643' title='bbox 2038 2243 2286 2292; x_wconf 89' lang='lat' dir='ltr'>consequitur</span> <span class='ocrx_word' id='word_1_644' title='bbox 2328 2243 2503 2293; x_wconf 91' lang='lat' dir='ltr'>corporis</span> 
     </span>
     <span class='ocr_line' id='line_1_100' title="bbox 1428 2295 2504 2347; baseline 0.002 -14"><span class='ocrx_word' id='word_1_645' title='bbox 1428 2295 1741 2345; x_wconf 87' lang='lat' dir='ltr'>dispositionem:</span> <span class='ocrx_word' id='word_1_646' title='bbox 1781 2296 1849 2333; x_wconf 91' lang='lat' dir='ltr'>sed</span> <span class='ocrx_word' id='word_1_647' title='bbox 1889 2305 2075 2345; x_wconf 89' lang='lat' dir='ltr'>quantum</span> <span class='ocrx_word' id='word_1_648' title='bbox 2119 2296 2309 2347; x_wconf 89' lang='lat' dir='ltr'>appetitus</span> <span class='ocrx_word' id='word_1_649' title='bbox 2347 2297 2504 2335; x_wconf 89' lang='lat' dir='ltr'>interior</span> 
     </span>
     <span class='ocr_line' id='line_1_101' title="bbox 1428 2349 2502 2388; baseline 0.001 -1"><span class='ocrx_word' id='word_1_650' title='bbox 1428 2350 1476 2388; x_wconf 92' lang='lat' dir='ltr'>ad</span> <span class='ocrx_word' id='word_1_651' title='bbox 1495 2349 1717 2387; x_wconf 89' lang='lat' dir='ltr'>huiusmodi</span> <span class='ocrx_word' id='word_1_652' title='bbox 1747 2349 2017 2387; x_wconf 89' lang='lat' dir='ltr'>delectationes</span> <span class='ocrx_word' id='word_1_653' title='bbox 2046 2350 2244 2388; x_wconf 89' lang='lat' dir='ltr'>afficiatur.</span> <span class='ocrx_word' id='word_1_654' title='bbox 2266 2372 2289 2378; x_wconf 95' lang='lat'>-</span> <span class='ocrx_word' id='word_1_655' title='bbox 2314 2351 2399 2388; x_wconf 88' lang='lat' dir='ltr'>Nec</span> <span class='ocrx_word' id='word_1_656' title='bbox 2427 2351 2502 2388; x_wconf 90' lang='lat' dir='ltr'>hoc</span> 
     </span>
     <span class='ocr_line' id='line_1_102' title="bbox 1425 2403 2502 2453; baseline 0.001 -12"><span class='ocrx_word' id='word_1_657' title='bbox 1425 2404 1541 2441; x_wconf 89' lang='lat' dir='ltr'>etiam</span> <span class='ocrx_word' id='word_1_658' title='bbox 1562 2403 1667 2453; x_wconf 93' lang='lat' dir='ltr'>quod</span> <span class='ocrx_word' id='word_1_659' title='bbox 1689 2403 1781 2440; x_wconf 89' lang='lat' dir='ltr'>ratio</span> <span class='ocrx_word' id='word_1_660' title='bbox 1802 2416 1881 2441; x_wconf 92' lang='lat' dir='ltr'>non</span> <span class='ocrx_word' id='word_1_661' title='bbox 1900 2411 2026 2452; x_wconf 91' lang='lat' dir='ltr'>potest</span> <span class='ocrx_word' id='word_1_662' title='bbox 2054 2404 2218 2441; x_wconf 88' lang='lat' dir='ltr'>liberum</span> <span class='ocrx_word' id='word_1_663' title='bbox 2239 2412 2368 2441; x_wconf 87' lang='lat' dir='ltr'>actum</span> <span class='ocrx_word' id='word_1_664' title='bbox 2388 2404 2502 2442; x_wconf 85' lang='lat' dir='ltr'>ratio—</span> 
     </span>
     <span class='ocr_line' id='line_1_103' title="bbox 1427 2456 2502 2506; baseline 0 -11"><span class='ocrx_word' id='word_1_665' title='bbox 1427 2457 1485 2495; x_wconf 88' lang='lat' dir='ltr'>nis</span> <span class='ocrx_word' id='word_1_666' title='bbox 1519 2457 1567 2494; x_wconf 86' lang='lat' dir='ltr'>ad</span> <span class='ocrx_word' id='word_1_667' title='bbox 1605 2456 1810 2506; x_wconf 88' lang='lat' dir='ltr'>spiritualia</span> <span class='ocrx_word' id='word_1_668' title='bbox 1849 2457 2127 2495; x_wconf 90' lang='lat' dir='ltr'>consideranda</span> <span class='ocrx_word' id='word_1_669' title='bbox 2161 2457 2274 2494; x_wconf 91' lang='lat' dir='ltr'>simul</span> <span class='ocrx_word' id='word_1_670' title='bbox 2312 2469 2400 2494; x_wconf 89' lang='lat' dir='ltr'>cum</span> <span class='ocrx_word' id='word_1_671' title='bbox 2439 2458 2502 2495; x_wconf 88' lang='lat' dir='ltr'>illa</span> 
     </span>
     <span class='ocr_line' id='line_1_104' title="bbox 1426 2509 2504 2560; baseline -0.001 -11"><span class='ocrx_word' id='word_1_672' title='bbox 1426 2510 1676 2549; x_wconf 88' lang='lat' dir='ltr'>delectatione</span> <span class='ocrx_word' id='word_1_673' title='bbox 1705 2510 1860 2557; x_wconf 88' lang='lat' dir='ltr'>habere,</span> <span class='ocrx_word' id='word_1_674' title='bbox 1890 2510 2053 2548; x_wconf 90' lang='lat' dir='ltr'>ostendit</span> <span class='ocrx_word' id='word_1_675' title='bbox 2072 2509 2088 2540; x_wconf 69' lang='grc' dir='ltr'><strong>β</strong></span> <span class='ocrx_word' id='word_1_676' title='bbox 2115 2511 2222 2560; x_wconf 90' lang='lat' dir='ltr'>quod</span> <span class='ocrx_word' id='word_1_677' title='bbox 2241 2519 2347 2548; x_wconf 91' lang='lat' dir='ltr'>actus</span> <span class='ocrx_word' id='word_1_678' title='bbox 2366 2510 2427 2548; x_wconf 88' lang='lat' dir='ltr'>ille</span> <span class='ocrx_word' id='word_1_679' title='bbox 2456 2511 2504 2549; x_wconf 89' lang='lat' dir='ltr'>sit</span> 
     </span>
     <span class='ocr_line' id='line_1_105' title="bbox 1426 2563 2501 2602; baseline 0.001 -1"><span class='ocrx_word' id='word_1_680' title='bbox 1426 2564 1638 2602; x_wconf 90' lang='lat' dir='ltr'>contrarius</span> <span class='ocrx_word' id='word_1_681' title='bbox 1657 2563 1795 2601; x_wconf 90' lang='lat' dir='ltr'>virtuti.</span> <span class='ocrx_word' id='word_1_682' title='bbox 1830 2564 1922 2600; x_wconf 91' lang='lat' dir='ltr'>Non</span> <span class='ocrx_word' id='word_1_683' title='bbox 1951 2564 2054 2601; x_wconf 89' lang='lat' dir='ltr'>enirn</span> <span class='ocrx_word' id='word_1_684' title='bbox 2085 2572 2140 2601; x_wconf 91' lang='lat' dir='ltr'>est</span> <span class='ocrx_word' id='word_1_685' title='bbox 2165 2564 2398 2602; x_wconf 88' lang='lat' dir='ltr'>contrarium</span> <span class='ocrx_word' id='word_1_686' title='bbox 2425 2565 2501 2602; x_wconf 85' lang='lat' dir='ltr'>vir-</span> 
     </span>
     <span class='ocr_line' id='line_1_106' title="bbox 1426 2617 2504 2667; baseline 0 -12"><span class='ocrx_word' id='word_1_687' title='bbox 1426 2618 1495 2656; x_wconf 90' lang='lat' dir='ltr'>tuti</span> <span class='ocrx_word' id='word_1_688' title='bbox 1524 2618 1554 2654; x_wconf 92' lang='lat' dir='ltr'>si</span> <span class='ocrx_word' id='word_1_689' title='bbox 1583 2617 1736 2654; x_wconf 89' lang='lat' dir='ltr'>rationis</span> <span class='ocrx_word' id='word_1_690' title='bbox 1770 2624 1875 2654; x_wconf 90' lang='lat' dir='ltr'>actus</span> <span class='ocrx_word' id='word_1_691' title='bbox 1908 2617 2113 2667; x_wconf 89' lang='lat' dir='ltr'>aliquando</span> <span class='ocrx_word' id='word_1_692' title='bbox 2143 2617 2411 2655; x_wconf 88' lang='lat' dir='ltr'>intermittatur</span> <span class='ocrx_word' id='word_1_693' title='bbox 2438 2617 2504 2655; x_wconf 89' lang='lat' dir='ltr'>ali-</span> 
     </span>
     <span class='ocr_line' id='line_1_107' title="bbox 1427 2671 2504 2721; baseline 0.002 -14"><span class='ocrx_word' id='word_1_694' title='bbox 1427 2684 1505 2721; x_wconf 91' lang='lat' dir='ltr'>quo</span> <span class='ocrx_word' id='word_1_695' title='bbox 1526 2671 1632 2720; x_wconf 94' lang='lat' dir='ltr'>quod</span> <span class='ocrx_word' id='word_1_696' title='bbox 1652 2671 1865 2708; x_wconf 89' lang='lat' dir='ltr'>secundum</span> <span class='ocrx_word' id='word_1_697' title='bbox 1895 2671 2084 2709; x_wconf 89' lang='lat' dir='ltr'>rationem</span> <span class='ocrx_word' id='word_1_698' title='bbox 2103 2671 2163 2708; x_wconf 90' lang='lat' dir='ltr'>fit:</span> <span class='ocrx_word' id='word_1_699' title='bbox 2193 2671 2376 2720; x_wconf 86' lang='lat' dir='ltr'>alioquin,</span> <span class='ocrx_word' id='word_1_700' title='bbox 2397 2671 2504 2721; x_wconf 90' lang='lat' dir='ltr'>quod</span> 
     </span>
     <span class='ocr_line' id='line_1_108' title="bbox 1428 2724 2447 2774; baseline 0 -12"><span class='ocrx_word' id='word_1_701' title='bbox 1428 2725 1563 2774; x_wconf 87' lang='lat' dir='ltr'>aliquis</span> <span class='ocrx_word' id='word_1_702' title='bbox 1592 2737 1632 2761; x_wconf 90' lang='lat' dir='ltr'>se</span> <span class='ocrx_word' id='word_1_703' title='bbox 1662 2736 1801 2761; x_wconf 89' lang='lat' dir='ltr'>somno</span> <span class='ocrx_word' id='word_1_704' title='bbox 1821 2724 1945 2772; x_wconf 90' lang='lat' dir='ltr'>tradit,</span> <span class='ocrx_word' id='word_1_705' title='bbox 1968 2733 2067 2762; x_wconf 89' lang='lat' dir='ltr'>esset</span> <span class='ocrx_word' id='word_1_706' title='bbox 2095 2732 2228 2762; x_wconf 90' lang='lat' dir='ltr'>contra</span> <span class='ocrx_word' id='word_1_707' title='bbox 2255 2725 2447 2762; x_wconf 86' lang='lat' dir='ltr'>virtutem.</span> 
     </span>
    </p>

    <p class='ocr_par' dir='ltr' id='par_1_31' title="bbox 1426 2777 2503 2988">
     <span class='ocr_line' id='line_1_109' title="bbox 1482 2777 2502 2828; baseline 0 -13"><span class='ocrx_word' id='word_1_708' title='bbox 1482 2779 1568 2815; x_wconf 90' lang='lat' dir='ltr'>Hoc</span> <span class='ocrx_word' id='word_1_709' title='bbox 1596 2786 1726 2815; x_wconf 87' lang='lat' dir='ltr'>tamen</span> <span class='ocrx_word' id='word_1_710' title='bbox 1756 2777 1862 2826; x_wconf 92' lang='lat' dir='ltr'>quod</span> <span class='ocrx_word' id='word_1_711' title='bbox 1892 2779 2203 2828; x_wconf 85' lang='lat' dir='ltr'>eoncupiscentia</span> <span class='ocrx_word' id='word_1_712' title='bbox 2231 2786 2268 2816; x_wconf 88' lang='lat' dir='ltr'>et</span> <span class='ocrx_word' id='word_1_713' title='bbox 2301 2778 2502 2816; x_wconf 87' lang='lat' dir='ltr'>delectatio</span> 
     </span>
     <span class='ocr_line' id='line_1_110' title="bbox 1426 2831 2502 2882; baseline -0.001 -13"><span class='ocrx_word' id='word_1_714' title='bbox 1426 2844 1685 2869; x_wconf 87' lang='lat' dir='ltr'>venereorum</span> <span class='ocrx_word' id='word_1_715' title='bbox 1723 2843 1802 2868; x_wconf 88' lang='lat' dir='ltr'>non</span> <span class='ocrx_word' id='word_1_716' title='bbox 1839 2831 2008 2869; x_wconf 88' lang='lat' dir='ltr'>subiacet</span> <span class='ocrx_word' id='word_1_717' title='bbox 2050 2832 2212 2882; x_wconf 90' lang='lat' dir='ltr'>imperio</span> <span class='ocrx_word' id='word_1_718' title='bbox 2250 2839 2287 2870; x_wconf 92' lang='lat' dir='ltr'>et</span> <span class='ocrx_word' id='word_1_719' title='bbox 2325 2831 2502 2869; x_wconf 85' lang='lat' dir='ltr'>modera-</span> 
     </span>
     <span class='ocr_line' id='line_1_111' title="bbox 1427 2884 2501 2934; baseline -0.002 -11"><span class='ocrx_word' id='word_1_720' title='bbox 1427 2885 1521 2923; x_wconf 88' lang='lat' dir='ltr'>tioni</span> <span class='ocrx_word' id='word_1_721' title='bbox 1554 2885 1721 2931; x_wconf 88' lang='lat' dir='ltr'>rationis,</span> <span class='ocrx_word' id='word_1_722' title='bbox 1751 2885 1930 2933; x_wconf 85' lang='lat' dir='ltr'>provenit</span> <span class='ocrx_word' id='word_1_723' title='bbox 1958 2898 2002 2922; x_wconf 88' lang='lat' dir='ltr'>ex</span> <span class='ocrx_word' id='word_1_724' title='bbox 2031 2898 2158 2934; x_wconf 89' lang='lat' dir='ltr'>poena</span> <span class='ocrx_word' id='word_1_725' title='bbox 2186 2884 2298 2934; x_wconf 92' lang='lat' dir='ltr'>primi</span> <span class='ocrx_word' id='word_1_726' title='bbox 2336 2884 2501 2934; x_wconf 82' lang='lat' dir='ltr'>peccati:</span> 
     </span>
     <span class='ocr_line' id='line_1_112' title="bbox 1428 2938 2503 2988; baseline -0.002 -12"><span class='ocrx_word' id='word_1_727' title='bbox 1428 2939 1655 2988; x_wconf 88' lang='lat' dir='ltr'>inquantum</span> <span class='ocrx_word' id='word_1_728' title='bbox 1685 2938 1826 2976; x_wconf 90' lang='lat' dir='ltr'>scilicet</span> <span class='ocrx_word' id='word_1_729' title='bbox 1855 2938 1948 2976; x_wconf 90' lang='lat' dir='ltr'>ratio</span> <span class='ocrx_word' id='word_1_730' title='bbox 1979 2939 2128 2976; x_wconf 90' lang='lat' dir='ltr'>rebellis</span> <span class='ocrx_word' id='word_1_731' title='bbox 2156 2939 2242 2976; x_wconf 91' lang='lat' dir='ltr'>Deo</span> <span class='ocrx_word' id='word_1_732' title='bbox 2271 2938 2409 2975; x_wconf 89' lang='lat' dir='ltr'>meruit</span> <span class='ocrx_word' id='word_1_733' title='bbox 2437 2939 2503 2975; x_wconf 91' lang='lat' dir='ltr'>ha-</span> 
     </span>
    </p>
   </div>
   <div class='ocr_carea' id='block_1_23' title="bbox 1429 2992 2504 3093">
    <p class='ocr_par' dir='ltr' id='par_1_32' title="bbox 1429 2992 2504 3093">
     <span class='ocr_line' id='line_1_113' title="bbox 1429 2992 2504 3041; baseline -0.001 -11"><span class='ocrx_word' id='word_1_734' title='bbox 1429 2994 1520 3030; x_wconf 93' lang='lat' dir='ltr'>bere</span> <span class='ocrx_word' id='word_1_735' title='bbox 1549 3005 1660 3030; x_wconf 88' lang='lat' dir='ltr'>suam</span> <span class='ocrx_word' id='word_1_736' title='bbox 1681 3004 1835 3029; x_wconf 91' lang='lat' dir='ltr'>carnem</span> <span class='ocrx_word' id='word_1_737' title='bbox 1865 2992 2061 3040; x_wconf 88' lang='lat' dir='ltr'>rebellem,</span> <span class='ocrx_word' id='word_1_738' title='bbox 2090 3000 2132 3029; x_wconf 88' lang='lat' dir='ltr'>ut</span> <span class='ocrx_word' id='word_1_739' title='bbox 2158 2999 2262 3041; x_wconf 86' lang='lat' dir='ltr'>patet</span> <span class='ocrx_word' id='word_1_740' title='bbox 2281 3003 2349 3041; x_wconf 88' lang='lat' dir='ltr'>per</span> <span class='ocrx_word' id='word_1_741' title='bbox 2372 2993 2504 3040; x_wconf 87' lang='lat' dir='ltr'>Augu-</span> 
     </span>
     <span class='ocr_line' id='line_1_114' title="bbox 1429 3045 2041 3093; baseline -0.002 -10"><span class='ocrx_word' id='word_1_742' title='bbox 1429 3046 1582 3093; x_wconf 91' lang='lat' dir='ltr'>stinum,</span> <span class='ocrx_word' id='word_1_743' title='bbox 1612 3047 1701 3083; x_wconf 87' lang='lat' dir='ltr'>XIII</span> <span class='ocrx_word' id='word_1_744' title='bbox 1730 3046 1776 3083; x_wconf 86' lang='lat' dir='ltr'>de</span> <span class='ocrx_word' id='word_1_745' title='bbox 1809 3045 1888 3083; x_wconf 83' lang='lat' dir='ltr'>Civ.</span> <span class='ocrx_word' id='word_1_746' title='bbox 1918 3046 1995 3083; x_wconf 86' lang='lat' dir='ltr'>Dei</span> <span class='ocrx_word' id='word_1_747' title='bbox 2010 3045 2041 3082; x_wconf 70' lang='lat'>³⁸.</span> 
     </span>
    </p>
   </div>
   <div class='ocr_carea' id='block_1_24' title="bbox 1395 766 1402 1902">
    <p class='ocr_par' dir='ltr' id='par_1_33' title="bbox 1395 766 1402 1902">
     <span class='ocr_line' id='line_1_115' title="bbox 1395 766 1402 1902; baseline 0 0"><span class='ocrx_word' id='word_1_748' title='bbox 1395 766 1402 1902; x_wconf 95' lang='lat' dir='ltr'> </span> 
     </span>
    </p>
   </div>
   <div class='ocr_carea' id='block_1_25' title="bbox 1483 3097 2510 3148">
    <p class='ocr_par' dir='ltr' id='par_1_34' title="bbox 1483 3097 2510 3148">
     <span class='ocr_line' id='line_1_116' title="bbox 1483 3097 2510 3148; baseline -0.003 -11"><span class='ocrx_word' id='word_1_749' title='bbox 1483 3102 1541 3137; x_wconf 84' lang='lat' dir='ltr'>An</span> <span class='ocrx_word' id='word_1_750' title='bbox 1570 3111 1732 3137; x_wconf 76' lang='lat' dir='ltr'>TERTtUM</span> <span class='ocrx_word' id='word_1_751' title='bbox 1765 3110 1950 3137; x_wconf 82' lang='lat' dir='ltr'>DlCENDUM</span> <span class='ocrx_word' id='word_1_752' title='bbox 1979 3098 2106 3148; x_wconf 92' lang='lat' dir='ltr'>quod,</span> <span class='ocrx_word' id='word_1_753' title='bbox 2136 3098 2233 3135; x_wconf 91' lang='lat' dir='ltr'>sicut</span> <span class='ocrx_word' id='word_1_754' title='bbox 2268 3097 2510 3146; x_wconf 47' lang='lat' dir='ltr'>Augustinus&gt;</span> 
     </span>
    </p>
   </div>
   <div class='ocr_carea' id='block_1_26' title="bbox 1424 3151 2504 3468">
    <p class='ocr_par' dir='ltr' id='par_1_35' title="bbox 1424 3151 2504 3468">
     <span class='ocr_line' id='line_1_117' title="bbox 1429 3151 2504 3200; baseline -0.001 -11"><span class='ocrx_word' id='word_1_755' title='bbox 1429 3153 1574 3191; x_wconf 90' lang='lat' dir='ltr'>ibidem</span> <span class='ocrx_word' id='word_1_756' title='bbox 1595 3153 1695 3199; x_wconf 91' lang='lat' dir='ltr'>dicit,</span> <span class='ocrx_word' id='word_1_757' title='bbox 1717 3152 1822 3200; x_wconf 90' lang='lat' dir='ltr'>quod</span> <span class='ocrx_word' id='word_1_758' title='bbox 1834 3157 1850 3180; x_wconf 79' lang='grc' dir='ltr'><strong>Υ</strong></span> <span class='ocrx_word' id='word_1_759' title='bbox 1868 3164 1918 3189; x_wconf 87' lang='lat' dir='ltr'>ex</span> <span class='ocrx_word' id='word_1_760' title='bbox 1936 3151 2235 3200; x_wconf 83' lang='lat' dir='ltr'>concupiscentia</span> <span class='ocrx_word' id='word_1_761' title='bbox 2251 3151 2388 3197; x_wconf 88' lang='lat' dir='ltr'>carnis,</span> <span class='ocrx_word' id='word_1_762' title='bbox 2406 3162 2504 3200; x_wconf 84' lang='lat' dir='ltr'>quae</span> 
     </span>
     <span class='ocr_line' id='line_1_118' title="bbox 1429 3205 2502 3257; baseline -0.003 -13"><span class='ocrx_word' id='word_1_763' title='bbox 1429 3207 1663 3257; x_wconf 83' lang='lat' dir='ltr'>regeneratis</span> <span class='ocrx_word' id='word_1_764' title='bbox 1691 3218 1766 3243; x_wconf 90' lang='lat' dir='ltr'>non</span> <span class='ocrx_word' id='word_1_765' title='bbox 1791 3206 1998 3254; x_wconf 86' lang='lat' dir='ltr'>imputatur</span> <span class='ocrx_word' id='word_1_766' title='bbox 2025 3205 2062 3242; x_wconf 87' lang='lat' dir='ltr'>in</span> <span class='ocrx_word' id='word_1_767' title='bbox 2085 3210 2298 3254; x_wconf 83' lang='lat' dir='ltr'>peccatum,</span> <span class='ocrx_word' id='word_1_768' title='bbox 2319 3210 2502 3254; x_wconf 87' lang='lat' dir='ltr'>tanquam</span> 
     </span>
     <span class='ocr_line' id='line_1_119' title="bbox 1429 3258 2502 3309; baseline -0.001 -12"><span class='ocrx_word' id='word_1_769' title='bbox 1429 3272 1480 3297; x_wconf 84' lang='lat' dir='ltr'>ex</span> <span class='ocrx_word' id='word_1_770' title='bbox 1501 3260 1585 3307; x_wconf 84' lang='lat' dir='ltr'>filia</span> <span class='ocrx_word' id='word_1_771' title='bbox 1602 3259 1761 3309; x_wconf 80' lang='lat' dir='ltr'>peccati,</span> <span class='ocrx_word' id='word_1_772' title='bbox 1775 3259 1905 3308; x_wconf 85' lang='lat' dir='ltr'>proles</span> <span class='ocrx_word' id='word_1_773' title='bbox 1933 3259 2100 3296; x_wconf 84' lang='lat' dir='ltr'>nascitur</span> <span class='ocrx_word' id='word_1_774' title='bbox 2123 3258 2306 3308; x_wconf 86' lang='lat' dir='ltr'>originali</span> <span class='ocrx_word' id='word_1_775' title='bbox 2332 3258 2502 3308; x_wconf 84' lang='lat' dir='ltr'>obligata</span> 
     </span>
     <span class='ocr_line' id='line_1_120' title="bbox 1424 3311 2503 3362; baseline -0.002 -12"><span class='ocrx_word' id='word_1_776' title='bbox 1424 3319 1593 3362; x_wconf 84' lang='lat' dir='ltr'>peccato.</span> <span class='ocrx_word' id='word_1_777' title='bbox 1632 3312 1744 3350; x_wconf 89' lang='lat' dir='ltr'>Unde</span> <span class='ocrx_word' id='word_1_778' title='bbox 1778 3324 1856 3350; x_wconf 88' lang='lat' dir='ltr'>non</span> <span class='ocrx_word' id='word_1_779' title='bbox 1894 3311 2063 3360; x_wconf 89' lang='lat' dir='ltr'>sequitur</span> <span class='ocrx_word' id='word_1_780' title='bbox 2101 3312 2206 3360; x_wconf 89' lang='lat' dir='ltr'>quod</span> <span class='ocrx_word' id='word_1_781' title='bbox 2235 3319 2340 3349; x_wconf 92' lang='lat' dir='ltr'>actus</span> <span class='ocrx_word' id='word_1_782' title='bbox 2369 3312 2428 3349; x_wconf 88' lang='lat' dir='ltr'>ille</span> <span class='ocrx_word' id='word_1_783' title='bbox 2457 3311 2503 3348; x_wconf 93' lang='lat' dir='ltr'>sit</span> 
     </span>
     <span class='ocr_line' id='line_1_121' title="bbox 1430 3364 2501 3416; baseline -0.003 -12"><span class='ocrx_word' id='word_1_784' title='bbox 1430 3375 1650 3416; x_wconf 87' lang='lat' dir='ltr'>peccatum:</span> <span class='ocrx_word' id='word_1_785' title='bbox 1680 3365 1749 3402; x_wconf 91' lang='lat' dir='ltr'>sed</span> <span class='ocrx_word' id='word_1_786' title='bbox 1778 3365 1883 3415; x_wconf 89' lang='lat' dir='ltr'>quod</span> <span class='ocrx_word' id='word_1_787' title='bbox 1913 3365 1950 3402; x_wconf 91' lang='lat' dir='ltr'>in</span> <span class='ocrx_word' id='word_1_788' title='bbox 1970 3365 2033 3402; x_wconf 94' lang='lat' dir='ltr'>illo</span> <span class='ocrx_word' id='word_1_789' title='bbox 2063 3373 2149 3402; x_wconf 86' lang='lat' dir='ltr'>actu</span> <span class='ocrx_word' id='word_1_790' title='bbox 2170 3365 2215 3402; x_wconf 90' lang='lat' dir='ltr'>sit</span> <span class='ocrx_word' id='word_1_791' title='bbox 2240 3364 2379 3414; x_wconf 90' lang='lat' dir='ltr'>aliquid</span> <span class='ocrx_word' id='word_1_792' title='bbox 2410 3377 2501 3414; x_wconf 92' lang='lat' dir='ltr'>poe-</span> 
     </span>
     <span class='ocr_line' id='line_1_122' title="bbox 1430 3418 2167 3468; baseline -0.003 -11"><span class='ocrx_word' id='word_1_793' title='bbox 1430 3421 1514 3458; x_wconf 87' lang='lat' dir='ltr'>nale</span> <span class='ocrx_word' id='word_1_794' title='bbox 1544 3432 1566 3456; x_wconf 88' lang='lat' dir='ltr'>a</span> <span class='ocrx_word' id='word_1_795' title='bbox 1594 3426 1753 3468; x_wconf 89' lang='lat' dir='ltr'>peccato</span> <span class='ocrx_word' id='word_1_796' title='bbox 1782 3418 1907 3467; x_wconf 89' lang='lat' dir='ltr'>primo</span> <span class='ocrx_word' id='word_1_797' title='bbox 1939 3418 2167 3455; x_wconf 88' lang='lat' dir='ltr'>derivatum.</span> 
     </span>
    </p>
   </div>
   <div class='ocr_carea' id='block_1_27' title="bbox 1433 3548 2502 3619">
    <p class='ocr_par' dir='ltr' id='par_1_36' title="bbox 1433 3548 2502 3619">
     <span class='ocr_line' id='line_1_123' title="bbox 1486 3548 2502 3583; baseline -0.002 -9"><span class='ocrx_word' id='word_1_798' title='bbox 1486 3551 1511 3583; x_wconf 85' lang='grc' dir='ltr'>γ)</span> <span class='ocrx_word' id='word_1_799' title='bbox 1532 3550 1639 3582; x_wconf 81' lang='lat' dir='ltr'>quod.—</span> <span class='ocrx_word' id='word_1_800' title='bbox 1654 3550 1715 3575; x_wconf 90' lang='lat' dir='ltr'>Om.</span> <span class='ocrx_word' id='word_1_801' title='bbox 1729 3549 1817 3574; x_wconf 81' lang='lat' dir='ltr'>PDsC.</span> <span class='ocrx_word' id='word_1_802' title='bbox 1830 3563 1847 3568; x_wconf 96' lang='lat'>—</span> <span class='ocrx_word' id='word_1_803' title='bbox 1868 3549 1918 3573; x_wconf 84' lang='lat' dir='ltr'>Pro</span> <span class='ocrx_word' id='word_1_804' title='bbox 1932 3550 2106 3582; x_wconf 81' lang='lat' dir='ltr'>regeneratis,</span> <span class='ocrx_word' id='word_1_805' title='bbox 2122 3549 2260 3582; x_wconf 81' lang='lat' dir='ltr'>regnantis</span> <span class='ocrx_word' id='word_1_806' title='bbox 2275 3548 2412 3581; x_wconf 77' lang='lat' dir='ltr'>BEFpAC.</span> <span class='ocrx_word' id='word_1_807' title='bbox 2428 3554 2502 3580; x_wconf 80' lang='lat' dir='ltr'>rege-</span> 
     </span>
     <span class='ocr_line' id='line_1_124' title="bbox 1433 3583 2501 3619; baseline -0.003 -9"><span class='ocrx_word' id='word_1_808' title='bbox 1433 3586 1551 3611; x_wconf 81' lang='lat' dir='ltr'>nerantis</span> <span class='ocrx_word' id='word_1_809' title='bbox 1565 3586 1624 3617; x_wconf 84' lang='lat' dir='ltr'>le.</span> <span class='ocrx_word' id='word_1_810' title='bbox 1635 3585 1777 3619; x_wconf 78' lang='lat' dir='ltr'>generanti</span> <span class='ocrx_word' id='word_1_811' title='bbox 1793 3585 1815 3609; x_wconf 88' lang='lat' dir='ltr'>sl</span> <span class='ocrx_word' id='word_1_812' title='bbox 1830 3590 1855 3609; x_wconf 91' lang='lat' dir='ltr'>et</span> <span class='ocrx_word' id='word_1_813' title='bbox 1867 3592 1892 3614; x_wconf 89' lang='lat' dir='ltr'>a,</span> <span class='ocrx_word' id='word_1_814' title='bbox 1909 3586 1957 3614; x_wconf 81' lang='lat' dir='ltr'>(ex</span> <span class='ocrx_word' id='word_1_815' title='bbox 1971 3585 2152 3618; x_wconf 81' lang='lat' dir='ltr'>repugnantia</span> <span class='ocrx_word' id='word_1_816' title='bbox 2165 3585 2267 3615; x_wconf 85' lang='lat' dir='ltr'>carnis)</span> <span class='ocrx_word' id='word_1_817' title='bbox 2283 3583 2459 3617; x_wconf 73' lang='lat' dir='ltr'>repugnantis</span> <span class='ocrx_word' id='word_1_818' title='bbox 2472 3583 2501 3607; x_wconf 92' lang='lat' dir='ltr'>L.</span> 
     </span>
    </p>
   </div>
   <div class='ocr_carea' id='block_1_28' title="bbox 1394 766 1408 3614">
    <p class='ocr_par' dir='ltr' id='par_1_37' title="bbox 1394 766 1408 3614">
     <span class='ocr_line' id='line_1_125' title="bbox 1394 766 1408 3614; baseline 0 0"><span class='ocrx_word' id='word_1_819' title='bbox 1394 766 1408 3614; x_wconf 95' lang='lat' dir='ltr'> </span> 
     </span>
    </p>
   </div>
   <div class='ocr_carea' id='block_1_29' title="bbox 1426 1495 2538 1546">
    <p class='ocr_par' dir='ltr' id='par_1_38' title="bbox 1426 1495 2538 1546">
     <span class='ocr_line' id='line_1_126' title="bbox 1426 1495 2538 1546; baseline 0.002 -14"><span class='ocrx_word' id='word_1_820' title='bbox 1426 1495 1546 1532; x_wconf 89' lang='lat' dir='ltr'>stinus</span> <span class='ocrx_word' id='word_1_821' title='bbox 1581 1495 1690 1543; x_wconf 89' lang='lat' dir='ltr'>dicit,</span> <span class='ocrx_word' id='word_1_822' title='bbox 1721 1496 1759 1533; x_wconf 92' lang='lat' dir='ltr'>in</span> <span class='ocrx_word' id='word_1_823' title='bbox 1796 1496 1891 1533; x_wconf 90' lang='lat' dir='ltr'>libro</span> <span class='ocrx_word' id='word_1_824' title='bbox 1920 1497 1966 1533; x_wconf 86' lang='lat' dir='ltr'>de</span> <span class='ocrx_word' id='word_1_825' title='bbox 1994 1498 2103 1533; x_wconf 90' lang='lat' dir='ltr'>Bono</span> <span class='ocrx_word' id='word_1_826' title='bbox 2137 1497 2299 1546; x_wconf 88' lang='lat' dir='ltr'>Coniug.</span> <span class='ocrx_word' id='word_1_827' title='bbox 2325 1496 2361 1533; x_wconf 79' lang='lat' dir='ltr'>*z</span> <span class='ocrx_word' id='word_1_828' title='bbox 2398 1497 2502 1534; x_wconf 88' lang='lat' dir='ltr'>Sicut</span> <span class='ocrx_word' id='word_1_829' title='bbox 2528 1507 2538 1517; x_wconf 73' lang='lat'>⁸</span> 
     </span>
    </p>
   </div>
   <div class='ocr_carea' id='block_1_30' title="bbox 2524 865 2641 893">
    <p class='ocr_par' dir='ltr' id='par_1_39' title="bbox 2524 865 2641 893">
     <span class='ocr_line' id='line_1_127' title="bbox 2524 865 2641 893; baseline 0 -7"><span class='ocrx_word' id='word_1_830' title='bbox 2524 866 2533 875; x_wconf 89' lang='lat'><strong>·</strong></span> <span class='ocrx_word' id='word_1_831' title='bbox 2549 865 2576 886; x_wconf 88' lang='lat' dir='ltr'>D.</span> <span class='ocrx_word' id='word_1_832' title='bbox 2592 865 2641 893; x_wconf 75' lang='lat'>858.</span> 
     </span>
    </p>
   </div>
   <div class='ocr_carea' id='block_1_31' title="bbox 2527 1666 2648 1694">
    <p class='ocr_par' dir='ltr' id='par_1_40' title="bbox 2527 1666 2648 1694">
     <span class='ocr_line' id='line_1_128' title="bbox 2527 1666 2648 1694; baseline 0 -6"><span class='ocrx_word' id='word_1_833' title='bbox 2527 1667 2537 1677; x_wconf 83' lang='lat'><strong>·</strong></span> <span class='ocrx_word' id='word_1_834' title='bbox 2551 1666 2579 1688; x_wconf 90' lang='lat' dir='ltr'>D.</span> <span class='ocrx_word' id='word_1_835' title='bbox 2594 1666 2648 1694; x_wconf 74' lang='lat'>1¹85.</span> 
     </span>
    </p>
   </div>
   <div class='ocr_carea' id='block_1_32' title="bbox 2527 1879 2741 1959">
    <p class='ocr_par' dir='ltr' id='par_1_41' title="bbox 2527 1879 2741 1959">
     <span class='ocr_line' id='line_1_129' title="bbox 2527 1879 2741 1931; baseline 0 -5"><span class='ocrx_word' id='word_1_836' title='bbox 2527 1879 2548 1931; x_wconf 54' lang='grc' dir='ltr'>ἑ,</span> <span class='ocrx_word' id='word_1_837' title='bbox 2561 1910 2575 1926; x_wconf 78' lang='grc' dir='ltr'>ι</span> <span class='ocrx_word' id='word_1_838' title='bbox 2582 1882 2677 1931; x_wconf 41' lang='lat' dir='ltr'>”iffi</span> <span class='ocrx_word' id='word_1_839' title='bbox 2685 1881 2741 1931; x_wconf 54' lang='lat'>11¹3,</span> 
     </span>
     <span class='ocr_line' id='line_1_130' title="bbox 2528 1934 2723 1959; baseline 0 -6"><span class='ocrx_word' id='word_1_840' title='bbox 2528 1937 2566 1959; x_wconf 84' lang='lat' dir='ltr'>qu.</span> <span class='ocrx_word' id='word_1_841' title='bbox 2577 1936 2641 1958; x_wconf 79' lang='lat' dir='ltr'>mv,</span> <span class='ocrx_word' id='word_1_842' title='bbox 2651 1934 2692 1953; x_wconf 76' lang='lat' dir='ltr'>nrt.</span> <span class='ocrx_word' id='word_1_843' title='bbox 2703 1937 2723 1953; x_wconf 80' lang='lat'>2.</span> 
     </span>
    </p>
   </div>
  </div>
 </body>
</html>
