2768 4198
939 284 1206 331 QUAESTIO
1237 284 1429 331 CLXXII,
1458 284 1756 321 ARTICULUS
1787 285 1799 320 l

396 509 811 587 QUAESTIO
851 509 2363 591 CENTESIMASEPTUAGESIMASECUNDA

1004 629 1088 669 DE
1122 629 1327 670 CAUSA
1360 630 1748 670 PROPHETIAE

1126 743 1160 768 IN
1190 744 1255 768 SEX
1283 744 1486 770 ARTICULOS
1514 746 1630 770 DIVISA

366 851 474 877 amnis
511 837 833 875 considerandum
872 844 927 873 est
956 836 1003 873 de
1039 848 1153 872 causa
1182 837 1347 885 prophe-

364 892 440 930 tiae
458 892 490 929 ²¹².

282 947 332 984 Et
361 946 459 983 circa
486 946 562 983 hoc
590 950 825 993 quaeruntur
853 955 929 980 sex.

336 999 487 1036 Primo:
517 1007 646 1036 utrum
673 996 875 1046 prophetia
902 995 948 1033 sit
977 995 1169 1032 naturalis.

338 1053 540 1090 Secundo:
561 1059 689 1089 utrum
711 1050 756 1088 sit
775 1062 797 1087 a
816 1051 901 1087 Deo
920 1048 1177 1086 mediantibus
1194 1048 1347 1096 angelis.

337 1106 490 1143 Tertio:
525 1113 652 1143 utrum
681 1105 731 1141 ad
758 1102 998 1153 prophetiam
1034 1101 1247 1151 requiratur
1277 1101 1349 1138 dis-

392 1159 530 1209 positio
559 1158 748 1196 naturalis.

40 893 158 943 ςαῇαῇι
178 899 254 920 ω»

1459 839 1626 885 Quarto:
1656 847 1784 876 utrum
1814 840 2024 888 requiratur
2052 841 2200 878 bonitas
2221 854 2388 878 morum.

1458 914 1623 961 Quinto:
1653 923 1779 952 utrum
1810 916 1855 952 sit
1883 916 2010 965 aliqua
2033 918 2233 967 prophetia
2261 931 2283 955 a
2312 919 2469 955 daemo-

1511 994 1632 1031 nibus.

1459 1063 1595 1112 Sexto:
1625 1084 1752 1113 utrum
1772 1077 1982 1125 prophetae
2005 1078 2238 1116 daemonum
2265 1079 2470 1128 aliquando

1514 1155 1639 1192 dicant
1667 1168 1816 1193 verum.

1095 1263 1417 1306 ARTICULUS
1454 1264 1660 1307 PRIMUS

882 1360 1037 1392 UTRUM
1059 1359 1310 1390 PROPHETIA
1334 1358 1482 1389 Possm*
1506 1359 1607 1390 ESSE
1631 1360 1878 1391 NATURALIS

754 1441 822 1466 Part.
842 1440 860 1472 1,
879 1448 924 1473 qu.
944 1447 1042 1470 uma,
1062 1444 1110 1464 art.
1129 1447 1147 1470 4
1154 1447 1161 1469 ;
1181 1438 1212 1463 111
1234 1438 1311 1463 Cont.
1333 1439 1422 1467 Genu,
1442 1446 1497 1470 cap.
1517 1445 1592 1469 cmv;
1614 1439 1655 1463 De
1680 1439 1770 1470 Verit.y
1790 1448 1835 1472 qu.
1854 1448 1897 1470 xn,
1918 1446 1964 1465 art.
1986 1441 2008 1465 3.

367 1551 374 1574 2
397 1553 465 1592 μή
497 1543 519 1568 ι)
548 1542 686 1568 patmum
709 1541 763 1567 Sic
791 1540 1031 1566 PROCEDlTUR.
1060 1527 1221 1565 Videtur
1246 1528 1350 1575 quod

302 1633 418 1689 ..ἦρα
442 1636 599 1675 enim
629 1636 848 1684 Gregorius,
869 1635 907 1673 in
933 1636 984 1672 IV
1008 1636 1161 1686 Dialog.
1182 1634 1214 1682 ²¹²,
1243 1634 1350 1683 quod

290 1686 435 1727 ΛΨ)
452 1681 481 1724 V<
495 1692 576 1740 ipsa
604 1690 808 1739 aliquando
837 1690 1056 1727 animarum
1075 1689 1131 1726 vis
1148 1700 1218 1726 sua
1239 1688 1351 1724 subti-

139 1751 159 1771 ⁸
282 1737 555 1792 litate'aliquid
575 1744 782 1793 praevidet.
813 1744 862 1780 Et
881 1748 899 1764 ‘²
926 1742 1160 1791 Augustinus
1189 1742 1288 1788 dicit,
1313 1741 1351 1778 in

42 1798 191 1830 'fist-¹⁹¹¹·-
282 1798 352 1836 XII
371 1809 486 1847 super
507 1798 600 1836 Gen.
622 1798 674 1834 ad
690 1798 754 1834 litt.
775 1797 807 1843 ²³⁶,
836 1797 942 1845 quod
965 1796 1116 1833 animae
1144 1797 1349 1842 humanae,

151 1853 153 1855 ’
282 1851 495 1890 secundum
524 1851 631 1900 quod
659 1863 681 1887 a
710 1850 883 1887 sensibus
913 1850 1082 1899 corporis
1111 1848 1350 1894 abstrahitur,

282 1905 466 1954 competit
493 1905 617 1942 futura
644 1903 882 1953 praevidere.
919 1904 1005 1940 Hoc
1033 1911 1161 1940 autern
1190 1902 1352 1951 pertinet

282 1959 331 1996 ad
360 1958 611 2007 prophetiam.
643 1958 745 2006 Ergo
765 1956 893 1994 anima
913 1956 1130 1994 naturaliter
1148 1963 1274 2005 potest
1293 1968 1350 1992 as·
1377 1989 1379 1993 ,

283 2011 390 2060 sequi
418 2011 672 2060 prophetiam.

338 2077 372 2102 2.
404 2065 639 2113 PRAETEREA,
661 2064 824 2112 cognitio
845 2063 996 2101 animae
1016 2063 1211 2100 humanae
1230 2062 1351 2111 magis
1377 2072 1379 2091 2

282 2118 386 2166 viget
412 2118 452 2156 in
479 2118 672 2167 vigilando
711 2130 829 2167 quam
858 2117 895 2154 in
926 2117 1167 2154 dormiendo.
1207 2117 1284 2154 Sed
1313 2116 1351 2152 in

251 2170 262 2173 ”
284 2171 514 2209 dormiendo
543 2171 698 2221 quidam
732 2170 948 2208 naturaliter
983 2170 1208 2219 praevident
1237 2181 1350 2219 quae-

284 2227 373 2265 dam
395 2225 536 2262 futura:
561 2234 599 2262 ut
619 2232 721 2274 patet
738 2237 808 2274 per
827 2223 1118 2272 Philosophum,
1135 2223 1174 2260 in
1193 2223 1290 2260 libro
1306 2223 1352 2259 de
1378 2266 1379 2275 ἵ

284 2280 425 2316 Somno
445 2285 480 2315 et
500 2279 609 2328 Vigil.
631 2278 651 2300 ’¹‘
679 2278 782 2326 Ergo
803 2277 924 2315 multo
945 2277 1065 2326 magis
1085 2284 1211 2326 potest
1229 2277 1350 2313 homo
1378 2297 1380 2317 ;

43 2312 236 2357 5·Ἦ“·“”ἷ’“·
284 2332 501 2370 naturaliter
529 2332 652 2369 futura
680 2343 1021 2380 praecognoscere.

285 2447 340 2477 est
377 2438 579 2487 perfectior
613 2437 840 2475 animalibus
874 2437 1002 2474 brutis.
1043 2437 1120 2474 Sed
1158 2437 1351 2486 quaedam

284 2492 461 2530 animalia
499 2493 609 2529 bruta
645 2492 789 2528 habent
824 2490 1175 2540 praecognitionem
1210 2491 1352 2528 futuro·
1379 2506 1381 2527 ι

284 2558 368 2583 rum
398 2546 447 2582 ad
475 2558 514 2582 se
542 2545 833 2594 pertinentium:
864 2544 959 2581 sicut
987 2544 1170 2581 formicae
1198 2556 1354 2593 praeco-

283 2606 471 2648 gnoscunt
489 2599 639 2648 pluvias
659 2599 813 2644 futuras,
835 2598 940 2647 quod
960 2606 1063 2647 patet
1082 2610 1128 2635 ex
1148 2599 1223 2634 hoc
1245 2597 1352 2647 quod

285 2660 371 2690 ante
399 2652 571 2702 pluviam
608 2652 791 2701 incipiunt
823 2663 939 2699 grana
968 2651 1007 2688 in
1034 2652 1204 2688 foramen
1244 2663 1354 2700 repo-

285 2718 396 2752 nere;
436 2713 471 2743 et
508 2706 678 2743 similiter
715 2705 826 2742 etiam
865 2705 986 2754 pisces
1023 2712 1355 2754 praecognoscunt

283 2767 529 2809 tempestates
566 2760 731 2807 futuras,
769 2766 811 2796 ut
846 2758 1092 2807 perpenditur
1129 2770 1175 2794 ex
1218 2770 1353 2795 eorum

285 2822 414 2860 motu,
454 2813 546 2850 dum
584 2813 669 2850 loca
705 2819 966 2862 tempestuosa
1008 2811 1206 2849 declinant.
1250 2812 1352 2859 Ergo

285 2868 407 2904 multo
436 2866 557 2915 magis
576 2866 753 2904 homines
782 2865 999 2903 naturaliter
1026 2875 1353 2914 praecognoscere

285 2927 446 2969 possunt
473 2920 599 2957 futura
627 2919 676 2956 ad
705 2931 745 2957 se
773 2918 1017 2968 pertinentia,
1049 2918 1095 2955 de
1125 2919 1265 2966 quibus
1298 2925 1355 2955 est

284 2973 498 3022 prophetia.
529 2974 597 3010 Est
625 2985 714 3021 ergo
744 2973 945 3021 prophetia
974 2984 996 3008 a
1025 2979 1170 3008 natura.

46 3031 184 3054 ’Vm-¹8·
337 3039 375 3074 4.
405 3027 639 3074 PRAETEREA,
669 3027 783 3063 Prov.
803 3038 888 3063 xxm<
906 3025 926 3047 ’¹‘
955 3025 1108 3062 dicitur:
1143 3025 1238 3061 Cum
1262 3036 1353 3073 pro-

279 3080 407 3129 phetia
444 3081 639 3129 defecerit,
669 3079 908 3128 dissipabitur
928 3078 1110 3127 populus:
1139 3086 1176 3114 et
1206 3078 1259 3114 sic
1286 3090 1353 3127 pa-

285 3140 337 3170 tet
371 3134 475 3182 quod
504 3133 703 3182 prophetia
741 3131 952 3170 necessaria
991 3139 1046 3168 est
1074 3131 1123 3168 ad
1150 3131 1353 3168 hominum

145 3186 161 3220 β
286 3187 628 3224 conservationem.
660 3187 736 3224 Sed
765 3192 903 3223 natura
929 3183 944 3215 β
973 3197 1047 3222 non
1077 3185 1200 3233 deficit
1225 3185 1262 3221 in
1292 3198 1354 3222 ne-

46 3250 260 3326 ffiiffssngssff
286 3239 457 3276 cessar-iis
483 3239 514 3276 ²¹².
551 3241 652 3288 Ergo
686 3240 839 3277 videtur
876 3238 982 3288 quod
1019 3238 1220 3287 prophetia
1253 3238 1298 3275 sit
1332 3251 1354 3275 a

83 3294 116 3326 ἠ.
131 3293 171 3326 6.-
198 3321 203 3325 .
254 3293 259 3325 i
287 3300 433 3329 natura.

45 3310 154 3380 ἷξοῦὲῖ
153 3347 183 3379 31.
342 3346 417 3382 SED
441 3356 588 3382 CONTRA
614 3357 681 3382 Esr
713 3346 819 3394 quod
849 3345 982 3383 dicitur
1010 3346 1040 3381 ΙΙ
1062 3345 1141 3381 Pet.
1164 3343 1232 3381 1²¹²:
1261 3345 1353 3382 Non

287 3399 386 3435 enim
414 3398 604 3435 voluntate
630 3400 798 3437 humana
826 3399 942 3436 allata
962 3404 1016 3435 est
1036 3397 1239 3446 aliquando
1263 3409 1353 3446 pro-

342 3514 370 3544 α)
391 3512 434 3537 Et.
445 3525 465 3530 -
482 3511 544 3536 Om.
562 3510 704 3544 ABFIch
722 3516 748 3536 et
765 3518 798 3540 a,-
816 3516 845 3536 ut
863 3519 912 3537 nos
929 3512 961 3538 G.

343 3547 368 3580 β)
388 3550 497 3572 natura.
508 3559 529 3565 —
545 3546 569 3571 si
586 3546 708 3572 BDEFK.

341 3584 367 3616 γ)
381 3584 645 3616 praecognoverant.
656 3595 675 3601 -
689 3586 923 3614 praecognoverat
940 3583 973 3613 H.
988 3583 1184 3617 praecognovit
1203 3584 1229 3608 P.

341 3617 366 3650 ὃ)
388 3619 489 3644 Contra
501 3618 550 3643 hoc
562 3621 660 3643 aurem.
673 3631 692 3637 -
711 3617 765 3642 Sed
783 3621 879 3643 contra
891 3618 940 3643 hoc
951 3622 1042 3643 autem
1055 3618 1171 3651 BFLpA.
1185 3618 1241 3644 Sed
1257 3622 1353 3644 contra

430 3671 541 3695 Sumuax
559 3670 660 3695 Tutor..
680 3670 711 3695 D.
729 3670 844 3694 Tnomn
858 3670 890 3695 T.
904 3670 957 3695 VII.

1400 1527 1552 1575 phetia:
1579 1527 1646 1564 sed
1671 1528 1811 1576 Spiritu
1840 1529 1977 1565 Sancto
2007 1530 2222 1578 inspirante,
2251 1532 2366 1568 locuti
2390 1539 2476 1570 sunt

314 1587 463 1645 §.25:5⁴
495 1584 696 1634 prophetia
736 1582 855 1632 possit
897 1594 979 1619 esse
1017 1582 1208 1619 naturalis.
1251 1580 1352 1617 Dicit
1376 1593 1381 1627 i
1405 1581 1527 1617 sancti
1556 1581 1632 1617 Dei
1662 1582 1843 1618 homines.
1880 1582 1982 1630 Ergo
2018 1583 2218 1632 prophetia
2252 1597 2330 1622 non
2360 1595 2415 1623 est
2452 1599 2474 1623 a

1407 1641 1552 1681 natura,
1583 1635 1650 1672 sed
1680 1647 1724 1672 ex
1755 1636 1859 1672 dono
1889 1636 2049 1685 Spiritus
2079 1637 2218 1675 Sancti.

1460 1688 1687 1725 Responnsso
1708 1701 1893 1727 mcENDUM
1908 1690 2026 1738 quod,
2048 1690 2144 1728 sicut
2163 1703 2277 1739 supra
2292 1691 2312 1713 ’³‘
2331 1691 2474 1730 dictum

1407 1747 1482 1787 est,
1512 1742 1737 1790 prophetica
1774 1743 2032 1792 praecognitio
2070 1753 2193 1793 potest
2231 1757 2313 1782 esse
2344 1747 2391 1783 de
2420 1747 2475 1783 fu-

1405 1794 1495 1830 turis
1516 1794 1732 1843 dupliciter:
1764 1808 1840 1833 uno
1861 1797 1992 1843 modo,
2014 1799 2225 1836 secundum
2255 1800 2359 1846 quod
2389 1808 2476 1837 sunt

1406 1847 1444 1884 in
1473 1848 1628 1897 seipsis;
1666 1849 1739 1886 alio
1769 1850 1907 1897 modo,
1937 1851 2149 1888 secundum
2188 1852 2294 1900 quod
2323 1858 2409 1890 sunt
2437 1854 2475 1890 in

1407 1901 1483 1938 suis
1511 1902 1645 1939 causis.
1675 1903 2005 1951 Praecognoseere
2035 1913 2160 1942 autem
2187 1906 2309 1942 futura
2339 1919 2472 1944 secun-

1407 1955 1500 1991 dum
1529 1956 1634 2004 quod
1663 1964 1750 1993 sunt
1779 1957 1816 1994 in
1845 1957 1999 2006 seipsis,
2030 1966 2086 1995 est
2122 1959 2320 2008 proprium
2355 1961 2474 1997 divini

1377 2027 1379 2058 j
1407 2008 1627 2056 intellectus,
1644 2010 1751 2047 cuius
1766 2011 1975 2048 aeternitati
1995 2020 2082 2049 sunt
2101 2013 2231 2050 omnia
2250 2013 2473 2062 praesentia,

1406 2070 1447 2098 ut
1475 2062 1513 2099 in
1542 2063 1673 2100 Primo
1693 2063 1713 2085 ’⁸‘
1742 2063 1884 2101 dictum
1915 2073 1981 2102 est.
2012 2066 2061 2102 Et
2089 2066 2175 2103 ideo
2206 2066 2288 2103 talis
2317 2079 2474 2115 praeco·
2502 2078 2512 2088 ·

1377 2149 1379 2158 ,
1406 2115 1522 2163 gnitio
1551 2117 1765 2154 futurorum
1796 2130 1874 2155 non
1903 2126 2028 2166 potest
2062 2132 2144 2156 esse
2173 2133 2196 2157 a
2225 2127 2376 2166 natura,
2407 2121 2474 2158 sed

1407 2170 1531 2206 solum
1563 2182 1607 2206 ex
1637 2170 1869 2208 revelatione
1900 2171 2040 2208 divina.

1461 2223 1604 2260 Futura
1619 2236 1714 2260 vero
1731 2223 1767 2260 in
1785 2224 1862 2261 suis
1879 2226 2002 2262 causis
2022 2233 2182 2274 possunt
2200 2227 2475 2274 praecognosci

1407 2276 1567 2313 naturali
1597 2277 1812 2325 cognitione
1834 2278 1947 2315 etiarn
1969 2279 2016 2315 ab
2037 2279 2212 2316 homine:
2243 2279 2337 2316 sicut
2356 2280 2475 2317 medi-

1378 2345 1380 2379 ἀ
1409 2342 1475 2366 cus
1495 2330 1786 2378 praecognoscit
1813 2331 2012 2368 sanitatem
2033 2333 2094 2368 vel
2116 2340 2280 2369 mortem
2311 2333 2474 2370 futuram

340 2387 375 2423 3.
395 2386 630 2432 PRAETEREA,
650 2385 771 2422 homo
801 2384 1013 2421 secundum
1043 2395 1153 2421 suam
1177 2391 1351 2420 naturam
1379 2393 1380 2403 ¹

1409 2383 1446 2419 in
1486 2383 1676 2431 aliquibus
1710 2384 1853 2431 causis,
1884 2397 2046 2432 quarum
2087 2386 2263 2422 ordinem
2299 2386 2347 2423 ad
2384 2388 2476 2423 tales

1409 2436 1566 2473 effectus
1597 2437 1856 2486 experimento
1886 2447 2244 2487 praecognoverunt
2259 2444 2286 2476 Υ.
2318 2440 2366 2476 Et
2395 2440 2476 2477 talis

1407 2490 1667 2539 praecognitio
1712 2492 1924 2528 futurorum
1968 2501 2093 2541 potest
2128 2493 2278 2540 intelligi
2319 2505 2400 2529 esse
2438 2494 2475 2530 in

1407 2543 1566 2581 homine
1608 2557 1630 2581 a
1673 2552 1807 2582 natura
1849 2546 2057 2594 dupliciter.
2106 2546 2192 2583 Uno
2237 2546 2378 2592 modo,
2422 2547 2474 2583 sic

1408 2598 1514 2646 quod
1544 2598 1668 2634 statim
1697 2598 1836 2644 anima,
1859 2611 1903 2635 ex
1925 2611 1970 2635 eo
1992 2599 2098 2648 quod
2127 2599 2164 2635 in
2194 2599 2318 2647 seipsa
2346 2600 2473 2646 habet,

1408 2651 1527 2700 possit
1555 2651 1678 2688 futura
1697 2663 2034 2700 praecognoscere.
2065 2653 2114 2688 Et
2140 2651 2204 2699 sic,
2225 2652 2320 2688 sicut
2347 2654 2476 2700 Augu-

2502 1702 2512 1712 ·
2527 1701 2574 1728 Qu.
2586 1707 2662 1728 auxi,
2672 1706 2714 1724 m.

2503 1728 2524 1755 6,
2539 1728 2568 1749 ad
2582 1734 2602 1750 2.

1410 2704 1528 2741 stinus
1557 2704 1655 2750 dicit,
1682 2705 1751 2741 XIl
1774 2716 1889 2753 super
1911 2705 2003 2742 Gen.
2025 2705 2078 2742 ad
2095 2705 2158 2742 litt.
2178 2705 2209 2752 ²¹²,
2239 2705 2392 2754 quidam
2412 2718 2476 2742 vo·
2508 2715 2516 2723 ·
2548 2719 2577 2734 00
2600 2719 2612 2734 c

1408 2758 1559 2795 luerunt
1585 2758 1755 2794 animam
1782 2759 1990 2795 humanam
2020 2759 2159 2795 hahere
2177 2760 2369 2806 quandam
2398 2760 2473 2796 vim

1409 2811 1647 2848 divinationis
1667 2812 1703 2847 in
1732 2811 1863 2860 seipsa.
1895 2812 1944 2848 Et
1962 2812 2036 2848 hoc
2064 2812 2216 2849 videtur
2235 2825 2318 2849 esse
2342 2825 2475 2849 secun-

1410 2866 1503 2902 dum
1533 2865 1755 2914 opinionem
1784 2865 1965 2912 Platonis,
1991 2865 2056 2914 qui
2083 2865 2244 2914 posuit*
2273 2866 2376 2914 quod
2397 2866 2474 2903 ani-

1409 2930 1495 2955 mae
1516 2919 1659 2954 habent
1678 2917 1852 2954 omnium
1872 2931 2001 2955 rerum
2023 2918 2278 2966 cognitionem
2303 2931 2372 2968 per
2390 2932 2475 2967 par—

1408 2971 1666 3020 ticipationem
1706 2970 1891 3018 idearum,
1922 2972 1989 3009 sed
2018 2971 2087 3008 ista
2116 2972 2279 3020 cognitio
2315 2973 2476 3009 obnubi-

1407 3026 1504 3062 latur
1531 3025 1570 3061 in
1600 3024 1651 3061 eis
1680 3036 1749 3072 per
1777 3025 2088 3063 coniunctionem
2110 3025 2297 3075 corporis:
2328 3025 2366 3062 in
2395 3026 2475 3075 qui—

1409 3078 1572 3115 busdam
1602 3085 1731 3114 tamen
1758 3078 1856 3126 plus,
1887 3078 1924 3115 in
1954 3078 2184 3127 quibusdam
2212 3091 2306 3116 vero
2336 3079 2475 3127 minus,

1409 3133 1622 3169 secundum
1658 3131 1828 3180 corporis
1861 3132 2064 3180 puritatem
2099 3132 2301 3169 diversam.
2341 3133 2390 3169 Et
2417 3145 2475 3169 se-

1410 3185 1581 3222 cundum
1609 3185 1695 3231 hoc,
1715 3192 1845 3232 posset
1865 3184 1938 3222 dici
1962 3186 2067 3234 quod
2085 3186 2264 3222 homines
2291 3186 2476 3222 habentes

1410 3238 1556 3275 animas
1586 3249 1664 3274 non
1692 3238 1855 3274 multum
1892 3239 2159 3275 obtenebratas
2195 3251 2239 3275 ex
2269 3251 2474 3288 corporum

1408 3291 1570 3338 unione,
1599 3298 1760 3339 possunt
1788 3290 1875 3328 talia
1903 3291 2027 3328 futura
2063 3304 2388 3340 praecognoscere
2418 3305 2474 3329 se-

1410 3344 1578 3381 cundum
1607 3343 1802 3393 propriam
1832 3344 2039 3382 scientiam.
2069 3366 2093 3373 -
2128 3345 2271 3382 Contra
2302 3346 2379 3382 hoc
2411 3359 2475 3382 au-

1409 3405 1486 3434 tem
1501 3395 1514 3418 ⁶
1534 3396 1696 3434 obiicit*
1715 3397 1965 3445 Augustinus:
1991 3399 2070 3435 Cur
2089 3410 2164 3435 non
2183 3411 2331 3448 semper
2343 3405 2475 3447 potest,
2503 3413 2513 3422 ⁸
2547 3417 2575 3432 oc

1405 3511 1454 3537 hoc
1472 3511 1609 3537 CDEHIK.
1621 3524 1641 3531 -
1658 3512 1709 3536 Pro
1724 3511 1787 3543 Cur,
1803 3512 1869 3536 Cum
1882 3512 2048 3545 ABDEILpC
2061 3517 2087 3537 et
2099 3519 2124 3542 a,
2138 3512 2210 3545 quod
2224 3513 2299 3543 Gsc;
2319 3521 2366 3546 pro
2377 3518 2474 3545 potest,

1400 3547 1490 3579 possit
1508 3547 1663 3582 P;-scilicet
1680 3555 1734 3573 om.
1754 3547 1810 3572 PsC
1829 3552 1856 3572 et
1873 3554 1907 3576 a,·
1923 3555 1970 3580 pro
1990 3547 2051 3578 vim,
2066 3556 2148 3573 unum
2165 3549 2259 3581 EFpK.
2273 3556 2349 3574 usum
2363 3550 2406 3578 sC.
2420 3551 2476 3574 vita

1406 3583 1428 3613 1;
1448 3590 1496 3615 pro
1518 3583 1598 3608 Cur...
1618 3590 1686 3612 cum,
1706 3582 1777 3615 quod
1796 3590 1848 3608 non
1869 3583 1902 3609 H.

2298 3671 2333 3703 48

2504 2874 2513 2883 ⁸
2527 2873 2647 2895 Phaedon.
2664 2879 2714 2906 cap.

2502 2906 2567 2921 xxvu
2575 2906 2601 2927 sq
2622 2900 2714 2926 .;C1'v1t.

2503 2926 2543 2948 lib.
2550 2926 2592 2954 VI,
2601 2906 2652 2948 gid.
2659 2927 2714 2949 Vol.

2502 2953 2531 2980 11,
2548 2960 2570 2981 p.
2586 2959 2622 2975 121.
