2768 4198
0 2218 14 2510 -τι-ιψν-νκνᾸἻ-υ-ι-ν.
0 2201 4 2210 -·
0 2102 13 2192 -ae—qn
6 2071 7 2074 „

69 1225 284 1256 ωηεν-με,

927 296 1195 341 QUAESTIO
1226 298 1472 347 CLXXXVI,
1501 301 1799 339 ARTICULUS
1830 303 1881 338 IX

363 374 403 404 Et
437 383 491 414 per
521 373 598 403 haec
631 379 717 412 patet
748 373 866 403 solutio
902 373 1089 404 obiectionis
1119 374 1151 404 in
1181 376 1376 415 oppositum.

307 419 437 449 Falsum
462 427 600 458 namque
624 417 805 453 assumitur,
832 427 907 447 cum
931 418 1045 448 dicitur
1075 419 1163 459 quod
1189 420 1242 449 ubi
1265 421 1378 450 volun-

308 463 385 494 taria
415 462 619 502 transgressio
651 471 718 491 non
748 468 794 491 est
825 462 936 501 culpa,
970 462 1012 491 ibi
1040 472 1097 493 nec
1121 463 1309 503 negligentia
1334 471 1380 494 est

309 509 412 548 culpa.
438 506 604 545 Quoniam
617 512 678 536 stat
700 506 914 536 voluntariam
931 507 1213 545 transgressionem
1230 518 1295 538 non
1313 518 1379 538 esse

309 553 438 593 culpam
467 561 504 582 ex
533 560 592 582 suo
621 559 754 590 genere,
786 557 817 580 et
840 550 1066 590 negligentiam
1094 561 1160 581 esse
1184 552 1312 591 culpam
1343 562 1380 582 ex

308 605 396 638 parte
424 595 603 637 operantis,
626 601 730 628 etc..-
752 594 903 625 Probatio
930 601 1038 624 autem
1066 595 1144 625 nihil
1167 595 1259 625 valet.
1295 596 1380 632 Quia

309 641 527 672 voluntarium
544 639 700 680 culpabile
717 649 783 669 non
800 639 908 669 solum
925 638 1084 669 invenitur
1099 649 1135 669 ex
1151 649 1263 678 genere
1281 646 1380 676 actus,

308 685 363 717 sed
387 685 483 716 etiam
506 695 543 716 ex
567 691 654 725 parte
678 683 856 723 operantis:
882 693 919 713 ex
934 693 998 723 qua
1014 690 1102 722 parte
1126 683 1315 723 negligentia
1332 693 1380 714 re-

308 730 412 772 ligiosi
438 729 477 760 ad
500 729 661 769 regulares
686 727 904 759 observantias
929 734 1091 757 excusatas
1107 737 1126 757 a
1142 728 1236 767 culpa
1260 737 1296 757 ex
1321 738 1380 757 suo

308 784 420 815 genere
444 783 463 804 a
485 773 646 814 religionis
674 782 750 803 suae
774 772 914 808 vinculo,
938 771 1119 802 voluntaria
1151 772 1244 812 culpa
1275 777 1321 802 est
1345 781 1382 801 ex

308 818 507 860 specialibus.

366 863 450 894 Vlll.
475 863 511 894 In
535 863 650 894 eodem
674 862 808 893 articulo
832 870 939 897 nono,
970 860 1004 890 in
1034 859 1244 901 responsione
1272 860 1310 889 ad
1335 869 1382 889 se-

309 908 463 944 cundum,
481 908 617 939 dubium
633 917 789 948 magnum
805 905 950 942 occurrit,
975 915 1073 946 penes
1093 904 1170 945 quid
1196 903 1384 934 discernitur

309 952 386 983 iuris
419 952 547 992 positivi
578 958 784 993 praeceptum
813 950 959 991 obligans
983 951 1022 980 ad
1046 956 1214 990 peccatum
1238 948 1383 984 mortale,

309 1007 328 1027 a
351 1004 625 1038 non-praecepto:
650 1007 691 1028 an
715 1006 813 1037 penes
830 994 1013 1031 materiam;
1038 1005 1078 1024 an
1102 1003 1200 1034 penes
1224 1001 1382 1033 poenam;

309 1050 350 1072 an
374 1051 471 1082 penes
495 1042 650 1078 modum:
675 1051 714 1072 an
739 1050 837 1082 penes
859 1040 1004 1071 verbum.
1029 1039 1128 1076 Quod
1148 1037 1233 1068 enim
1253 1037 1384 1067 materia

310 1097 376 1117 non
401 1086 536 1117 sufficiat
558 1087 599 1117 ad
622 1085 867 1117 discernendum
890 1091 1096 1125 praeceptum
1121 1082 1250 1124 positivi
1274 1081 1351 1112 iuris
1366 1091 1384 1111 a

309 1137 573 1172 non-praecepto,
598 1141 636 1162 ex
658 1141 698 1162 eo
721 1131 855 1161 habetur
877 1129 968 1170 quod
995 1128 1046 1158 ius
1069 1127 1245 1168 positivum
1270 1125 1385 1156 maiori

309 1175 440 1207 vinculo
463 1175 619 1216 supponit
642 1176 839 1217 quandoque
862 1173 1022 1205 minorem
1045 1172 1220 1203 materiam.
1246 1171 1385 1202 Excom-

310 1220 537 1252 municationis
554 1220 713 1261 siquidem
725 1220 855 1251 vinculo
866 1219 944 1258 ligat
955 1217 1187 1259 percutientem
1201 1215 1384 1252 clericum*‚

310 1275 377 1307 quo
402 1275 469 1296 non
492 1265 569 1306 ligat
591 1264 868 1306 blasphemantem
891 1264 1008 1295 Deum.

286 1320 289 1321 ⁷
316 1305 516 1340 >Similiter
539 1319 597 1340 nec
620 1319 725 1350 poena
745 1309 851 1351 aliqua
874 1306 1093 1339 universaliter
1115 1306 1273 1346 adaequat
1296 1313 1385 1344 prae-

309 1360 449 1395 ceptum.
483 1354 567 1384 Nam
597 1354 670 1385 licet
693 1364 798 1395 poena
828 1353 950 1394 aliqua,
981 1351 1099 1382 scilicet
1129 1348 1385 1381 excommunica-

308 1398 422 1435 tionis,
446 1405 652 1438 praeceptum
683 1399 859 1434 contineat;
884 1407 951 1428 non
979 1404 1086 1428 tamen
1110 1405 1128 1426 e
1151 1401 1261 1426 contra
1289 1403 1386 1424 omne

309 1449 517 1485 praeceptum
540 1444 672 1484 ponitur
695 1444 755 1475 sub
783 1453 888 1483 poena
910 1438 1263 1473 excommunicationis.
1299 1438 1384 1469 Reli-

309 1498 393 1531 quae
416 1497 492 1520 vero
516 1488 744 1519 ecclesiasticae
773 1497 897 1528 poenae
921 1493 977 1517 aut
1007 1486 1075 1516 sine
1098 1485 1207 1525 culpa,
1233 1490 1268 1514 ut
1290 1483 1385 1513 inter-

310 1531 431 1565 dictum
456 1539 487 1564 et
509 1533 738 1573 irregularitas;
763 1539 819 1563 aut
842 1542 917 1563 cum
932 1530 1047 1561 veniali
1072 1529 1176 1570 culpa,
1194 1535 1229 1559 ut
1253 1538 1385 1569 suspen-

309 1577 369 1615 sio,
393 1577 511 1610 incurri
534 1584 679 1618 possunt.
711 1577 914 1609 Communes
937 1585 1069 1617 quoque
1092 1583 1231 1615 poenae,
1258 1580 1293 1603 ut
1317 1582 1386 1603 ora—

309 1623 366 1661 tio,
386 1622 503 1654 ieiunia
527 1629 558 1653 et
581 1621 779 1658 huiusmodi,
798 1628 920 1652 constat
944 1620 1033 1662 quod
1057 1619 1124 1650 sine
1140 1617 1268 1650 mortali
1292 1617 1387 1658 culpa

309 1667 508 1708 infliguntur.

318 1740 321 1743 ,
365 1713 413 1744 De
437 1712 538 1744 modo
561 1721 637 1742 vero
659 1711 826 1752 loquendi,
851 1717 930 1750 puta
953 1710 1029 1751 quia
1051 1709 1102 1740 lex
1125 1708 1226 1740 utitur
1249 1707 1386 1747 impera-

309 1758 376 1790 tivo
400 1758 512 1795 modo,
537 1756 619 1788 clare
642 1756 744 1798 liquet
766 1756 857 1797 quod
881 1765 947 1786 non
962 1754 1086 1785 inducit
1107 1752 1273 1784 vinculum
1297 1761 1386 1792 prae-

310 1801 402 1844 cepti.
434 1801 552 1833 Modus
578 1801 665 1832 enim
688 1799 876 1832 huiusmodi
903 1799 1077 1840 imperium
1104 1796 1309 1838 grammatice
1334 1796 1385 1826 de—

309 1853 410 1884 notat,
435 1856 502 1878 non
524 1845 666 1877 iuridice.

365 1891 465 1930 Quod
494 1891 621 1922 nullum
650 1890 788 1931 denique
818 1889 953 1929 simplex
975 1889 1110 1919 verbum
1137 1885 1317 1917 inveniatur
1339 1885 1388 1915 in-

309 1937 429 1968 ducens
452 1935 671 1967 universaliter
693 1934 759 1965 vim
783 1933 960 1975 praecepti,
986 1939 1072 1974 patet
1095 1931 1301 1962 discurrendo
1330 1939 1386 1970 per

309 1981 435 2021 singula
449 1990 532 2022 quae
555 1979 729 2010 afferuntur
752 1979 793 2010 ad
809 1978 1014 2020 propositum
1029 1978 1055 2009 *.
1080 1977 1273 2008 Inhibentur
1288 1974 1385 2016 siqui·

311 2026 385 2065 dem
409 2033 439 2057 et
455 2025 671 2067 prohibentur
693 2023 858 2055 mendacia
882 2023 972 2054 omni
1002 2023 1086 2059 iure;
1111 2029 1142 2053 et
1165 2019 1310 2052 similiter
1331 2019 1385 2051 de-

309 2071 383 2102 bent
406 2077 437 2101 et
460 2074 612 2102 tenentur
634 2079 747 2100 omnes
771 2068 920 2100 homines
945 2067 1035 2098 omni
1054 2067 1124 2098 iure
1146 2076 1212 2097 non
1240 2063 1384 2100 mentiri;

310 2122 342 2147 et
367 2123 474 2146 tamen
499 2113 703 2145 mendacium
734 2119 859 2145 constat
887 2123 953 2143 non
978 2112 1088 2143 cadere
1116 2111 1175 2142 sub
1203 2115 1383 2151 praecepto.

310 2160 519 2198 statuuntur,
533 2159 756 2190 decernuntur
767 2168 803 2189 ac
819 2157 1022 2188 mandantur
1037 2156 1150 2197 procul
1170 2154 1269 2186 dubio
1283 2154 1384 2184 multa

309 2205 378 2236 sine
393 2204 553 2246 praecepti
571 2203 711 2234 vinculo.
737 2202 936 2234 Communia
955 2201 1087 2244 quidem
1104 2211 1171 2232 esse
1186 2200 1312 2237 statuti,
1329 2199 1384 2230 de-

310 2250 391 2281 creti
422 2249 554 2280 nomina
583 2247 729 2289 quotidie
760 2247 949 2288 experimur.
981 2246 1135 2277 Mandati
1157 2255 1233 2276 vero
1263 2253 1385 2274 nomen

310 2301 443 2326 testatur
466 2293 686 2334 Hieronymus
709 2303 727 2323 a
751 2298 921 2333 praecepto
946 2290 1078 2322 deficere
1092 2290 1119 2322 *.

366 2339 407 2370 Et
422 2339 512 2380 quod
528 2338 661 2368 demum
675 2337 785 2378 ipsum
799 2338 934 2368 verbum
951 2336 1119 2378 praecipio
1134 2334 1152 2354 *
1175 2344 1241 2364 non
1262 2331 1385 2363 univer—

310 2382 416 2415 saliter
438 2382 568 2414 inducat
591 2381 750 2423 praecepti
772 2381 848 2419 vim,
866 2388 962 2422 patet,
980 2380 1096 2422 primo,
1114 2389 1151 2410 ex
1166 2377 1341 2418 Evangelio
1355 2376 1383 2414 *,

310 2428 365 2459 ubi
389 2427 505 2459 dicitur
527 2427 708 2459 Dominum
727 2427 934 2468 praecepisse
956 2425 1071 2457 curatis
1094 2434 1134 2455 ne
1155 2423 1207 2455 cui
1228 2423 1382 2454 dicerent:

309 2480 342 2504 et
364 2479 488 2504 constat
510 2473 601 2513 quod
629 2482 697 2503 non
719 2472 909 2512 peccabant,
934 2471 990 2502 sed
1012 2471 1094 2501 bene
1122 2469 1257 2509 agebant
1281 2467 1386 2508 publi-

311 2518 413 2549 cando
444 2516 562 2548 Christi
586 2516 738 2547 miracula
769 2516 878 2548 curati.
904 2533 925 2538 —
949 2515 1114 2551 Secundo,
1137 2524 1174 2544 ex
1200 2511 1384 2553 Augustino

278 2561 344 2593 ‚'in
367 2562 508 2602 Regulae
523 2562 540 2581 *
563 2561 721 2602 principio
745 2561 885 2592 dicente:
909 2559 1103 2591 Haecvsunt
1125 2568 1209 2600 quae
1228 2563 1264 2589 ut
1279 2557 1384 2588 obser·

311 2607 392 2638 vetis
409 2607 631 2647 praecipimus
654 2606 686 2636 in
704 2606 899 2639 monasterio
914 2605 1088 2636 constituti.
1113 2603 1155 2634 Et
1178 2609 1285 2633 tamen
1309 2611 1385 2632 con-

311 2657 373 2682 stat
389 2660 455 2680 non
479 2650 588 2681 omnia
611 2650 779 2681 subiuncta
803 2659 870 2680 esse
894 2650 953 2680 sub
977 2654 1156 2689 praecepto.
1173 2665 1192 2669 -
1208 2646 1330 2683 Tertio,
1348 2656 1386 2677 ex

260 2705 285 2716 -·
311 2694 492 2731 Aristotele,
508 2695 541 2725 in
557 2695 600 2726 VI
616 2694 720 2725 Ethic.
736 2694 763 2731 ²⁸,
789 2693 958 2725 definiente
981 2693 1070 2734 quod
1090 2692 1270 2733 praecipere
1289 2691 1386 2731 signi—

279 2738 284 2744 '
311 2739 384 2771 ficat
407 2739 575 2780 proprium
599 2739 786 2779 prudentiae
809 2745 936 2770 actum:
967 2748 1067 2779 quem
1091 2743 1215 2768 constat
1238 2746 1385 2767 commu-

312 2794 387 2816 nem
411 2794 478 2815 esse
501 2784 595 2815 bonis
619 2783 770 2824 operibus
792 2783 857 2814 sive
879 2783 942 2814 sint
957 2782 1112 2814 contraria
1128 2781 1304 2812 venialibus
1320 2780 1386 2811 sive

312 2829 511 2867 mortalibus.
535 2828 751 2869 Praecipimus
775 2827 861 2859 enim
884 2836 915 2859 et
938 2835 1050 2865 tacere,
1071 2834 1101 2858 et
1115 2837 1182 2857 non
1199 2825 1384 2857 adulterari:

311 2873 391 2905 illud
415 2873 540 2910 veniali,
565 2873 626 2904 hoc
651 2872 778 2904 mortali
802 2872 990 2914 opponitur.

368 2918 422 2949 IX.
447 2918 532 2956 Quia
554 2918 651 2958 igitur
674 2917 823 2957 ambigua
845 2917 937 2948 valde
954 2923 1001 2947 est
1024 2916 1170 2948 discretio
1186 2915 1245 2946 ista
1261 2914 1386 2946 univer-

312 2962 396 3002 salis,
411 2963 583 2994 dicendum
600 2970 647 2993 est
662 2962 696 2992 id
711 2962 801 3003 quod
818 2961 1045 3003 particulariter
1063 2967 1197 2997 constat,
1213 2967 1269 2991 aut
1291 2959 1386 2990 ratio-

312 3007 417 3038 nabile
432 3008 557 3039 videtur
571 3007 597 3038 *.
624 3007 760 3038 Constat
782 3007 815 3037 in
831 3007 952 3047 primis,
973 3013 1009 3037 ut
1031 3013 1151 3037 tactum
1174 3012 1221 3036 est
1234 3005 1279 3041 **,
1296 3005 1387 3046 quod

312 3053 472 3093 quaedam
495 3062 617 3093 poena,
642 3051 759 3083 scilicet
783 3050 1122 3082 excommunicationis
1146 3050 1294 3087 maioris,
1319 3049 1387 3080 vim

314 3097 456 3129 continet
473 3097 645 3138 praecepti.
670 3097 716 3127 Ita
731 3097 822 3138 quod
841 3096 1114 3137 quandocumque
1137 3095 1316 3135 imponitur
1332 3101 1388 3126 aut

311 3140 472 3172 inhibetur
494 3141 616 3182 aliquid
639 3141 698 3172 sub
723 3151 828 3182 poena
851 3139 1202 3176 excommunicationis,
1222 3139 1287 3170 sive
1306 3139 1387 3169 latae

314 3185 378 3216 sive
410 3195 476 3216 non
499 3186 580 3216 latae
603 3186 793 3222 sententiae,
819 3185 978 3225 obligatur
1000 3184 1072 3225 quis
1096 3183 1244 3221 obedire,
1269 3183 1295 3214 si
1317 3183 1388 3214 vult

313 3237 481 3270 peccatum
499 3230 635 3261 mortale
654 3230 801 3261 evadere:
827 3230 902 3271 quia
919 3228 1261 3260 excommunicationis
1281 3239 1387 3269 poena

313 3281 420 3306 tantae
442 3274 669 3314 indignationis
693 3282 740 3306 est
767 3282 804 3306 ut
831 3285 898 3305 non
921 3274 981 3305 nisi
1011 3280 1143 3314 propter
1173 3273 1308 3304 mortale
1337 3273 1386 3304 in-

316 3326 420 3351 currat
442 3326 498 3350 aut
519 3319 719 3358 demereatur
742 3320 814 3361 quis
838 3319 938 3350 illam.

369 3363 504 3394 Constat
527 3364 681 3400 secundo,
703 3365 793 3406 quod
817 3374 892 3395 cum
915 3363 1107 3404 praecipitur
1127 3362 1248 3404 aliquid
1273 3363 1305 3393 in
1321 3363 1385 3394 vir-

315 3412 382 3438 tute
404 3413 536 3439 sanctae
558 3407 774 3448 obedientiae,
805 3408 957 3450 obligatio
987 3415 1033 3439 est
1057 3407 1096 3437 ad
1119 3406 1264 3438 mortale.
1301 3407 1386 3444 Quia

315 3452 508 3493 compositio
532 3451 651 3483 horum
673 3448 846 3484 verborum
877 3453 970 3484 solita
994 3459 1040 3483 est
1070 3461 1195 3492 semper
1228 3452 1386 3492 praecepti

315 3496 381 3526 vim
405 3497 587 3537 importare,
612 3507 648 3527 ex
673 3497 839 3528 communi
863 3497 1021 3528 Ecclesiae
1045 3507 1117 3527 usu.

373 3541 507 3572 Constat
530 3541 621 3572 tertio
646 3541 744 3582 quod,
770 3541 835 3572 sive
858 3541 891 3573 in
916 3542 1082 3573 communi
1106 3541 1170 3571 sive
1194 3540 1226 3570 in
1251 3540 1387 3571 munici-

315 3586 379 3625 pali
402 3586 469 3617 iure
493 3587 687 3617 vocabulum
711 3586 857 3628 aliquod,
882 3587 1060 3617 secundum
1084 3595 1293 3617 communem
1317 3595 1386 3615 sen-

316 3640 403 3667 sum,
430 3631 595 3661 consuevit
618 3630 749 3662 firmiter
772 3631 910 3672 reputari
935 3630 1145 3671 obligativum
1169 3631 1208 3660 ad
1233 3630 1386 3665 mortale,

2424 306 2495 342 503

1434 379 1545 417 procul
1569 379 1677 415 dubio,
1695 380 1890 421 ubicumque
1913 381 1996 411 idem
2022 382 2160 422 ponitur,
2185 384 2278 414 habet
2301 384 2365 415 vim
2389 386 2496 416 huius-

1434 422 1522 452 modi
1548 424 1720 464 praecepti:
1753 432 1788 455 ut
1811 425 1843 455 in
1868 426 1975 465 regula
2000 427 2145 457 Fratrum
2170 428 2333 458 Minorum
2357 437 2442 469 patet
2459 431 2496 460 de

1434 467 1590 497 vocabulo
1604 473 1787 506 teneantur,
1801 476 1835 499 ut
1851 470 1984 501 habetur
2000 471 2031 500 iu
2049 471 2205 503 Clement.
2219 473 2258 503 de
2272 473 2359 504 Verb.
2371 475 2496 515 signif,

1434 510 1531 540 Exivi
1554 512 1593 542 de
1616 513 1783 543 Paradiso.

1489 554 1540 584 Et.
1551 565 1608 594 per
1631 557 1817 596 oppositum
1841 566 1963 589 constat
1979 566 2092 599 quarto
2109 561 2208 600 quod,
2225 571 2432 602 quocumque
2449 563 2498 593 lex

1436 603 1540 628 utatur
1563 601 1669 636 verbo,
1694 601 1719 630 si
1744 603 1924 632 communis
1940 614 2049 634 sensus
2069 604 2219 636 intellexit
2242 615 2308 635 non
2332 614 2499 646 propterea

1435 641 1540 671 datam
1564 644 1791 684 obligationem
1815 647 1854 676 ad
1878 648 2020 684 mortale,
2047 658 2111 679 non
2128 657 2174 680 est
2197 649 2257 680 tale
2281 658 2497 690 praeceptum.

1435 685 1500 758 Piec
1522 686 1583 717 hoc
1608 688 1667 718 alia
1691 696 1759 728 eget
1783 691 1987 729 probatione:
2012 692 2086 732 quia
2110 703 2166 733 per
2189 695 2323 724 eandem
2341 695 2498 726 rationem

1436 739 1451 758 c
1465 739 1555 760 arum
1580 739 1634 762 est.

1459 816 1466 823 .
1492 774 1529 804 X.
1554 775 1752 807 Rationabile
1780 785 1887 808 autem
1910 779 2032 809 videtur
2055 782 2144 820 quod
2178 782 2231 812 ubi
2265 783 2297 813 in
2321 783 2389 814 iure
2411 783 2498 814 inve-

1437 824 1521 867 nitur
1544 820 1736 868 vocabulum
1758 824 1925 862 praecepti
1938 823 1964 859 *,
1988 823 2030 854 ibi
2054 825 2092 855 sit
2116 825 2267 865 obligatio
2292 828 2332 857 ad
2354 828 2498 859 mortale.

1438 862 1521 911 Quia
1544 873 1576 892 1n
1601 864 1682 894 dicta
1705 864 1904 896 Clementina
1926 867 2023 898 Exivi
2046 869 2085 899 de
2107 870 2275 908 Paradiso,
2300 881 2497 912 praesuppo-

1438 912 1521 936 n1tur
1538 910 1705 957 praecepti
1726 911 1920 941 vocabulum
1944 912 2169 952 obligatorium
2185 912 2251 944 esse
2275 916 2314 945 ad
2333 916 2394 947 tale
2411 926 2499 956 prae-

1438 956 1579 1000 ceptum:
1604 959 1646 982 ita
1670 953 1757 992 quod
1781 953 1842 984 hoc
1866 965 1931 985 non
1948 956 2126 987 continetur
2147 958 2190 988 ibi
2210 965 2361 999 tanquam
2378 961 2499 1002 aliquid

1438 995 1594 1043 peculiare
1618 995 1701 1026 illius
1725 998 1864 1036 regulae,
1889 999 2005 1030 scilicet
2028 1001 2208 1038 Minorum,
2232 1013 2313 1043 quae
2336 1004 2379 1034 ibi
2403 1015 2498 1045 expo—

1439 1045 1540 1074 nitur;
1566 1041 1620 1090 sed
1644 1049 1796 1090 tanquam
1820 1052 1992 1074 commune
2015 1045 2091 1085 quid
2116 1046 2264 1077 omnibus
2289 1049 2498 1088 supponitur,

1440 1089 1474 1112 ut
1497 1090 1582 1123 patet
1606 1091 1750 1115 intuenti.

1494 1127 1565 1157 Dixi
1591 1136 1698 1159 autem
1722 1129 1783 1159 hoc
1800 1139 1866 1160 esse
1890 1132 2090 1170 rationabile,
2108 1141 2236 1174 propter
2260 1135 2375 1166 dictam
2391 1146 2499 1169 aucto-

1439 1171 1561 1202 ritatem
1585 1173 1661 1203 iuris
1686 1173 1845 1204 canonici:
1871 1182 1901 1205 et
1925 1185 1990 1205 non
2010 1176 2071 1206 dixi
2096 1187 2162 1208 esse
2185 1185 2342 1217 constans,
2368 1189 2422 1212 aut
2446 1192 2500 1212 ne-

1439 1218 1624 1261 cessarium.
1650 1218 1737 1248 Tum
1757 1218 1842 1258 quia,
1860 1229 1896 1249 ex
1911 1220 1941 1249 vi
1956 1221 2112 1258 vocabuli,
2127 1224 2315 1263 praecipere
2334 1234 2389 1255 seu
2403 1236 2500 1265 prae-

1439 1266 1585 1300 ceptum,
1614 1261 1687 1292 licet
1715 1262 1866 1303 importet
1889 1263 1953 1293 vim
1978 1265 2196 1305 obligativum,
2228 1277 2293 1297 non
2326 1275 2431 1300 tamen
2461 1270 2500 1299 ad

1441 1306 1583 1336 mortale.
1610 1306 1692 1336 Inter
1716 1307 1944 1346 obligationem
1964 1319 2102 1350 namque
2125 1311 2165 1340 ad
2189 1312 2334 1349 mortale,
2359 1320 2389 1343 et
2411 1313 2501 1344 liber-

1439 1357 1537 1380 tatem
1560 1351 1600 1380 ad
1625 1361 1722 1391 opera
1746 1352 1969 1389 consiliorum,
1995 1355 2110 1385 mediat
2134 1355 2284 1395 obligatio
2308 1357 2347 1386 ad
2370 1358 2500 1388 veniale.

1440 1394 1550 1435 Itaque
1573 1396 1632 1425 sub
1657 1403 1825 1436 praecepto
1850 1397 1932 1427 cadit
1955 1398 2060 1428 omnis
2084 1399 2246 1439 obligatio,
2271 1401 2335 1431 sive
2358 1402 2397 1431 ad
2420 1412 2503 1432 mor-

1440 1439 1501 1469 tale
1532 1439 1597 1470 sive
1626 1440 1666 1470 ad
1696 1440 1830 1470 veniale:
1862 1441 2015 1481 quoniam
2047 1451 2191 1473 tenemur
2222 1444 2334 1475 evitare
2360 1446 2502 1477 venialia.

1441 1484 1533 1514 Unde
1557 1483 1633 1524 quia
1656 1491 1832 1525 praecepta,
1856 1493 1890 1516 ut
1907 1485 2144 1525 distinguuntur
2160 1495 2267 1518 contra
2282 1489 2421 1526 consilia,
2438 1500 2503 1520 non

1440 1528 1583 1569 obligant
1606 1528 1783 1559 necessario
1800 1529 1840 1559 ad
1855 1530 1998 1567 mortale,
2016 1531 2070 1560 sed
2086 1531 2124 1561 ad
2142 1533 2273 1563 mortale
2296 1534 2346 1563 vel
2369 1534 2503 1571 veniale:

1441 1583 1640 1614 consequens
1672 1580 1718 1604 est
1742 1580 1777 1604 ut
1801 1583 1837 1604 ex
1861 1574 2037 1614 ignorantia
2067 1577 2216 1615 procedat
2239 1586 2274 1606 ex
2298 1577 2505 1609 affirmatione

1441 1618 1598 1659 praecepti
1623 1618 1737 1649 inferre
1760 1626 1927 1658 peccatum
1943 1619 2076 1650 mortale
2099 1620 2312 1657 determinate,
2328 1622 2379 1652 vel
2402 1632 2438 1652 ex
2454 1632 2506 1653 ne-

1439 1663 1568 1702 gatione
1592 1663 1750 1703 praecepti
1775 1663 1815 1693 ad
1839 1663 1971 1694 mortale
1995 1663 2108 1695 inferre
2129 1666 2217 1706 quod
2241 1673 2286 1696 est
2309 1666 2346 1696 de
2363 1667 2506 1698 consilio.

1443 1708 1481 1739 Et
1504 1708 1580 1749 quia
1603 1708 1666 1739 hoc
1690 1708 1810 1738 multos
1834 1707 2001 1748 scriptores
2024 1709 2118 1739 latere
2134 1710 2266 1746 videtur,
2290 1710 2362 1741 ideo
2379 1721 2445 1742 non
2462 1720 2508 1743 est

1442 1752 1561 1783 mirum
1583 1752 1609 1783 si
1633 1752 1741 1783 minus
1757 1753 1954 1794 quandoque
1977 1754 2129 1785 scribitur.
2154 1755 2195 1785 Et
2218 1764 2256 1785 ne
2273 1763 2364 1795 putes
2388 1766 2505 1786 novam

1442 1807 1492 1828 me
1522 1797 1663 1837 ingerere
1694 1797 1889 1834 doctrinam,
1921 1797 1989 1837 lege
2020 1798 2129 1829 divum
2152 1799 2315 1829 Thomam
2344 1800 2505 1840 superius,

1440 1842 1472 1872 in
1497 1842 1605 1873 multis
1629 1842 1881 1883 quaestionibus,
1906 1842 2023 1873 scilicet
2046 1844 2174 1884 quando
2199 1851 2308 1874 tractat
2331 1845 2368 1875 de
2386 1855 2507 1885 praece-

1441 1887 1501 1927 ptis
1526 1886 1609 1923 fidei,
1634 1887 1712 1927 spei,
1737 1887 1889 1923 caritatis,
1914 1888 2115 1927 prudentiae,
2140 1888 2290 1925 iustitiae,
2315 1888 2506 1920 fortitudinis

1441 1938 1471 1962 et
1497 1931 1740 1972 temperantiae:
1766 1938 1796 1962 et
1818 1931 1939 1962 videbis
1963 1933 2063 1963 multa
2091 1933 2149 1963 sub
2173 1940 2339 1973 praecepto
2363 1944 2506 1975 compre-

1441 1976 1536 2007 hendi
1553 1976 1592 2007 ad
1609 1976 1766 2007 venialem
1790 1983 1918 2007 tanturn
1942 1977 2069 2017 culpam
2094 1978 2275 2018 obligantia.
2292 1995 2310 2000 -
2323 1978 2410 2009 Tum
2430 1979 2506 2020 quia

1440 2021 1650 2061 Augustinus,
1674 2021 1707 2051 in
1730 2021 1863 2062 Regula,
1886 2021 1929 2052 sic
1946 2032 2024 2052 usus
2040 2029 2086 2053 est
2103 2023 2258 2063 praecepti
2274 2023 2414 2060 nomine,
2432 2034 2506 2054 cum

1441 2065 1532 2096 dixit:
1567 2065 1663 2097 Haec
1685 2071 1761 2096 sunt
1790 2076 1874 2107 quae
1898 2071 1933 2097 ut
1956 2067 2126 2098 observetis
2142 2068 2361 2108 praecipimus
2384 2069 2416 2098 in
2440 2079 2505 2099 mo-

1441 2111 1583 2141 nasterio
1606 2111 1779 2142 constituti.
1805 2111 1852 2141 Ex
1875 2111 1931 2141 illo
1949 2111 2033 2141 enim
2050 2119 2216 2152 praecepto
2233 2112 2411 2152 obligantur
2433 2123 2505 2153 pro-

1439 2154 1574 2186 fessores
1596 2155 1682 2186 illius
1706 2155 1832 2196 regulae
1855 2156 1894 2185 ad
1911 2156 2144 2187 observandum
2160 2156 2268 2186 omnia
2284 2156 2401 2187 ibidem
2418 2167 2506 2188 man-

1439 2200 1522 2236 data,
1539 2200 1595 2231 sed
1619 2210 1684 2230 non
1701 2200 1875 2231 mortaliter
1898 2208 2063 2241 propterea
2080 2209 2210 2241 peccant
2232 2202 2504 2241 transgrediendo:

1439 2244 1595 2286 quoniam
1618 2245 1752 2275 verbum
1770 2246 1991 2286 praecipimus
2014 2246 2107 2276 habet
2130 2246 2195 2276 vim
2214 2246 2426 2286 obligativam,
2451 2248 2506 2277 sed

1440 2300 1506 2321 non
1530 2289 1737 2320 determinate
1760 2290 1800 2320 ad
1823 2291 1973 2327 mortale;
2000 2298 2029 2321 et
2052 2290 2123 2321 ideo
2148 2301 2213 2321 non
2236 2291 2309 2321 licet
2331 2301 2367 2321 ex
2383 2291 2439 2322 illo
2463 2299 2506 2322 ta-

1437 2335 1502 2365 lem
1527 2334 1755 2375 obligationem
1779 2334 1903 2365 inferre.

1495 2379 1543 2410 De
1574 2379 1643 2409 aliis
1673 2386 1781 2410 autem
1815 2379 1915 2410 allatis
1946 2379 2108 2410 vocabulis
2131 2379 2148 2398 *
2179 2379 2257 2409 nihil
2291 2379 2507 2411 universaliter

1438 2424 1532 2455 video
1557 2424 1804 2460 determinabile,
1829 2424 1888 2454 nisi
1912 2425 2011 2465 quod,
2036 2434 2072 2454 ex
2095 2424 2126 2454 vi
2149 2424 2332 2461 verborum,
2358 2434 2430 2455 vera
2453 2435 2507 2465 ap-

1440 2475 1551 2510 parent
1573 2469 1683 2499 omnia
1712 2479 1794 2510 quae
1819 2469 1993 2499 dubitando
2022 2469 2113 2499 allata
2138 2476 2220 2499 sunt.
2256 2469 2297 2499 Et
2320 2469 2505 2500 omnimoda

1415 2523 1420 2528 ·
1439 2514 1596 2545 certitudo
1620 2513 1716 2545 huius
1732 2514 1938 2554 quaestionis,
1955 2513 2062 2554 quoad
2077 2513 2126 2544 ius
2143 2523 2325 2549 commune,
2350 2512 2505 2544 definitio-

1440 2569 1515 2590 nem
1538 2558 1792 2590 auctoritativam
1814 2558 2018 2598 Apostolicae
2042 2557 2130 2588 Sedis
2155 2557 2275 2597 exigere
2298 2557 2429 2588 videtur.

1494 2604 1550 2635 xl.
1574 2604 1610 2634 In
1626 2603 1740 2634 eodem
1757 2603 1888 2633 articulo
1905 2612 1993 2632 nono
2010 2601 2203 2643 quaestionis
2227 2601 2504 2632 centesimaeocto-

1439 2648 1693 2688 gesimaesextae‚
1711 2647 1750 2677 ad
1767 2647 1905 2683 tertium,
1923 2654 1998 2677 nota
2015 2656 2051 2676 ex
2066 2646 2125 2676 hac
2141 2645 2241 2676 littera
2265 2646 2352 2685 quod
2376 2655 2504 2686 peccare

1440 2704 1477 2724 ex
1494 2700 1679 2733 contemptu
1704 2692 1855 2732 importat
1872 2692 1953 2722 duo:
1978 2691 2094 2721 scilicet
2109 2697 2215 2720 actum
2238 2690 2367 2729 peccati,
2385 2696 2415 2720 et
2431 2700 2504 2720 cau-

1440 2749 1508 2769 sam
1527 2738 1657 2778 peccati.
1682 2737 1777 2768 Verbi
1796 2736 1904 2776 gratia,
1922 2736 2006 2766 nolle
2023 2736 2066 2765 ire
2082 2735 2122 2765 ad
2137 2734 2280 2770 chorum,
2296 2734 2346 2764 vel
2363 2734 2503 2774 frangere

1439 2783 1613 2819 silentium,
1638 2792 1675 2812 ex
1699 2788 1895 2821 contemptu,
1921 2780 1995 2811 dicit
2018 2780 2099 2810 duo:
2124 2779 2238 2819 primo,
2262 2778 2368 2818 ipsum
2397 2785 2503 2809 actum

1439 2827 1603 2868 frangendi
1628 2826 1800 2865 silentium,
1824 2835 1879 2856 seu
1904 2825 2004 2866 ipsam
2029 2823 2236 2854 omissionem
2260 2823 2355 2853 eundi
2370 2822 2409 2852 ad
2426 2822 2503 2853 cho-

1440 2883 1522 2909 rum,
1547 2880 1578 2903 et
1601 2871 1663 2901 hoc
1682 2878 1813 2901 vocatur
1829 2876 1916 2900 actus
1932 2868 2065 2909 peccati;
2091 2867 2240 2903 secundo,
2257 2867 2358 2907 ipsam
2376 2877 2502 2897 causam

1441 2917 1570 2957 peccati,
1595 2915 1712 2946 scilicet
1735 2925 1771 2946 ex
1795 2921 1991 2954 contemptu,
2017 2921 2046 2943 et
2069 2913 2130 2943 hoc
2154 2911 2306 2952 significat
2327 2918 2431 2941 actum
2447 2921 2502 2941 vo-

1440 2961 1570 2993 luntatis
1598 2960 1762 2991 refutantis
1792 2959 1902 2990 subiici
1931 2958 1991 2998 legi
2021 2967 2076 2988 seu
2106 2957 2240 2996 regulae.
2278 2956 2322 2986 Ita
2352 2955 2438 2995 quod
2463 2955 2502 2985 ad

1441 3016 1569 3047 peccare
1593 3015 1629 3036 ex
1654 3011 1839 3045 contemptu
1864 3013 1929 3034 non
1953 3002 2066 3033 sufficit
2089 3001 2182 3031 etiam
2200 3001 2225 3031 si
2242 3007 2321 3031 esset
2340 3006 2501 3039 perpetua,

1441 3059 1471 3083 et
1494 3051 1608 3082 millies
1631 3056 1795 3085 renovata,
1827 3055 1857 3078 et
1881 3048 2047 3078 deliberata
2071 3045 2269 3076 consuetudo
2298 3043 2446 3084 peccandi
2470 3043 2501 3073 in

1441 3097 1496 3127 tali
1519 3094 1745 3127 commissione
1768 3093 1817 3123 vel
1841 3092 2028 3122 omissione:
2054 3091 2108 3121 sed
2131 3089 2262 3129 exigitur
2285 3088 2372 3129 quod
2396 3095 2503 3128 peccet

1441 3141 1512 3182 quis
1537 3150 1572 3170 ex
1597 3139 1650 3170 tali
1675 3148 1785 3174 causa,
1810 3136 1926 3167 scilicet
1949 3146 1984 3166 ex
2008 3135 2069 3165 hoc
2096 3134 2183 3175 quod
2208 3143 2272 3163 non
2296 3132 2364 3162 vult
2390 3131 2499 3162 subiici

1440 3185 1501 3225 legi
1525 3194 1580 3215 seu
1605 3183 1730 3224 regulae
1754 3182 1803 3212 vel
1827 3181 1965 3221 praelato
1990 3178 2078 3222 (nam
2108 3178 2263 3218 praelatus
2290 3176 2339 3206 lex
2367 3183 2413 3206 est
2436 3175 2501 3205 ani-

1441 3227 1550 3271 mata).
1576 3228 1669 3259 Unde
1693 3226 1833 3268 quandiu
1851 3225 1922 3266 quis
1938 3223 2163 3255 subiectionem
2182 3222 2220 3251 ad
2237 3221 2378 3260 regulam
2395 3220 2427 3250 in
2445 3229 2501 3249 sua

1441 3275 1606 3305 voluntate
1629 3272 1756 3306 retinet;
1781 3270 1870 3311 quod
1894 3278 2019 3308 semper
2042 3274 2087 3297 est
2111 3266 2251 3307 quandiu
2275 3265 2344 3295 vult
2370 3271 2405 3295 ut
2428 3264 2502 3294 sub-

1442 3319 1525 3349 ditus
1550 3327 1624 3348 suae
1647 3316 1773 3355 regulae
1796 3314 1916 3349 vivere,
1940 3311 2085 3353 quamvis
2109 3321 2146 3341 ex
2169 3310 2274 3340 minus
2298 3309 2380 3339 bona
2404 3315 2435 3339 et
2454 3308 2501 3338 in-

1442 3364 1555 3394 devota
1571 3361 1734 3391 voluntate
1749 3358 1891 3388 intendat
1907 3355 2077 3396 transgredi
2093 3355 2225 3385 eandem
2241 3353 2399 3393 regulam:
2420 3362 2501 3382 nun-

1441 3417 1539 3449 quam
1562 3411 1670 3446 peccat
1693 3414 1729 3433 ex
1754 3407 1948 3441 contemptu.
1982 3400 2099 3431 Caveat
2127 3406 2232 3429 tamen
2264 3407 2303 3427 ne
2327 3396 2501 3437 frequentia

1442 3450 1590 3492 peccandi
1607 3449 1754 3488 disponat
1765 3447 1870 3486 ipsum
1884 3444 2046 3485 paulatim,
2059 3450 2089 3473 et
2105 3442 2231 3473 tandem
2249 3442 2384 3472 deducat
2395 3441 2501 3481 ipsum

1442 3497 1481 3526 ad
1505 3495 1700 3524 voluntatem
1733 3501 1797 3520 non
1826 3488 2010 3520 subiiciendi
2034 3497 2066 3518 se
2090 3487 2226 3526 regulae.
2262 3485 2442 3523 Quoniam,
2468 3492 2502 3514 ut

1442 3541 1473 3570 in
1497 3539 1598 3569 littera
1622 3536 1744 3571 dicitur,
1760 3534 1949 3575 frequentia
1967 3533 2093 3573 peccati
2116 3531 2297 3571 dispositive
2321 3530 2441 3560 inducit
2459 3528 2501 3558 ad

1441 3587 1673 3622 contemptum:
1697 3580 1776 3610 sicut
1800 3584 1989 3608 consuetum
2005 3575 2125 3607 veniale
2149 3586 2215 3606 non
2240 3580 2419 3614 correptum
2439 3572 2499 3602 dis-

1442 3627 1575 3668 positive
1599 3624 1720 3655 inducit
1744 3624 1782 3654 ad
1806 3622 1948 3653 mortale.

2525 834 2535 844 ⁴
2550 834 2584 855 Ct.
2607 839 2671 855 num.
2688 839 2736 860 vui,

2525 860 2555 881 El
2569 859 2638 888 quod.

2532 2382 2541 2391 '⁵
2547 2380 2686 2408 lbid.,Quod
2695 2380 2745 2402 nul·

2530 2408 2576 2429 lum
2580 2424 2584 2429 .
