2768 4198
44 1550 56 1562 ⁸
69 1548 137 1572 Vero.
151 1554 183 1578 ¹9·

47 1709 192 1735 ’Van-ao.

49 1980 181 2008 ‘vema-

60 2517 72 2530 ·
82 2514 151 2539 Vin.
164 2521 187 2538 a.

891 294 1159 339 QUAESTIO
1191 292 1434 338 CLXXVIII,
1465 289 1761 327 ARTICULUS
1791 288 1822 323 II

263 379 359 410 fidem
380 387 446 408 non
466 374 687 406 connumerari
708 374 789 403 inter
812 372 926 411 gratias
950 371 1043 410 gratis
1067 371 1155 400 datas
1179 371 1332 406 absolute,

266 469 339 503 siae,
365 473 400 497 ut
423 473 470 496 est
497 471 605 494 autem
633 462 732 502 gratia
760 460 855 500 gratis
886 460 968 494 data,
993 469 1059 488 non
1084 466 1130 488 est
1154 459 1334 488 communis

1360 373 1361 395 ἶ
1388 371 1585 405 constantia,
1618 377 1653 399 ut
1684 368 1797 399 Glossa
1819 368 1836 387 *
1867 366 1952 402 dicit,
1983 365 2063 396 inter
2095 365 2207 405 gratias
2240 365 2333 404 gratis
2366 364 2453 394 datas
2482 365 2490 374 “

264 423 339 465 quia
359 421 436 452 fides
455 420 602 451 absolute
626 416 808 448 communis
826 423 871 446 est
888 415 1039 445 omnibus
1063 415 1213 444 membris
1228 415 1333 445 Eccle-
1360 416 1362 424 ¹

2372 293 2450 331 419

2514 363 2615 385 lutei-lin.
2639 363 2661 384 in
2683 363 2693 383 1

1777 412 1783 419 .
1908 411 1914 417 .
2089 409 2096 416 .
2481 390 2514 412 ad
2526 390 2581 412 Cor.
2592 396 2641 417 cap.
2653 395 2693 415 xn,

1389 421 1602 454 computatur.
1628 414 1668 444 Et
1685 422 1821 453 quomm
1843 411 1917 442 fide1
1942 416 2118 441 constantia
2141 409 2181 439 ad
2205 408 2300 438 fidem
2325 415 2452 448 spectat,
2482 423 2541 438 vers.
2557 423 2578 444 9.

1390 458 1462 488 ideo
1486 461 1617 494 Auctor,
1641 458 1776 498 loquens
1801 457 1839 486 de
1864 456 1935 492 fide,
1953 455 2026 485 hinc
2049 454 2107 485 sibi
2132 453 2272 484 attribuit
2296 453 2454 493 operatio-

266 511 417 543 omnibus
448 507 599 540 membris
629 505 804 537 Ecclesiae:
838 504 892 534 sed
923 502 996 532 fidei
1028 502 1226 538 excellentia,
1259 509 1336 541 puta
1362 511 1363 526 ¹
1391 512 1465 532 nem
1490 502 1728 532 miraculorum.

1039 654 1359 696 ARTICULUS
1393 647 1695 696 SECUNDUS

902 748 1059 780 UTRUM
1082 746 1188 778 MALI
1211 746 1390 777 POSSlNT
1415 746 1641 777 MIRACULA
1665 747 1835 778 FACERE

396 837 463 862 Part.
483 835 501 866 Ι,
521 842 566 867 qu.
585 840 625 864 cx,
645 838 691 857 art.
710 839 736 863 4,
755 831 787 855 ad
807 837 838 859 2;
858 829 899 854 De
918 829 988 858 Por„
1006 835 1051 860 qu.
1069 834 1104 856 vr,
1123 832 1169 852 art.
1189 825 1213 855 5,
1232 826 1264 850 ad
1283 832 1314 859 9;
1333 830 1380 851 art.
1399 833 1424 858 9,
1443 826 1474 849 ad
1496 825 1525 856 5;
1548 826 1644 856 Quodl.
1664 827 1692 857 ΙΙ,
1712 836 1755 860 qu.
1774 836 1808 858 iv,
1827 835 1873 854 art.
1897 838 1917 860 1,
1937 832 1969 855 ad
1987 839 2018 862 4;
2040 833 2069 856 In
2089 833 2195 863 Matth.,
2215 842 2270 867 cap.
2290 842 2337 865 vu;

791 866 800 890 l
819 866 857 890 ad
878 865 949 892 Cor„
969 871 1025 896 cap.
1043 870 1087 892 xn,
1106 862 1164 887 lect.
1183 869 1217 892 11;
1237 869 1294 894 cap.
1313 868 1367 890 ¹111,
1387 861 1444 886 lect.
1465 868 1487 890 1;
1508 861 1527 885 11
1546 862 1584 886 ad
1606 862 1703 891 Thess„
1724 871 1778 895 cap.
1798 872 1825 893 ιι,
1846 866 1902 890 lect.
1922 874 1949 891 11.

301 968 364 1023 βῆ
397 993 405 1000 .,
426 980 435 988 f
489 963 511 987 D
531 959 722 986 SECUNDUM
738 958 791 983 sle
807 955 1048 982 PROOEmTUR.
1064 942 1227 980 Videtur
1241 941 1348 990 quod

392 970 427 993 υ

308 1008 339 1053 5⁰.
352 974 469 1063 Aa(
490 1003 581 1040 mali
610 1014 688 1038 non
716 999 863 1049 possint
891 998 1015 1034 facere
1045 996 1240 1033 miracula.
1276 994 1348 1031 Mi-

314 1036 620 1108 „fisrss'srs'raeiila
650 1054 751 1092 enim
780 1058 1047 1102 perpetrantur
1066 1055 1083 1071 α
1111 1062 1180 1099 per
1209 1048 1347 1085 oratio-

244 1137 251 1149 ,
287 1110 309 1135 ¹'
334 1104 604 1156 NJnem,
644 1109 739 1146 sicut
777 1107 921 1144 dictum
958 1111 1014 1141 est
1036 1103 1068 1141 *.
1113 1103 1191 1140 Sed
1227 1101 1348 1140 oratio

278 1165 491 1218 peccatoris
526 1176 604 1201 non
643 1171 698 1200 est
737 1159 976 1198 exaudibilis:
1017 1157 1229 1194 secundum
1260 1156 1350 1193 illud

281 1225 386 1260 Ioan.
408 1233 444 1258 ix
462 1219 502 1255 *t
533 1219 679 1255 Scimus
707 1215 796 1265 quia
819 1218 1039 1263 peccatores
1062 1213 1167 1248 Deus
1187 1223 1262 1248 non
1283 1221 1351 1246 au-

280 1276 343 1313 dit.
375 1275 422 1311 Et
450 1274 562 1310 Prov.
582 1283 692 1309 xxvm
711 1270 732 1291 *
761 1269 916 1306 dicitur:
941 1267 1016 1309 Qui
1032 1265 1196 1302 declinat
1217 1275 1352 1301 aurem

247 1364 250 1365 γ
279 1341 390 1367 suam
429 1338 476 1364 ne
511 1320 644 1363 audiat
677 1325 821 1374 legem,
851 1321 973 1358 oratio
1001 1331 1071 1356 sua
1099 1319 1170 1356 erit
1197 1328 1353 1355 execra-

282 1382 376 1422 bilis.
400 1382 503 1429 Ergo
522 1380 675 1418 videtur
694 1377 799 1426 quod
819 1375 910 1413 mali
927 1374 1110 1411 miracula
1129 1373 1255 1410 facere
1275 1383 1355 1408 non

282 1436 431 1487 possint
450 1432 476 1471 β.
1239 1478 1246 1484 ι

332 1502 375 1527 ’2.
404 1489 646 1532 Palmam,
675 1484 858 1521 miracula
887 1480 1141 1518 attribuuntur
1159 1479 1267 1516 fide1:
1298 1490 1355 1514 se-

286 1545 456 1581 cundum
486 1540 577 1577 illud
606 1539 739 1576 Matth.
766 1548 839 1574 xvu
857 1534 897 1572 *z
937 1534 980 1571 Si
1004 1533 1210 1571 habueritis
1231 1532 1356 1580 fidem

284 1597 382 1635 sicut
407 1606 575 1646 granum
603 1592 757 1641 sinapis,
786 1589 913 1627 dicetis
941 1588 1062 1625 monti
1086 1587 1186 1631 huic,
1220 1585 1360 1623 Transi

286 1651 386 1695 hinc,
401 1654 436 1686 et
451 1646 625 1685 transibit
635 1651 664 1682 Υ.
684 1645 796 1682 Fides
816 1651 945 1680 autem
963 1642 1044 1679 sine
1062 1641 1238 1690 operibus
1258 1651 1359 1676 mor·
1383 1642 1385 1657 ³

288 1710 352 1741 tua
381 1707 452 1748 est,
480 1708 521 1737 ut
549 1699 685 1737 dicitur
713 1700 787 1735 Iac.
814 1709 838 1734 11
860 1697 901 1733 *ε
937 1704 974 1732 et
1009 1696 1062 1732 sic
1094 1707 1174 1732 non
1205 1693 1361 1731 videtur

288 1756 394 1807 quod
422 1755 563 1792 habeat
590 1752 787 1802 propriam
810 1750 1090 1800 operationem.
1121 1749 1224 1796 Ergo
1253 1747 1361 1784 vide·
1386 1774 1388 1781 χ

289 1819 350 1848 tur
377 1808 483 1858 quod
510 1807 613 1853 mali,
644 1807 708 1856 qui
737 1818 815 1842 non
845 1812 933 1841 sunt
961 1805 1155 1841 bonorum
1183 1813 1361 1851 operum,
1387 1807 1389 1809 ’

291 1863 475 1902 miracula
502 1862 627 1898 facere
657 1871 735 1897 non
765 1866 937 1908 possunt.

348 1918 383 1955 3.
413 1917 654 1961 Pamisum,
685 1913 869 1950 miracula
897 1919 984 1949 sunt
1012 1910 1205 1959 quaedam
1236 1908 1365 1946 divina

292 1969 527 2009 testimonia:
558 1967 773 2005 secundum
794 1966 885 2003 illud
904 1965 1005 2002 Heb.
1022 1977 1045 2002 11
1063 1963 1102 2000 *z
1129 1964 1367 2000 Contestante

293 2026 376 2063 Deo
404 2023 524 2074 signis
550 2027 588 2059 et
607 2020 791 2070 portentis
818 2025 854 2056 et
880 2019 997 2057 variis
1015 2018 1223 2056 virtutibus.
1253 2016 1366 2054 Unde

295 2086 332 2116 et
360 2078 398 2114 in
423 2075 596 2114 Ecclesia
615 2074 732 2123 aliqui
753 2073 1026 2110 canonizantur
1052 2084 1122 2121 per
1148 2070 1368 2108 testimonia
1392 2076 1394 2087 ¹

293 2131 580 2170 miraculorum.
620 2129 698 2166 Sed
732 2129 838 2164 Deus
872 2139 951 2164 non
988 2133 1114 2175 potest
1147 2137 1229 2162 esse
1264 2124 1368 2161 testis

295 2184 475 2224 falsitatis.
513 2184 616 2231 Ergo
644 2182 796 2220 videtur
829 2181 934 2230 quod
964 2179 1054 2217 mali
1083 2178 1261 2216 homines
1290 2190 1370 2215 non

296 2238 444 2290 possint
470 2237 653 2274 miracula
681 2236 818 2272 facere.

350 2305 388 2340 4.
426 2292 672 2336 Prummu,
711 2288 803 2326 boni
840 2295 927 2325 sunt
964 2289 1050 2324 Deo
1089 2285 1370 2323 coniunctiores

297 2357 418 2396 quam
447 2344 550 2382 mali.
582 2343 660 2381 Sed
688 2355 768 2380 non
797 2353 934 2379 omnes
963 2340 1056 2379 boni
1084 2340 1227 2377 faciunt
1256 2340 1370 2376 mira-

299 2401 396 2438 cula.
426 2399 529 2446 Ergo
559 2398 680 2434 multo
710 2396 838 2433 minus
866 2395 956 2432 mali
985 2394 1139 2432 faciunt.

353 2454 429 2490 SED
467 2463 614 2489 CONTRA
648 2462 715 2488 EST
752 2449 858 2498 quod
891 2449 1101 2498 Apostolus
1138 2447 1246 2494 dicit,
1278 2449 1291 2484 I
1321 2447 1373 2484 ad

304 2507 392 2544 Cor.
413 2517 474 2543 xm
493 2504 533 2542 *ε
563 2505 605 2542 Si
630 2505 800 2542 habuero
819 2515 970 2540 omnem
979 2503 1115 2551 fidem,
1136 2502 1187 2539 ita
1208 2507 1248 2538 ut
1265 2513 1372 2538 mon-

300 2567 352 2598 tes
390 2560 619 2607 transferam
633 2587 641 2601 ,
675 2557 870 2595 caritatem
907 2562 1034 2594 autem
1069 2567 1144 2592 non
1182 2556 1372 2601 habuero,

302 2614 394 2651 nihil
421 2624 517 2650 sum.
549 2612 626 2650 Sed
655 2611 891 2660 quicumque
919 2622 999 2647 non
1026 2610 1143 2647 habet
1166 2609 1373 2655 caritatem,

303 2675 360 2705 est
387 2667 534 2704 malus:
564 2665 654 2714 quia
682 2666 754 2702 hoc
780 2664 903 2701 solum
931 2664 1072 2701 donum
1101 2663 1260 2712 Spiritus
1279 2664 1375 2700 San-

302 2721 353 2758 cti
371 2726 427 2758 est
443 2720 545 2769 quod
562 2719 692 2757 dividit
710 2719 807 2755 inter
823 2718 931 2767 filios
949 2717 1079 2768 Regni
1105 2722 1142 2754 et
1155 2717 1264 2765 filios
1285 2729 1375 2766 per-

302 2774 464 2820 ditionis,
488 2782 530 2811 ut
556 2772 791 2821 Augustinus
820 2772 919 2818 dicit,
941 2772 1012 2808 XV
1031 2771 1077 2808 de
1099 2772 1136 2808 T
1131 2770 1203 2808 rin.
1223 2771 1244 2793 *
1272 2772 1375 2820 Ergo

303 2828 456 2866 videtur
483 2827 590 2877 quod
610 2826 724 2863 etiam
746 2825 835 2863 mali
855 2835 1016 2874 possunt
1035 2825 1218 2862 miracula
1238 2825 1375 2862 facere.

358 2883 586 2919 Responnsso
606 2892 793 2917 mceunum
812 2879 919 2928 quod
947 2879 1220 2916 miraculorum
1250 2879 1378 2928 aliqua

306 2936 464 2984 quidem
483 2947 563 2972 non
582 2942 670 2971 sunt
688 2946 793 2980 vera,
814 2933 883 2970 sed
908 2932 1145 2982 phantastica
1165 2933 1274 2980 facta,
1295 2933 1377 2981 qui-

305 2989 379 3026 bus
407 2988 548 3026 scilicet
576 2988 791 3025 ludificatur
818 2987 952 3032 homo,
980 2995 1022 3023 ut
1050 2986 1225 3023 videatur
1250 2986 1283 3023 ei
1313 2986 1378 3023 ali-

308 3042 399 3090 quid
437 3043 542 3092 quod
580 3054 659 3079 non
693 3049 759 3078 est.
799 3041 1004 3088 Quaedam
1032 3053 1127 3077 vero
1165 3047 1253 3077 sunt
1284 3052 1379 3076 vera

309 3095 428 3143 facta,
457 3096 526 3133 sed
554 3108 632 3133 non
660 3106 753 3131 vere
790 3095 933 3131 habent
966 3093 1155 3131 rationem
1184 3093 1378 3140 miraculi,

311 3159 408 3196 quae
441 3149 540 3186 fiunt
569 3149 708 3186 virtute
747 3148 958 3197 aliquarum
989 3148 1218 3185 naturalium
1249 3159 1379 3184 causa-

311 3212 409 3237 rum.
442 3201 493 3238 Et
528 3202 624 3239 haec
652 3202 730 3239 duo
759 3209 920 3251 possunt
947 3202 1030 3239 fieri
1058 3214 1127 3251 per
1156 3202 1378 3247 daemones,

279 3282 286 3294 ‚
312 3261 354 3290 ut
382 3265 497 3302 supra
514 3253 535 3276 ’¹‘
563 3255 706 3292 dictum
737 3263 803 3292 est.

368 3307 445 3344 Sed
472 3318 566 3343 vera
593 3308 776 3345 miracula
804 3320 884 3345 non
911 3315 1072 3357 possunt
1099 3308 1182 3344 fieri
1210 3307 1279 3344 nisi
1306 3307 1381 3343 vir-

313 3368 391 3397 tute
417 3359 565 3397 divina:
596 3369 775 3408 operatur
794 3362 896 3399 enim
917 3375 963 3399 ea
982 3363 1088 3398 Deus
1108 3361 1157 3398 ad
1177 3360 1380 3397 hominum

314 3414 525 3451 utilitatem.
556 3413 604 3449 Et
631 3413 706 3450 hoc
726 3414 940 3463 dupliciter:
970 3428 1049 3452 uno
1069 3414 1226 3463 quidem
1247 3413 1380 3460 modo,

1377 1240 1378 1244 ,
1403 1209 1599 1259 praedicat
1623 1217 1659 1245 et
1687 1221 1831 1246 nomen
1862 1211 1997 1249 Christi
2021 1213 2191 1253 invocat:

1380 1469 1382 1477 ⁴
1402 1424 1714 1474 prophetavimus
1735 1431 1818 1471 etc.,
1837 1425 1926 1462 dicit
1941 1426 2202 1477 Hieronymus
2215 1429 2252 1467 *ε
2273 1433 2476 1481 Propheta·
2506 1435 2514 1444 ⁸

1398 941 1447 979 ad
1489 941 1656 977 veritatis
1704 944 1943 990 praedicatae
1987 949 2340 998 confirmationem3
2388 954 2463 989 alio

1402 995 1545 1040 modo,
1580 996 1628 1030 ad
1667 995 2031 1036 demonstrationem
2071 1003 2272 1041 sanctitatis
2310 1005 2466 1043 alicuius

1402 1061 1519 1098 quem
1540 1045 1553 1069 δ
1582 1049 1688 1084 Deus
1708 1050 1789 1085 vult
1808 1050 2027 1090 hominibus
2047 1067 2262 1103 proponere
2283 1058 2320 1095 in
2341 1071 2466 1096 exem·
2596 1066 2610 1091 ὃ

1403 1103 1509 1152 plum
1528 1101 1688 1138 virtutis.
1720 1103 1848 1139 Primo
1869 1113 1996 1142 autem
2023 1109 2154 1155 modo,
2175 1111 2358 1149 miracula
2382 1126 2469 1162 pos-

1404 1164 1491 1194 sunt
1526 1155 1608 1192 fieri
1647 1168 1716 1204 per
1753 1168 2038 1208 quemcumque
2077 1162 2141 1210 qui
2178 1177 2311 1201 veram
2349 1166 2468 1203 fidem

2222 1219 2328 1266 quod
2357 1220 2469 1256 etiam

1405 1263 1597 1301 interdum
1626 1275 1696 1311 per
1716 1264 1839 1300 malos
1867 1265 1920 1301 fit.
1953 1267 2000 1302 Et
2028 1270 2238 1308 secundum
2267 1272 2368 1308 hunc
2388 1286 2471 1310 mo-

1408 1318 1513 1363 dum,
1541 1316 1655 1353 etiam
1685 1317 1774 1353 mali
1803 1327 1963 1365 possunt
1992 1321 2169 1359 miracula
2198 1325 2333 1362 facere.
2363 1327 2473 1363 Unde

1408 1383 1523 1420 super
1561 1370 1652 1407 illud
1686 1371 1820 1407 Matth.
1848 1372 1955 1418 V11*,
1984 1374 2125 1412 Nonne
2162 1377 2198 1413 in
2235 1379 2385 1416 nomine
2413 1386 2474 1416 tuo
2504 1383 2641 1404 ‘Vm-²²·

2540 1432 2664 1454 Cmnment.
2692 1432 2716 1452 in

1409 1491 1462 1524 re,
1493 1478 1552 1515 vel
1578 1478 1732 1514 virtutes
1747 1479 1888 1526 facere
1915 1485 1951 1516 et
1977 1481 2176 1519 daemonia
2205 1485 2348 1531 eiicere,
2369 1487 2479 1522 inter·
2506 1459 2598 1485 mum
2613 1458 2652 1479 ιω
2667 1458 2684 1479 ι

1382 1571 1384 1592 ἦ
1410 1533 1500 1569 dum
1530 1543 1605 1568 non
1635 1537 1690 1568 est
1715 1532 1795 1568 eius
1822 1534 1948 1570 meriti
1974 1536 2040 1582 qui
2066 1543 2267 1584 operatur.-
2294 1539 2360 1575 sed
2378 1540 2480 1576 invo-

1411 1586 1508 1624 catio
1538 1585 1704 1622 nominis
1729 1586 1868 1622 Christi
1888 1588 1959 1624 hoc
1977 1589 2069 1638 agit,
2101 1595 2142 1626 ut
2166 1592 2336 1628 homines
2358 1594 2480 1629 Deum

1412 1641 1614 1684 honorent,
1644 1640 1695 1676 ad
1722 1640 1828 1676 cuius
1856 1641 2129 1680 invocationem
2152 1645 2259 1692 fiunt
2285 1651 2387 1683 tanta
2416 1647 2483 1682 mi-

1414 1693 1559 1732 racula.

1470 1748 1650 1785 Secundo
1681 1755 1809 1783 autem
1836 1748 1966 1795 modo,
1989 1763 2066 1787 non
2087 1751 2184 1788 fiunt
2212 1752 2392 1790 miracula
2413 1754 2483 1790 nisi

1417 1815 1439 1839 a
1468 1801 1627 1839 sanctis:
1668 1801 1715 1837 ad
1751 1814 1916 1850 quorum
1953 1805 2188 1842 sanctitatem
2224 1806 2486 1843 demonstran-

1418 1858 1507 1894 dam
1524 1861 1536 1877 ⁸
1566 1855 1748 1892 miracula
1778 1856 1874 1893 fiunt
1893 1858 1954 1894 vel
1975 1858 2012 1894 in
2032 1859 2109 1895 vita
2137 1872 2270 1897 eorum
2291 1862 2352 1897 vel
2373 1861 2485 1897 etiam
2615 1866 2626 1882 ε

1417 1918 1506 1960 post
1541 1917 1719 1955 mortem,
1750 1909 1830 1946 sive
1864 1923 1932 1959 per
1961 1923 2027 1948 eos
2061 1914 2141 1949 sive
2171 1926 2239 1962 per
2267 1914 2373 1951 alios.
2413 1915 2485 1951 Le-

1391 1997 1393 2006 .
1419 1964 1516 2013 gitur
1537 1963 1637 2000 enim
1658 1964 1740 2000 Act.
1762 1976 1821 2000 iux
1840 1963 1871 2011 ³¹⁸,
1902 1966 2006 2013 quod
2026 1967 2130 2003 Deus
2144 1968 2321 2015 faciebat
2336 1969 2488 2004 virtutes
2517 1972 2526 1981 ⁸
2541 1970 2606 1992 Vm·
2624 1974 2649 1995 ¹¹³
2665 1974 2694 1989 ¹²·

1415 2030 1488 2067 per
1515 2029 1652 2054 manus
1679 2017 1810 2054 Pauli:
1840 2024 1876 2055 et
1901 2020 2013 2056 etiam
2033 2020 2191 2068 desuper
2210 2021 2410 2071 languidos
2429 2022 2488 2058 de-

1392 2090 1394 2102 =
1410 2073 1643 2121 ferebantur
1670 2083 1694 2108 a
1723 2083 1883 2120 corpore
1906 2073 1985 2110 eius
2011 2075 2179 2122 sudaria,
2209 2081 2243 2112 et
2270 2076 2493 2113 recedebant

1421 2127 1471 2163 ab
1490 2126 1542 2163 eis
1567 2125 1785 2175 languores.
1817 2127 1864 2162 Et
1885 2127 1937 2163 sic
1957 2127 2070 2164 etiam
2101 2128 2191 2165 nihil
2220 2130 2396 2178 prohibet
2423 2142 2492 2178 per

1422 2181 1592 2228 aliquem
1621 2187 1863 2229 peccatorem
1894 2182 2076 2218 miracula
2096 2183 2178 2219 fieri
2207 2183 2255 2220 ad
2283 2183 2492 2224 invocatio-

1423 2247 1514 2271 nem
1543 2234 1704 2270 alicuius
1734 2234 1874 2271 Sancti.
1906 2236 2015 2282 Quae
2045 2243 2173 2273 tamen
2203 2237 2384 2274 miracula
2415 2249 2492 2273 non

1413 2288 1559 2326 *dicitur
1587 2287 1646 2324 ille
1675 2288 1819 2325 facere:
1856 2289 1923 2325 sed
1952 2289 2011 2326 ille
2046 2289 2094 2326 ad
2124 2291 2230 2328 cuius
2259 2292 2492 2328 sanctitatem

1425 2342 1765 2380 demonstrandam
1787 2341 1799 2365 ζ
1828 2343 1923 2379 haec
1951 2343 2097 2380 fierent.
2619 2340 2634 2369 ζ

1479 2397 1538 2432 AD
1572 2407 1710 2432 PRIMUM
1744 2408 1843 2433 ERGO
1872 2408 2057 2434 morannum
2086 2397 2202 2446 quod,
2233 2397 2328 2434 sicut
2348 2398 2496 2447 supra*

1426 2449 1570 2487 dictum
1602 2457 1668 2496 est,
1699 2462 1786 2486 cum
1818 2450 1865 2487 de
1894 2451 2064 2488 oratione
2095 2459 2278 2499 ageretur,
2309 2452 2428 2488 oratio
2458 2452 2495 2488 in

1425 2503 1668 2552 impetr'ando
1698 2516 1778 2540 non
1808 2503 1976 2541 innititur
1995 2504 2142 2551 merito,
2165 2505 2231 2542 sed
2253 2505 2404 2542 divinae
2425 2506 2494 2542 mi-

1426 2556 1668 2603 sericordiae,
1699 2569 1799 2604 quae
1830 2557 1942 2594 etiam
1968 2559 2015 2595 ad
2036 2559 2159 2595 malos
2179 2571 2219 2594 se
2241 2559 2416 2596 extendit.
2447 2560 2495 2595 Et

2523 2403 2533 2413 ⁸
2557 2401 2605 2429 Qu.
2632 2405 2738 2425 mnu,

2523 2432 2565 2451 art.
2581 2427 2612 2450 16.

1384 2651 1390 2656 ,
1427 2611 1516 2649 ideo
1547 2610 1661 2647 etiam
1690 2611 1923 2660 quandoque
1951 2620 2198 2660 peccatorum
2228 2612 2346 2648 oratio
2367 2625 2389 2648 a
2408 2613 2493 2648 Deo

1429 2664 1639 2702 exauditur.
1670 2665 1781 2702 Unde
1810 2665 2042 2712 Augustinus
2072 2665 2171 2712 dicit,
2200 2677 2313 2714 super
2330 2667 2440 2702 Ioan.
2461 2665 2493 2712 ²⁸,
2524 2663 2719 2687 'Tm-XLW·

1431 2719 1538 2767 quod
1567 2718 1659 2754 illud
1684 2718 1840 2755 verbum
1875 2730 2009 2755 caecus
2044 2719 2188 2755 locutus
2219 2724 2273 2755 est
2298 2719 2408 2767 quasi
2432 2719 2496 2755 ad-

1429 2774 1503 2810 huc
1531 2772 1715 2817 inunctus,
1736 2771 1832 2808 idest
1860 2773 2034 2809 nondum
2063 2773 2226 2821 perfecte
2246 2772 2493 2809 illuminatus:

1431 2838 1521 2864 nam
1543 2831 1763 2874 peccatores
1785 2825 1941 2862 exaudit
1957 2827 2072 2862 Deus.
2103 2847 2126 2853 -
2157 2826 2273 2873 Quod
2294 2834 2420 2862 autem
2443 2825 2496 2862 di-

1432 2880 1526 2917 citur
1554 2879 1659 2927 quod
1689 2879 1810 2915 oratio
1839 2891 1913 2916 non
1942 2880 2162 2925 audientis⁷¹
2191 2879 2312 2929 legem
2341 2885 2394 2916 est
2411 2891 2495 2915 exe·
2621 2881 2637 2905 ’¹

1430 2933 1594 2978 erabilis,
1625 2932 1910 2980 intelligendum
1932 2941 1987 2969 est
2015 2940 2199 2981 quantum
2221 2941 2276 2969 est
2296 2945 2340 2969 ex
2360 2932 2495 2969 merito

1432 2986 1654 3036 peccatoris.
1677 2986 1754 3022 Sed
1776 2986 1966 3024 interdum
1986 2986 2162 3035 impetrat
2181 2999 2226 3023 ex
2240 2985 2497 3023 misericordia

1433 3041 1526 3077 Dei:
1556 3040 1618 3076 vel
1646 3047 1803 3088 propter
1830 3041 1990 3077 salutern
2012 3040 2092 3077 eius
2122 3040 2185 3088 qui
2205 3047 2297 3086 orat,
2318 3039 2413 3075 sicut
2431 3051 2496 3075 au—

1434 3094 1532 3132 ditus
1561 3100 1617 3130 est
1644 3093 1880 3141 publicanus,
1911 3101 1951 3130 ut
1979 3093 2113 3130 dicitur
2141 3094 2232 3130 Luc.
2258 3092 2407 3138 xvl11*;
2436 3093 2498 3128 vel

1434 3147 1548 3184 etiam
1587 3154 1743 3195 propter
1778 3147 1938 3183 salutem
1973 3147 2133 3183 aliorum
2163 3154 2199 3183 et
2227 3146 2384 3194 gloriam
2412 3145 2496 3182 Dei.

1487 3202 1546 3236 AD
1567 3211 1758 3236 SECUNDUM
1778 3212 1962 3237 DtCENDUM
1983 3200 2088 3247 quod
2107 3199 2204 3236 fides
2225 3199 2304 3235 sine
2320 3198 2500 3247 operibus

2527 3092 2536 3103 ¹
2549 3091 2617 3113 νει-ι.
2632 3096 2661 3120 13,
2677 3096 2708 3116 ¹4-

1407 3287 1409 3302 ,
1436 3253 1571 3290 dicitur
1599 3265 1682 3289 esse
1710 3259 1860 3289 mortua
1897 3261 2082 3300 quantum
2113 3252 2161 3289 ad
2190 3252 2315 3301 ipsum
2346 3252 2500 3289 creden-

1435 3314 1532 3353 tem,
1563 3306 1627 3354 qui
1656 3317 1724 3353 per
1753 3318 1838 3342 earn
1872 3318 1950 3342 non
1978 3305 2073 3343 vivit
2099 3305 2178 3342 vita
2205 3306 2357 3353 gratiae.
2395 3306 2500 3343 Nihil

1408 3402 1410 3416 Ι
1436 3367 1564 3396 autem
1593 3359 1770 3408 prohibet
1802 3359 1906 3407 quod
1935 3371 1995 3395 res
2022 3359 2113 3396 viva
2142 3367 2320 3408 operetur
2351 3371 2420 3408 per
2447 3359 2501 3395 in-

1437 3419 1689 3449 strumentum
1718 3420 1935 3449 mortuum:
1965 3412 2060 3449 sicut
2087 3413 2207 3449 homo
2228 3420 2407 3462 operatur
2433 3425 2503 3462 per

371 3528 397 3559 a)
413 3529 618 3559 perpetrantur.
631 3540 650 3545 —
667 3526 850 3558 impetrantur
867 3528 896 3557 P.
915 3529 1100 3561 importantur
1118 3530 1152 3554 H.

372 3563 396 3596 β)
413 3563 556 3594 possint.-
569 3565 700 3594 poterant
718 3562 817 3592 ABEF,
826 3567 958 3595 poterunt
976 3565 1049 3598 ILpK
1069 3570 1095 3590 et
1107 3572 1133 3595 a,
1142 3568 1294 3597 potuerunt
1312 3564 1386 3597 HpC.

370 3600 397 3632 γ)
422 3598 520 3624 Transi
542 3598 611 3626 hinc,
631 3601 697 3623 et.-
718 3597 815 3623 Transi
838 3601 866 3623 et
889 3599 950 3624 hinc
973 3600 1135 3634 ABEFKpC‚
1159 3600 1257 3626 Transi
1274 3600 1336 3625 hinc
1354 3600 1385 3631 D,

322 3634 446 3660 Transite
464 3638 491 3659 et
508 3634 647 3665 (transibit
664 3634 737 3665 hinc)
756 3634 789 3658 H.

1490 3526 1516 3559 δ)
1535 3534 1621 3560 quem.
1633 3541 1652 3547 ·-
1670 3534 1749 3559 quam
1769 3527 1842 3552 PHa.

1491 3563 1514 3595 ε)
1535 3562 1781 3587 demonstrandam.
1794 3576 1812 3581 —
1831 3562 2043 3588 denuntiandam
2063 3564 2109 3589 Pa.

1491 3598 1517 3630 ζ)
1537 3598 1784 3624 demonstrandam.
1796 3612 1815 3617 -
1833 3598 2045 3624 denuntiandam
2065 3598 2122 3624 Pla.

1493 3635 1520 3667 η)
1540 3634 1684 3660 audientis.
1695 3647 1715 3653 -
1731 3634 1904 3659 exaudientis
1922 3634 2114 3660 ABCEFHKL.
