2612 4178
2306 267 2403 292 xxvil

179 335 383 382 zianzeni,
419 346 550 389 super
581 333 726 374 Exod.
763 346 854 387 cap.
890 345 1040 381 XXX111,
1077 333 1133 373 ad
1167 333 1314 381 verba,
1357 351 1371 369 «
1404 346 1492 374 non
1529 333 1691 388 poteris
1725 333 1874 374 videre
1909 333 2061 375 faciem
2096 348 2238 376 meam
2270 354 2283 372 »
2326 343 2403 378 etc.

181 397 307 451 (vers.
345 397 432 452 20),
468 397 575 438 haec
609 395 758 437 habet:
802 413 815 432 x
848 395 1007 436 Filium
1042 396 1126 437 Dei
1161 395 1304 437 visum
1338 410 1364 437 a
1398 396 1598 437 Patribus
1631 397 1941 452 approbamus,
1978 404 2024 438 ut
2057 411 2146 439 non
2186 405 2326 440 totum
2362 400 2403 440 in

179 460 265 508 illo,
301 460 423 514 quod
458 461 582 500 Deus
621 466 698 507 est,
734 459 974 507 videretur,
1010 460 1089 500 sed
1124 465 1170 500 ut
1204 459 1516 514 dispositiones
1550 473 1692 501 rerum
1726 460 1984 509 futurarum,
2021 474 2134 515 quae
2177 462 2266 502 suis
2309 463 2404 517 qui-

179 523 352 578 busque
386 522 658 578 temporibus
693 522 980 577 complendae
1015 529 1145 572 erant,
1183 523 1223 562 in
1259 522 1331 563 illo
1366 535 1444 578 per
1475 522 1711 579 imaginem
1753 530 2029 564 cernerentur
2060 541 2092 565 ›.
2135 525 2284 566 Verba
2324 526 2405 566 ista

178 586 458 627 inveniuntur
492 586 533 626 in
568 585 678 626 libro
713 584 766 625 de
787 585 898 626 Filii
926 586 1170 627 Divinitate
1204 588 1247 626 et
1282 585 1751 635 Consubstantialitate,
1781 600 1858 627 seu
1893 587 1946 628 a'e
1975 586 2086 627 Fide
2125 588 2400 637 Orthoa'oxa,

177 649 287 690 inter
321 650 469 704 Opera
501 648 778 703 supposititia
813 648 857 690 S.
884 649 1086 705 Gregorii
1121 649 1394 698 Nazianzeni‚
1422 663 1512 704 cap.
1549 650 1746 698 x‘111‚.ubi
1782 650 1910 691 etiam
1947 650 2120 691 inferius
2145 651 2206 692 sic
2231 651 2402 693 dicitur:

185 730 199 748 ‹
231 712 333 753 Non
369 713 484 754 enim
518 712 579 752 sic
614 711 814 762 humanis
837 713 1086 767 aspectibus
1111 713 1328 753 revelatus
1354 719 1429 761 est,
1455 719 1501 753 ut
1524 719 1615 754 tota
1650 713 1691 754 in
1717 714 1788 754 illo
1813 714 1951 755 deitas
1975 721 2212 769 appareret,
2245 715 2322 756 sed
2347 714 2402 755 ad

177 776 319 816 vicem
343 775 519 831 speculi,
545 789 644 816 cum
668 782 905 830 conceptos
942 777 1050 817 intra
1071 776 1213 817 lucem
1237 789 1362 816 suam
1386 776 1531 817 vultus
1566 777 1689 831 quasi
1714 777 1769 818 ad
1793 777 1965 832 plenam
2001 777 2189 833 effigiem
2214 778 2403 819 hominis

176 838 367 888 includit,
403 839 461 879 ita
495 839 733 880 maiestatis
768 839 860 879 eius
894 845 1129 894 praeeunte
1163 839 1346 895 fulgore,
1372 839 1481 880 intra
1515 839 1558 879 id
1593 839 1735 880 visum
1763 847 1845 887 est,
1871 841 1993 895 quod
2029 841 2262 897 imaginem
2289 841 2402 882 veri-

176 902 288 952 tatis,
325 915 414 943 non
451 902 593 957 ipsum
627 903 774 944 Deum
809 902 983 957 proprie
1018 901 1291 942 demonstrat
1321 920 1354 942 ».
1539 896 1543 899 ’

305 965 389 1018 Qu.
425 977 588 1014 CLXXV,
624 972 700 1007 art.
732 979 766 1014 1,
791 979 884 1022 arg.
926 978 960 1007 1.
1003 983 1016 1000 ι
1048 964 1267 1006 Definitur
1301 965 1415 1005 enirn
1450 979 1475 1006 a
1509 965 1774 1020 quibusdam
1810 973 1978 1021 raptus:
2013 968 2086 1009 Ab
2113 981 2161 1008 eo
2192 967 2312 1021 quod
2340 970 2408 1008 est

174 1029 414 1070 secundum
447 1032 676 1078 naturam,
711 1030 755 1070 in
790 1028 841 1070 id
868 1027 988 1083 quod
1022 1030 1090 1068 est
1122 1029 1262 1082 supra
1300 1030 1532 1075 naturam,
1568 1029 1616 1069 vi
1651 1029 1890 1083 superioris
1928 1033 2118 1072 naturae
2157 1031 2337 1071 elevatio
2368 1049 2402 1072 ».

175 1091 337 1134 Iisdem
372 1093 519 1134 verbis
553 1092 731 1148 ponitur
762 1097 910 1146 raptus
945 1090 1141 1132 definitio
1177 1104 1202 1131 a
1236 1090 1292 1131 D.
1324 1090 1499 1131 Thoma
1531 1091 1582 1132 In
1618 1091 1674 1131 ll.
1715 1091 1823 1140 Cor„
1861 1106 1954 1148 cap.
1989 1106 2062 1142 X11,
2088 1095 2182 1134 lect.
2207 1107 2233 1142 1,
2259 1100 2300 1134 et
2333 1094 2404 1135 De

181 1156 335 1204 Verit.,
372 1170 444 1211 qu.
480 1168 579 1204 xm,
614 1162 690 1198 art.
725 1167 752 1204 1,
787 1167 878 1210 arg.
921 1166 956 1202 1,
991 1153 1065 1194 ubi
1101 1154 1357 1208 praemittit:
1407 1171 1420 1190 α
1452 1154 1726 1194 Describitur
1765 1162 1910 1196 autem
1952 1170 1977 1197 a
2018 1157 2240 1213 Magistris
2275 1157 2336 1197 sic
2368 1175 2401 1198 ».

177 1219 340 1261 Glossa
373 1219 616 1271 Ordinaria,
651 1224 695 1260 et
727 1217 1020 1265 Lombardus,
1061 1216 1289 1258 Collectan.
1324 1217 1368 1257 in
1403 1217 1459 1257 ll.
1496 1217 1560 1258 ad
1593 1217 1706 1266 Cor„
1744 1232 1835 1274 cap.
1871 1231 1943 1268 ΧΠ,
1977 1233 2089 1261 vers.
2128 1232 2190 1269 2.,
2227 1223 2401 1275 raptum

176 1282 411 1338 explicant*
433 1300 447 1319 ‹
478 1288 629 1324 contra
662 1286 859 1323 naturam
896 1276 1179 1327 elevatum'»,
1216 1279 1318 1320 nihil
1353 1280 1469 1321 aliud
1504 1280 1768 1322 adiicientes.

302 1345 387 1399 Qu.
412 1357 607 1394 CLXXXV,
627 1350 704 1385 art.
726 1355 765 1399 7,
790 1357 880 1399 arg.
908 1356 942 1384 1.
973 1361 987 1379 ‹
1014 1343 1133 1384 Dicit
1156 1343 1270 1384 enirn
1295 1343 1573 1393 Ambrosius,
1599 1358 1826 1399 exponens
1850 1345 1953 1386 illud
1977 1346 2083 1387 Luc.
2103 1359 2173 1395 ΧΠ,
2197 1346 2403 1386 Hominis

174 1408 406 1456 cuiusdam
420 1407 568 1450 divitas
582 1407 737 1450 uberes
746 1405 932 1462 fructus
948 1419 1060 1461 ager
1074 1406 1242 1448 attulit:
1265 1406 1407 1448 Nemo
1421 1407 1656 1462 proprium
1673 1407 1796 1450 dicat
1813 1407 1933 1462 quod
1949 1411 2016 1450 est
2034 1422 2280 1450 commune:
2294 1408 2403 1463 plus

173 1485 309 1527 quam
330 1470 529 1527 sufficiat
544 1470 748 1526 sumptui,
767 1469 978 1511 violenter
997 1469 1214 1513 obtentum
1238 1472 1312 1511 est.
1338 1470 1395 1511 Et
1412 1476 1567 1525 postea
1590 1471 1753 1512 subdit:
1778 1471 1934 1526 Neque
1955 1472 2101 1513 minus
2123 1475 2190 1513 est
2206 1472 2403 1513 criminis

150 1529 358 1577 'habenti
384 1534 534 1590 tollere
565 1546 711 1588 quam,
737 1546 835 1575 cum
859 1533 1008 1589 possis
1029 1535 1073 1574 et
1102 1532 1315 1582 abundas,
1339 1533 1558 1587 denegare
1579 1533 1872 1589 indigentibus
1901 1553 1934 1576 ».
1971 1535 2105 1590 Apud
2132 1535 2400 1583 Gratianum,

174 1611 269 1643 ean.
292 1590 494 1645 Sicut'hi,
516 1597 613 1639 dist.
633 1597 812 1646 XLVII,
836 1595 897 1638 sic
921 1596 1095 1653 legitur:
1125 1597 1362 1651 Proprium
1386 1610 1510 1638 nemo
1532 1596 1653 1639 dicat
1671 1597 1790 1652 quod
1806 1601 1873 1639 est
1892 1611 2125 1646 commune,
2138 1598 2245 1654 plus
2267 1611 2400 1652 quam

170 1659 398 1717 sufficeret
423 1663 647 1716 sumptum
680 1663 725 1701 et
751 1659 964 1702 violenter
997 1659 1216 1701 obtentum
1255 1662 1330 1701 est.
1366 1659 1589 1701 Invenitur
1622 1660 1664 1702 in
1711 1661 1902 1715 quadarn
1944 1661 2123 1703 homilia
2156 1675 2288 1717 quam
2324 1662 2401 1703 ali-

172 1723 354 1780 quando
391 1723 646 1773 Ambrosio,
681 1722 919 1780 aliquando
943 1723 1106 1765 Basilio
1131 1722 1351 1764 adiudicat
1374 1722 1420 1764 S.
1444 1723 1654 1765 Thomas.
1681 1723 1764 1777 Qu.
1794 1737 1918 1766 XXXII
1940 1725 2068 1766 huius
2097 1724 2232 1774 Libri,
2257 1731 2331 1766 art.
2360 1724 2399 1774 5,

171 1786 229 1829 ad
265 1800 305 1836 2,
331 1787 551 1844 quaedam
586 1801 640 1829 ex
675 1801 728 1829 ea
761 1788 911 1835 citans,
935 1786 1187 1842 praemittit:
1231 1804 1245 1822 ‹
1278 1785 1409 1828 Unde
1433 1786 1620 1828 Basilius
1655 1787 1758 1828 dicit
1789 1802 1822 1837 ›;
1858 1795 1900 1829 et
1926 1787 1967 1829 in
1999 1788 2083 1829 fine
2116 1788 2255 1829 addit:
2300 1806 2313 1825 α
2345 1789 2402 1829 Et

171 1848 257 1892 hoc
281 1849 414 1892 idern
434 1850 537 1892 dicit
561 1850 842 1899 Ambrosius,
868 1850 908 1891 in
931 1850 1117 1897 Decret„
1144 1849 1241 1890 dist.
1265 1849 1432 1891 XLVII
1462 1867 1495 1891 ι.
1521 1850 1658 1891 Notat
1680 1850 1935 1907 Friedberg,
1960 1864 2052 1893 can.
2079 1851 2222 1900 citato,
2249 1866 2288 1893 n.
2317 1862 2398 1906 72:

177 1931 193 1951 ‹
226 1914 498 1956 Abiudicant
531 1918 746 1955 canonem
782 1912 1023 1955 Ambrosio
1049 1912 1162 1954 Edd.
1187 1912 1396 1953 Maurini:
1432 1912 1511 1953 sed
1536 1913 1712 1954 Berard.
1738 1914 1807 1962 III,
1833 1926 1905 1966 41.
1931 1921 1973 1955 et
1995 1914 2223 1957 Ambrosii
2248 1921 2290 1956 et
2313 1915 2398 1956 Ba-

170 1977 253 2020 silii
288 1991 386 2020 esse
420 1977 510 2018 iure
546 1976 781 2025 contendit,
807 1989 997 2032 quorum
1027 1977 1145 2032 prior
1175 1975 1321 2016 Basilii
1356 1975 1504 2017 homil.
1529 1976 1584 2017 ad
1610 1976 1690 2018 Ev.
1715 1977 1863 2018 Lucae
1893 1976 1943 2031 (c.
1967 1990 2039 2027 Xn,
2064 1991 2105 2020 ν.
2138 1978 2206 2033 16)
2232 1978 2274 2018 in
2303 1978 2397 2019 lati-

170 2054 277 2082 num
296 2053 546 2082 sermonem
570 2040 787 2082 transtulit
815 2058 848 2081 ›.
874 2039 1038 2081 Videre
1062 2046 1128 2080 est
1151 2039 1260 2080 inter
1284 2039 1432 2094 Opera
1456 2039 1502 2081 S.
1522 2039 1760 2089 Ambrosii,
1779 2040 1918 2081 Serm.
1939 2040 2096 2090 LXIV,
2119 2041 2171 2083 al.
2195 2041 2396 2090 LXXXI,

169 2103 224 2145 de
265 2104 473 2159 Tempore
505 2103 899 2160 (typographorum
923 2116 1068 2144 errore
1103 2102 1317 2143 indicatur
1350 2101 1490 2143 Serm.
1519 2103 1716 2157 LXVI),
1741 2103 1815 2144 ubi
1854 2103 1916 2144 sic
1949 2103 2124 2160 legitur:
2159 2105 2396 2160 Proprium

170 2179 296 2208 nemo
328 2166 451 2208 dicat
485 2165 605 2220 quod
631 2180 655 2208 e
685 2166 906 2208 communi
926 2165 1034 2221 plus
1065 2178 1198 2220 quam
1236 2164 1460 2220 sufficeret
1493 2168 1716 2220 sumptum
1750 2169 1794 2207 et
1820 2166 2032 2207 violenter
2068 2167 2285 2208 obtentum
2320 2171 2395 2210 est.

170 2229 308 2286 Apud
330 2230 376 2272 S.
401 2229 611 2272 Basilium
645 2229 900 2271 intitulatur:
950 2246 964 2265 ‹
997 2227 1191 2270 Homilia
1231 2228 1273 2268 in
1315 2227 1418 2268 illud
1462 2227 1623 2270 dictum
1663 2229 1893 2286 Evangelii
1934 2230 2179 2273 secundum
2215 2231 2395 2280 Lucam,

168 2293 414 2334 Destruam
446 2292 609 2333 horrea
642 2305 740 2333 mea
774 2298 854 2334 etc.
887 2310 901 2328 »

297 2355 383 2409 Qu.
419 2366 616 2404 CLXXXV,
650 2361 727 2398 art.
765 2367 804 2410 7,
839 2369 930 2411 arg.
966 2354 1007 2396 3.
1049 2372 1063 2391 ‹
1091 2354 1391 2409 Hieronymus
1416 2353 1519 2396 dicit
1543 2355 1582 2396 in
1608 2355 1809 2410 Epistola
1831 2355 2167 2410 ad Damasum
2200 2357 2397 2412 Papam:

163 2418 363 2461 ‘Clericos
394 2418 493 2460 illos
525 2419 725 2459 convenit
741 2417 968 2474 stipffldiis
988 2417 1213 2459 Ecclesiae
1244 2418 1494 2465 sustentari,
1527 2418 1685 2472 quibus
1708 2421 1948 2474 parentum
1982 2423 2026 2461 et
2046 2420 2396 2476 propinquorum

168 2482 282 2524 bona
315 2481 440 2523 nulla
473 2481 807 2537 suffragantur:
839 2482 919 2537 qui
946 2484 1094 2522 autem
1128 2481 1251 2522 bonis
1273 2484 1516 2536 parentum
1549 2485 1593 2523 et
1622 2482 1773 2538 opibus
1797 2483 1996 2538 propriis
2026 2485 2270 2525 sustentari
2288 2487 2395 2539 pos-

166 2549 285 2594 sunt,
319 2546 363 2587 si
397 2544 518 2599 quod
543 2547 796 2600 pauperum
837 2548 917 2593 est,
954 2545 1189 2600 accipiunt,
1224 2545 1506 2599 sacrilegmm
1540 2539 1777 2588 inc'urrunt
1803 2564 1836 2588 ».
1879 2547 1943 2588 Ita
1977 2546 2105 2588 etiam
2142 2547 2394 2598 Gratianus,

169 2610 300 2652 Caus.
335 2609 365 2658 I,
401 2622 474 2664 qu.
508 2620 550 2656 11,
587 2621 679 2650 can.
708 2608 904 2657 Clem’cos,
941 2614 984 2650 et
1008 2609 1138 2650 Caus,
1163 2608 1281 2656 XVI,
1306 2622 1378 2663 qu.
1414 2622 1438 2657 1,
1475 2622 1567 2650 can.
1595 2609 1827 2662 Quoniam,
1844 2610 1927 2651 -ubi
1951 2610 2157 2665 repetitur
2179 2624 2270 2651 can.
2301 2611 2394 2652 Cle-

169 2674 292 2715 ricos.
332 2673 380 2713 In
413 2671 618 2728 genuinis
652 2672 913 2727 Hieronymi
947 2672 1116 2727 scriptis
1151 2671 1254 2713 nihil
1289 2672 1372 2713 tale
1407 2672 1611 2714 habetur:
1646 2672 1726 2714 sed
1754 2672 1802 2715 in
1830 2686 1921 2728 cap.
1946 2685 1990 2713 1v
2013 2673 2213 2727 Regulae
2234 2674 2392 2715 Mona-

168 2737 319 2783 cltalis,
356 2735 467 2776 inter
490 2735 638 2790 Opera
661 2735 949 2790 supposititia,
975 2734 1145 2776 dicitur:
1188 2752 1203 2771 ι
1230 2735 1385 2776 Clerici
1419 2748 1611 2790 quoque,
1638 2735 1711 2790 qui
1735 2735 1791 2777 de
1814 2736 1944 2777 bonis
1966 2742 2193 2791 parentum
2228 2744 2393 2778 susten-

168 2800 247 2842 tari
280 2804 478 2855 possunt,
515 2798 550 2838 si
585 2797 693 2852 quid
727 2811 967 2853 pauperum
1002 2798 1231 2853 accipiunt,
1266 2797 1543 2854 sacrilegium
1577 2799 1772 2854 profecto
1808 2800 2087 2840 committunt
2117 2817 2149 2840 ».

219 2904 222 2907 .
296 2862 382 2916 Qu.
417 2873 644 2909 CLXXXVII,
679 2867 754 2902 art.
792 2860 832 2910 5,
867 2875 956 2917 arg.
993 2861 1089 2903 SED
1124 2873 1321 2903 CONTRA.
1370 2879 1384 2897 ‹
1418 2862 1716 2916 Hieronymus
1750 2861 1853 2903 dicit
1887 2863 1928 2903 in
1964 2861 2154 2916 quadam
2190 2862 2390 2917 epistola:

169 2927 292 2968 Cave
322 2939 389 2973 ne,
414 2924 611 2966 Domino
646 2930 721 2965 tuo
757 2923 1044 2973 mendicante,
1069 2924 1233 2965 alienas
1268 2924 1442 2966 divitias
1477 2938 1690 2981 congeras
1722 2942 1755 2966 ».
1790 2926 1884 2966 Nec
1918 2925 1960 2966 in
1996 2925 2204 2980 epistolis,
2235 2939 2314 2967 nec
2349 2926 2391 2967 in

168 2989 262 3032 aliis
295 2989 351 3031 D.
374 2987 637 3042 Hieronymi
671 2987 889 3042 operibus,
915 2987 1010 3028 sive
1034 2987 1238 3043 genuinis
1261 2988 1355 3029 sive
1389 2987 1688 3043 supposititiis,
1713 2987 1835 3043 quod
1864 2987 1932 3029 hic
1959 2988 2113 3030 citatur
2139 2989 2389 3044 reperimus.

167 3053 216 3094 In
252 3051 520 3094 editionibus
554 3050 761 3092 omnibus
795 3063 906 3105 quas
939 3049 1142 3099 vidimus,
1177 3050 1347 3106 absque
1381 3051 1522 3092 indice
1556 3051 1743 3106 ponitur.

296 3115 380 3168 Qu.
417 3126 629 3162 CLXXXIX,
653 3119 728 3155 art.
767 3125 806 3162 2,
842 3127 933 3169 arg.
971 3126 1009 3154 2.
1052 3131 1067 3150 ‹
1099 3113 1342 3170 Gregorius
1377 3114 1480 3155 dicit
1511 3114 1554 3155 in
1586 3114 1802 3168 Registro,
1829 3120 1872 3155 et
1904 3113 2088 3155 habetur
2110 3114 2151 3154 in
2177 3114 2388 3163 Decretis,

169 3178 266 3220 dist.
302 3177 440 3227 XLV,
475 3176 600 3232 quod
633 3176 794 3225 Iudaei,
830 3189 918 3218 non
952 3176 1008 3225 vi,
1044 3176 1123 3218 sed
1148 3176 1292 3218 -libera
1325 3177 1551 3218 voluntate
1574 3184 1621 3218 ut
1643 3183 1951 3219 convertantur
1984 3175 2196 3218 suadendi
2230 3183 2331 3218 sunt
2354 3196 2387 3219 ».

170 3240 244 3282 Sic
275 3241 436 3297 legitur
468 3241 511 3281 in
544 3253 638 3282 can.
671 3241 743 3281 De
773 3239 966 3287 ludaeis,
1004 3239 1100 3281 dist.
1136 3240 1284 3289 XLV,
1321 3253 1374 3280 ex
1408 3240 1626 3281 Toletano
1661 3240 1862 3281 Concilio
1896 3239 1980 3288 IV,
2018 3253 2110 3294 cap.
2144 3251 2231 3280 Lv1.
2274 3240 2389 3293 Quia

168 3315 277 3344 vero
311 3317 452 3345 canon
486 3302 737 3345 immediate
770 3303 1038 3359 praecedens
1073 3316 1126 3344 ex
1155 3303 1338 3358 epistola
1361 3302 1550 3357 quadam
1587 3299 1790 3358 Gregorii
1812 3302 1875 3343 IV
1899 3302 2154 3358 desumptus
2189 3308 2266 3357 est,
2296 3316 2387 3344 me-

169 3366 251 3407 rito
286 3366 499 3408 coniicere
533 3367 632 3408 licet
664 3366 724 3407 ob
757 3366 871 3408 hanc
901 3366 1115 3407 rationem
1150 3373 1192 3407 et
1226 3365 1355 3406 istum
1387 3365 1460 3406 De
1480 3365 1657 3406 ludaeis
1689 3379 1714 3406 a
1747 3366 1802 3406 D.
1828 3364 2002 3406 Thoma
2034 3371 2243 3420 tanquam
2277 3366 2387 3407 Gre-

169 3428 282 3486 gorii
315 3428 512 3470 habitum
544 3442 654 3478 esse,
689 3429 944 3484 praesertim
967 3443 1065 3470 cum
1093 3429 1173 3469 iste
1197 3428 1336 3469 simile
1370 3428 1550 3469 omnino
1585 3428 1710 3477 dicat,
1733 3427 1900 3482 Regist.
1929 3428 2003 3469 lib.
2027 3429 2056 3479 Ι,
2093 3428 2215 3483 epist.
2250 3441 2384 3478 XLVH,

170 3492 238 3539 al.,
255 3503 361 3539 XLV,
384 3491 461 3538 ad
489 3491 726 3546 Wrgilzum
755 3487 1074 3541 Arelatensem,
1111 3495 1155 3532 et
1193 3490 1463 3532 Theodorum
1498 3490 1818 3532 Massiliensem
1850 3490 2128 3546 Episcopum.

281 3554 382 3607 qu.
418 3561 669 3603 cxx1v3¹mrt.
705 3567 745 3607 4,-
782 3556 1031 3597 Comment.
1067 3568 1184 3596 num.
1218 3566 1306 3596 vm.
1349 3571 1364 3590 ‹
1391 3553 1520 3596 Unde
1556 3553 1611 3595 de
1646 3554 1805 3603 Christi
1829 3554 2036 3609 passione
2071 3554 2225 3595 dicitur
2258 3554 2383 3594 illud:

169 3617 299 3663 Actio
331 3608 906 3677 displicuitisjffidsjszb,grata
927 3618 1028 3673 fuit
1053 3636 1087 3659 ›.
1124 3618 1169 3659 S.
1194 3617 1403 3665 Thomas,
1430 3618 1467 3659 ΙΙ
1494 3617 1631 3665 Sent„
1650 3658 1653 3662 ,
1669 3612 1769 3659 disti
1793 3626 1864 3667 XL,
1890 3631 1962 3671 qu.
1996 3631 2021 3665 1,
2047 3623 2122 3673 art.
2159 3629 2209 3670 4,
2229 3630 2317 3672 arg.
2349 3630 2382 3664 1,

171 3680 288 3721 idem
321 3680 443 3721 affert
467 3679 650 3728 dictum,
670 3680 815 3722 tacito
850 3681 1037 3722 auctoris
1072 3681 1260 3722 nomine.
