2768 4198
69 930 80 940 ⁵
120 935 142 950 u.
163 934 219 954 cuv,
239 932 280 949 art.

68 962 110 1004 ἴῃ
134 955 280 986 ι,.-(ξῐ..Αιι8.

78 988 112 1004 oe.
129 985 167 1003 cit.
182 981 238 1003 ibid.

70 1332 78 1342 ·
92 1331 168 1353 Etnic.
186 1330 225 1352 lib.
242 1331 282 1357 111,

69 1363 227 1406 gafiibvrnsqu.

70 1420 80 1430 ⁸
93 1400 144 1441 Lib:
160 1400 200 1441 V?

71 1464 80 1474 ·
91 1463 142 1485 Lib.
150 1463 192 1491 Vl,
201 1469 250 1491 cap.
260 1469 281 1484 v.

72 1600 126 1621 ‘Ad
142 1600 225 1621 obiect.
241 1599 283 1621 ιθ111

72 1631 133 1648 cont.
149 1626 252 1648 conclus.
263 1632 283 1647 2.

81 3034 90 3043 ⁴
104 3033 169 3055 Vers.
185 3039 213 3055 21.

81 3139 91 3149 ⁸
104 3138 170 3160 Vera.
185 3145 212 3167 ¹3·

82 3243 91 3253 ⁴
105 3243 178 3271 Epist.
194 3243 254 3265 vm.

82 3296 91 3306 ⁸
107 3295 133 3316 D.
149 3301 196 3323 9¹⁰·

309 325 385 362 270

309 393 482 424 attenditur
511 402 607 433 penes
638 392 773 422 modum
803 390 1032 428 cuiuscumque
1061 394 1149 417 actus
1179 385 1372 421 secundarii,

310 437 364 468 sed
388 447 485 477 penes
513 437 649 467 modurn
673 443 759 466 actus
791 433 982 474 principalis.
1016 432 1056 461 Et
1080 431 1155 471 quia
1179 440 1245 460 non
1269 429 1375 460 omnis

309 481 432 512 virtutis
456 487 543 512 actus
567 480 749 521 principalis
773 477 914 509 consistit
936 476 967 506 in
992 475 1191 510 refrenando,
1212 474 1284 504 ideo
1309 483 1375 504 non

310 526 416 556 omnis
439 526 537 556 virtus
566 524 748 564 adiungitur
780 520 1013 561 temperantiae.
1051 518 1259 549 Liberalitatis
1290 518 1375 548 enim

310 577 397 601 actus
414 569 594 610 principalis
618 578 684 598 non
706 567 739 597 in
756 565 953 600 refrenando,
972 564 1026 594 sed
1050 563 1081 593 in
1102 562 1276 594 emittendo
1301 572 1376 593 con—

310 614 406 650 sistit;
432 621 462 644 et
486 612 678 643 fortitudinis
707 617 794 641 actus
818 608 998 649 principalis
1029 617 1095 638 non
1120 607 1152 637 in
1177 606 1376 642 refrenando,

310 658 364 688 sed
387 658 419 687 in
443 657 598 687 firmando
616 654 771 690 consistit;
797 653 933 683 iustitiae
949 658 1037 683 actus
1062 651 1242 692 principalis
1259 651 1291 681 in
1309 651 1375 681 red-

310 702 415 733 dendo
439 701 526 732 alteri
549 710 644 731 suurn
669 698 820 729 consistit.
845 716 848 720 ι

365 746 415 776 Ad
439 746 566 775 tertium
590 743 704 774 dicitur
727 742 815 783 quod
838 741 883 771 ira
907 747 953 771 est
969 740 1099 770 materia
1123 739 1307 770 secundaria
1332 749 1377 769 re-

310 797 418 831 spectu
443 787 715 828 concupiscentiae
740 785 870 817 carnalis
887 792 922 815 ut
946 791 1081 825 utraque
1104 784 1199 814 habet
1221 784 1378 814 rationem

310 833 512 864 refrenabilis.
537 832 699 869 Quoniam
715 829 873 860 difficilior
889 836 935 860 est
957 828 1134 859 moderatio
1151 828 1379 869 concupiscen-

309 878 379 914 tiae,
395 878 427 907 in
451 887 515 917 qua
538 883 584 906 est
599 877 752 906 continua
769 884 887 915 pugna
912 879 942 904 et
965 883 1044 904 rara
1062 874 1208 911 victoria,
1226 880 1262 903 ut
1285 882 1379 913 supe-

309 922 372 953 rius
388 922 405 941 *
429 921 549 951 dictum
574 926 629 951 est.
655 920 747 951 Unde
777 919 849 949 licet
872 918 918 948 ira
941 928 1006 948 non
1038 917 1264 948 subordinetur
1287 917 1378 947 abso-

308 967 374 997 lute
391 964 665 1005 concupiscentiae
682 963 808 999 carnali,
821 963 1015 1003 inquantum
1030 969 1137 993 tamen
1154 961 1378 1002 temperabilis,

308 1010 533 1041 subordinatur
556 1009 615 1040 sibi
639 1016 674 1039 ut
697 1008 804 1038 minus
828 1007 1010 1048 principalis
1033 1006 1210 1047 principali.
1239 1007 1280 1037 Et
1303 1016 1378 1047 pro—

308 1062 414 1095 pterea
437 1053 652 1084 mansuetudo
680 1052 863 1093 adiungitur
891 1051 1116 1092 temperantiae
1141 1058 1175 1082 ut
1208 1051 1307 1082 virtus
1331 1061 1379 1081 se—

308 1099 458 1130 cundaria
482 1097 657 1139 principali.

363 1144 413 1174 Ad
429 1148 581 1184 quartum
599 1141 712 1172 dicitur
728 1141 816 1182 quod
833 1140 998 1171 manifeste
1021 1146 1108 1180 patet
1131 1139 1309 1170 Aristotelis
1333 1149 1381 1170 or—

308 1188 417 1218 dinem
450 1197 516 1218 non
541 1186 678 1226 exegisse
702 1192 738 1216 ut
772 1185 868 1216 simul
893 1195 968 1215 cum
990 1184 1105 1215 virtute
1129 1184 1295 1224 principali
1318 1191 1380 1215 tra-

309 1239 405 1263 ctaret
429 1232 468 1262 de
491 1232 650 1262 adiuncta.
675 1230 840 1268 Quoniam
864 1229 926 1260 alio
950 1229 1104 1270 processit
1128 1228 1252 1259 ordine:
1276 1229 1380 1269 primo

309 1283 444 1308 tractans
467 1277 507 1307 de
534 1275 704 1306 virtutibus
737 1275 817 1305 circa
848 1274 1013 1315 passiones
1037 1274 1076 1304 ad
1106 1273 1381 1304 conservationem

309 1321 470 1352 humanae
500 1320 598 1356 vitae,
623 1319 740 1350 scilicet
764 1318 950 1349 fortitudine
979 1325 1010 1349 et
1038 1317 1247 1358 temperantia
1267 1317 1302 1354 *;
1329 1318 1380 1348 de-

310 1366 383 1396 inde
408 1366 445 1395 de
462 1365 531 1395 aliis
547 1365 586 1394 ad
603 1363 788 1394 secundaria
811 1363 896 1393 bona
912 1370 942 1393 et
957 1362 1040 1392 mala
1064 1362 1279 1403 spectantibus
1294 1362 1327 1398 *;
1352 1369 1383 1393 et

310 1417 384 1451 post
408 1410 446 1439 de
470 1409 601 1445 iustitia,
627 1417 709 1449 quae
733 1407 813 1438 circa
837 1407 1039 1448 operationes
1063 1407 1102 1437 ad
1126 1407 1261 1437 alterum
1287 1413 1333 1437 est
1348 1407 1381 1443 *;

311 1461 342 1486 et
365 1455 497 1485 demum
521 1454 559 1483 de
582 1452 795 1493 prudentia*;
821 1458 856 1482 ut
886 1459 972 1492 patet
995 1451 1028 1481 in
1051 1461 1203 1491 processu
1227 1451 1382 1482 librorum

311 1499 510 1530 Ethicorum.

368 1543 420 1573 111.
446 1543 481 1572 In
504 1541 713 1582 responsione
744 1541 783 1570 ad
806 1540 949 1580 primum
972 1540 1116 1571 eiusdem
1139 1540 1220 1570 tertii
1251 1539 1384 1577 articuli,

312 1587 447 1618 dubium
471 1597 508 1616 ex
531 1586 669 1616 Martino
700 1585 853 1621 occurrit,
878 1584 996 1615 ibidem
1015 1585 1049 1621 *,
1075 1590 1185 1615 contra
1208 1586 1383 1615 Auctorem

311 1632 344 1662 in
360 1632 418 1662 hac
434 1630 594 1661 solutione
611 1636 761 1670 arguente
778 1629 930 1659 dicendo:
956 1629 1043 1659 Haec
1063 1627 1182 1659 solutio
1199 1639 1264 1659 non
1281 1629 1384 1669 placet

312 1676 401 1706 mihi.
430 1676 518 1706 Tum
549 1674 624 1716 quia
654 1684 720 1704 non
746 1674 839 1704 solvit
870 1674 908 1703 de
940 1673 1199 1709 mansuetudine,
1224 1683 1306 1714 quae
1338 1681 1384 1704 est

312 1721 406 1752 etiam
430 1719 625 1750 moderativa
648 1727 836 1758 poenarum,
854 1724 884 1748 et
908 1727 974 1747 non
998 1718 1104 1748 solum
1128 1718 1257 1748 irarum.

367 1765 459 1795 Tum
472 1763 547 1804 quia
571 1762 738 1794 clementia
762 1772 827 1791 non
845 1762 952 1792 solum
977 1761 1049 1792 facit
1065 1761 1232 1792 hominem
1249 1771 1315 1792 non
1339 1762 1385 1792 uti

311 1815 465 1850 potestate
488 1818 562 1843 sua,
587 1807 640 1837 sed
667 1806 762 1837 etiam
787 1815 853 1836 non
876 1805 962 1836 abuti
993 1805 1066 1835 illa:
1097 1816 1171 1836 cum
1202 1813 1386 1846 opponatur

311 1852 487 1884 crudelitati
511 1851 652 1882 abutenti
676 1856 840 1890 potestate.

367 1898 416 1927 Ad
440 1896 580 1936 primum
604 1895 721 1925 horum
745 1893 859 1924 dicitur
874 1894 963 1934 quod
987 1893 1105 1923 mirum
1122 1900 1168 1924 est
1191 1894 1230 1923 de
1246 1893 1307 1923 isto
1325 1893 1382 1923 ho-

311 1942 396 1972 mine
411 1940 551 1980 exigente
568 1950 585 1969 a
604 1938 812 1978 responsione
829 1938 923 1968 unius
943 1937 1132 1977 argumenti,
1151 1938 1189 1967 de
1206 1937 1383 1973 clementia,

311 1986 405 2017 etiam
430 1984 624 2014 solutionem
648 1982 790 2018 alterius,
816 1982 854 2012 de
878 1982 1132 2012 mansuetudine.
1167 1982 1266 2018 Quod
1293 1991 1384 2022 argu-

311 2036 456 2061 mentum
487 2038 524 2059 ex
547 2034 635 2068 parte
666 2025 919 2057 mansuetudinis
949 2028 1072 2056 Auctor
1100 2036 1166 2056 non
1193 2026 1280 2063 fecit,
1308 2026 1385 2067 quia

310 2073 523 2106 mansuetudo
548 2079 594 2103 est
617 2071 830 2112 principaliter
854 2070 934 2101 circa
956 2070 1046 2107 iram,
1071 2078 1102 2101 et
1125 2077 1293 2111 propterea
1317 2080 1384 2101 non

310 2120 404 2150 habet
433 2116 651 2148 difficultatem
680 2114 913 2146 coniunctionis
942 2125 1015 2145 cum
1049 2114 1215 2155 epieikeia,
1238 2115 1309 2151 ‚hoc
1338 2121 1385 2146 est

311 2163 486 2205 aequitate,
520 2162 601 2192 sicut
633 2159 817 2196 clementia,
851 2169 933 2200 quae
967 2166 1014 2190 est
1046 2159 1162 2190 directe
1195 2159 1385 2190 diminutiva

311 2217 498 2252 poenarum.

367 2252 416 2283 Ad
440 2250 617 2281 secundum
634 2249 748 2280 dicitur
764 2249 853 2289 quod
870 2258 926 2288 per
944 2248 976 2289 ly
992 2258 1055 2279 non
1080 2249 1128 2279 uti
1142 2258 1203 2279 sua
1224 2254 1386 2289 potestate

311 2295 494 2336 intelligitur
525 2305 590 2324 non
615 2294 700 2324 abuti
724 2293 786 2324 illa.
821 2293 985 2330 Quoniam
1009 2292 1034 2323 si
1058 2300 1142 2324 recta
1179 2293 1259 2324 ratio
1291 2293 1386 2324 habet

312 2341 399 2384 quod
423 2347 508 2375 tunc,
529 2339 612 2375 huic,
630 2338 662 2368 in
686 2338 748 2368 hoc
772 2347 855 2374 casu,
874 2344 943 2374 etc„
961 2337 1169 2368 diminuenda
1193 2345 1239 2369 est
1263 2347 1385 2378 poena;

969 308 1235 355 QUAESTIO
1265 307 1418 353 CLVII,
1447 307 1746 345 ARTICULUS
1777 307 1829 343 lV

1430 393 1510 416 esset
1535 393 1644 417 contra
1667 393 1785 417 rectam
1809 386 1965 417 rationem
1989 386 2034 417 uti
2058 396 2116 417 sua
2139 392 2295 427 potestate
2319 386 2359 416 ad
2382 385 2503 425 integre

1428 429 1647 470 puniendum;
1672 440 1708 461 ac
1732 440 1788 471 per
1803 430 1874 467 hoc,
1893 437 1974 461 esset
1997 430 2084 461 abuti
2100 441 2158 461 sua
2176 437 2343 472 potestate.
2368 430 2409 461 Et
2429 439 2503 470 pro-

1429 480 1535 514 pterea
1563 474 1596 504 in
1624 474 1727 505 littera
1757 475 1972 514 praecedentis
2001 475 2158 506 articuli*
2186 475 2308 506 dictum
2339 481 2385 505 est
2413 474 2504 515 quod

1430 518 1597 548 clementia
1620 525 1667 549 est
1689 518 1733 549 sic
1750 518 1938 550 diminutiva
1961 529 2084 559 poenae
2108 519 2231 550 debitae
2253 519 2430 550 secundum
2453 518 2503 549 ius

1430 572 1614 599 commune,
1635 563 1723 603 quod
1741 573 1808 592 non
1832 569 1878 593 est
1902 562 2090 594 diminutiva
2107 573 2230 603 poenae
2246 563 2368 594 debitae
2393 573 2503 593 secun—

1431 607 1510 637 dum
1526 607 1729 647 aequitatem.
1746 606 1896 648 Sequitur
1915 607 2002 638 enim
2021 607 2188 639 clementia
2204 608 2406 649 aequitatem,
2423 607 2505 638 sicut

1431 651 1578 681 severitas
1602 650 1773 681 iustitiam:
1799 658 1830 681 et
1853 658 1988 692 utraque
2012 652 2149 683 abusum
2172 652 2337 693 potestatis
2356 651 2503 688 excludit,

1431 695 1486 736 qui
1511 695 1763 725 committeretur
1781 695 1842 725 nisi
1872 695 2039 726 clementia
2069 697 2277 737 aequitatem,
2301 703 2332 728 et
2357 696 2504 727 severitas

1431 739 1586 770 iustitiam
1610 739 1823 770 comitaretur.

1489 784 1540 815 IV.
1567 784 1602 814 In
1618 784 1732 814 eodem
1753 782 1884 814 articulo
1902 783 2038 814 dubium
2062 785 2199 816 occurrit
2223 785 2261 816 de
2278 785 2421 816 subiecto
2445 784 2505 815 cle-

1432 828 1580 864 mentiae,
1597 828 1629 858 in
1653 837 1717 868 qua
1737 827 1854 858 scilicet
1876 828 2019 868 potentia
2043 828 2083 859 sit
2105 828 2287 860 subiective.
2311 829 2386 860 Non
2405 829 2505 860 deter-

1433 873 1573 903 minatur
1596 872 1755 913 siquidem
1778 871 1812 901 in
1835 871 1937 902 littera
1960 872 2028 902 eius
2048 873 2237 904 subiectum.

1488 918 1539 948 Ad
1562 917 1624 947 hoc
1649 916 1763 947 dicitur
1782 916 1872 957 quod
1895 916 2062 947 clementia
2086 923 2133 948 est
2156 918 2327 949 subiective
2342 918 2375 949 in
2391 918 2506 948 volun-

1432 969 1506 994 tate.
1531 962 1571 993 Et
1595 961 1675 991 ratio
1700 967 1746 991 est
1769 960 1845 1001 quia
1867 960 1922 991 illa
1945 971 2017 1001 pars
2033 961 2157 992 animae
2181 969 2228 993 est
2250 962 2429 995 subiectum
2444 962 2506 992 vir-

1433 1007 1509 1038 tutis
1532 1006 1565 1036 in
1589 1016 1654 1046 qua
1676 1005 1781 1046 primo
1805 1012 1936 1046 apparet
1969 1005 2094 1036 bonitas
2117 1005 2212 1042 illius,
2231 1007 2282 1037 vel
2305 1007 2426 1038 malitia
2448 1016 2506 1047 op-

1433 1051 1552 1092 posita:
1578 1057 1614 1081 ut
1637 1052 1759 1080 Auctor
1776 1049 1885 1080 docuit
1908 1049 2128 1090 investigando
2145 1050 2324 1082 subiectum
2341 1051 2507 1082 continen-

1433 1096 1495 1126 tiae
1510 1095 1536 1126 *.
1563 1095 1624 1126 Sed
1640 1095 1789 1125 voluntas
1806 1101 1852 1125 est
1869 1104 1951 1135 quae
1974 1094 2079 1135 primo
2097 1094 2277 1135 disponitur
2299 1105 2356 1136 per
2372 1095 2507 1126 clemen-

1433 1141 1521 1176 tiam,
1536 1146 1566 1170 et
1587 1139 1674 1170 illius
1687 1139 1885 1179 oppositum,
1903 1138 2021 1170 scilicet
2033 1139 2267 1170 crudelitatem:
2283 1139 2439 1181 quoniam
2462 1140 2508 1170 le-

1435 1185 1514 1216 nitas
1538 1184 1637 1215 animi
1653 1184 1693 1214 ad
1713 1183 1907 1224 proximum,
1925 1193 2008 1224 quae
2031 1183 2161 1214 interior
2177 1184 2344 1215 clementia
2367 1191 2423 1221 est,
2441 1193 2508 1215 non

1435 1236 1481 1261 est
1503 1229 1614 1259 lenitas
1638 1228 1772 1259 alicuius
1796 1228 1962 1268 passionis,
1980 1235 2016 1259 ut
2038 1235 2124 1268 patet
2147 1228 2364 1266 discurrendo,
2384 1229 2440 1259 sed
2462 1234 2509 1259 est

1435 1274 1547 1305 lenitas
1570 1272 1754 1309 voluntatis,
1779 1283 1843 1314 qua
1867 1273 2051 1313 proximum
2075 1283 2231 1304 amamus.

1491 1319 1532 1348 Et
1555 1318 1616 1348 hoc
1641 1318 1674 1348 in
1697 1317 1798 1348 littera
1821 1317 1999 1348 insinuatur
2022 1317 2053 1347 in
2074 1317 2283 1358 responsione
2306 1318 2346 1348 ad
2369 1317 2508 1354 tertium,

1436 1364 1514 1394 dum
1543 1362 1657 1393 dicitur
1688 1362 1776 1402 quod
1807 1361 1944 1402 affectus
1970 1362 2133 1393 humanus
2157 1372 2250 1403 quem
2278 1363 2424 1403 sequitur
2446 1362 2509 1393 cle-

1436 1408 1568 1444 mentia,
1587 1413 1634 1437 est
1649 1407 1703 1437 ille
1726 1407 1900 1437 secundum
1925 1416 2017 1447 quem
2035 1407 2128 1437 homo
2144 1412 2191 1437 est
2210 1407 2408 1438 naturaliter
2422 1407 2511 1437 omni

1435 1453 1558 1483 homini
1572 1452 1706 1482 amicus.
1727 1450 1862 1482 Constat
1878 1451 1963 1481 enim
1980 1451 2070 1492 quod
2085 1451 2156 1482 talis
2172 1451 2311 1482 amicitia
2326 1450 2511 1492 imperfecta

1435 1495 1608 1527 voluntatis
1633 1502 1695 1531 est,
1720 1505 1786 1526 non
1810 1495 1976 1536 passionis.
2003 1513 2023 1518 -
2047 1495 2230 1527 Insinuatur
2258 1496 2354 1527 etiam
2378 1506 2414 1527 ex
2437 1502 2510 1527 actu

1437 1541 1595 1581 assignato
1611 1539 1644 1576 *,
1670 1540 1726 1580 qui
1756 1547 1802 1571 est
1831 1550 1893 1570 non
1925 1541 1972 1571 uti
1994 1549 2054 1571 sua
2082 1545 2257 1580 potestate:
2290 1550 2365 1571 nam
2395 1540 2442 1571 uti
2465 1546 2511 1571 est

1437 1593 1525 1617 actus
1549 1584 1732 1615 voluntatis.

1490 1630 1646 1660 Probatur
1662 1628 1757 1659 etiarn
1780 1628 1865 1659 idern
1889 1638 1926 1659 ex
1940 1629 2003 1659 hoc
2019 1629 2108 1669 quod
2133 1629 2298 1660 clementia
2316 1629 2431 1660 directe
2450 1629 2511 1659 dis—

1438 1673 1574 1715 positiva
1597 1680 1644 1703 est
1667 1673 1764 1703 animi
1779 1674 1819 1703 ad
1846 1673 1973 1703 alterius
1989 1673 2111 1704 malurn
2135 1673 2392 1705 diminuendam.
2415 1673 2512 1704 Nulla

1438 1725 1545 1749 autem
1576 1717 1700 1757 passio,
1724 1718 1779 1748 sed
1809 1717 1898 1748 solus
1921 1717 2095 1748 voluntatis
2125 1725 2234 1749 motus
2257 1725 2305 1749 est
2331 1718 2447 1749 directe
2471 1718 2510 1748 ad

1437 1762 1564 1794 alterius
1588 1763 1712 1792 bonum
1728 1762 1779 1792 vel
1801 1762 1939 1792 malum:
1966 1762 2120 1803 quoniam
2138 1763 2176 1793 ad
2201 1762 2368 1803 proprium
2387 1763 2511 1794 bonum

1438 1806 1701 1847 consequendum
1720 1806 1771 1836 vel
1794 1805 2040 1843 defendendum,
2065 1813 2096 1837 et
2119 1806 2263 1838 similiter
2284 1807 2324 1837 ad
2343 1807 2512 1848 proprium

1437 1850 1560 1880 malum
1583 1850 1750 1880 vitandum
1774 1860 1830 1880 seu
1854 1850 2118 1890 propellendum,
2143 1861 2256 1882 omnes
2279 1851 2442 1892 passiones
2466 1851 2511 1882 di-

1437 1901 1518 1925 recte
1539 1894 1736 1924 ordinantur.
1755 1894 1789 1924 In
1807 1894 1898 1925 cuius
1914 1893 2052 1934 signum,
2064 1895 2140 1925 haec
2155 1901 2202 1926 est
2219 1895 2323 1935 posita
2339 1894 2513 1927 differentia

1436 1938 1517 1968 inter
1539 1938 1671 1968 virtutes
1695 1937 1775 1968 circa
1799 1938 1963 1978 passiones
1988 1945 2019 1969 et
2039 1939 2171 1969 virtutes
2195 1939 2276 1970 circa
2299 1940 2511 1980 operationes,

1437 1983 1527 2023 quod
1549 1982 1621 2012 illae
1637 1989 1712 2012 sunt
1735 1989 1866 2023 propter
1881 1983 2005 2013 bonum
2029 1983 2184 2019 habentis,
2200 1983 2278 2015 istae
2293 1990 2369 2015 sunt
2383 1991 2513 2025 propter

1437 2027 1563 2058 bonum
1585 2026 1714 2057 alterius
1728 2026 1756 2057 *.

1492 2072 1559 2102 Nec
1583 2072 1688 2102 obstat
1712 2071 1802 2112 quod
1825 2071 1982 2112 superius,
2003 2071 2035 2102 in
2059 2081 2114 2112 qu.
2135 2082 2238 2108 cnm,
2255 2073 2387 2109 Auctor,
2403 2072 2512 2104 distin-

1437 2116 1566 2156 guendo
1597 2122 1700 2156 partes
1731 2116 1974 2156 temperantiae,
1999 2115 2110 2147 dixerit
2140 2116 2230 2158 quod
2260 2117 2375 2148 tertius
2407 2121 2513 2150 motus

1437 2161 1539 2191 animi
1562 2165 1609 2191 est
1633 2162 1714 2197 irae,
1730 2170 1822 2201 quem
1841 2159 1990 2202 refrenat
2012 2161 2226 2192 mansuetudo
2241 2161 2309 2192 sive
2331 2161 2511 2193 clementia.

1437 2204 1603 2242 Quoniam
1627 2204 1716 2245 quod
1740 2204 1783 2235 ibi
1807 2205 2026 2236 indistinctum
2050 2205 2194 2246 reliquit,
2218 2205 2281 2236 hoc
2303 2205 2337 2236 in
2367 2205 2441 2237 loco
2465 2205 2512 2237 di-

1438 2249 1630 2290 stinguendo
1665 2249 1866 2280 clementiam
1894 2260 1912 2280 a
1942 2250 2165 2281 masuetudine
2202 2250 2384 2282 declaravit:
2423 2251 2513 2292 quod

1438 2294 1652 2325 mansuetudo
1676 2294 1755 2324 iram
1779 2293 1922 2330 refrenat,
1945 2294 2112 2325 clementia
2135 2301 2243 2326 autem
2262 2305 2340 2332 non,
2364 2296 2430 2332 sed,
2453 2302 2512 2327 etc.

1097 2519 1419 2562 ARTICULUS
1450 2519 1727 2571 QUARTUS

664 2613 820 2644 UTRUM
845 2612 1101 2644 CLEMENTIA
1125 2613 1182 2644 ET
1206 2613 1509 2646 MANSUETUDO
1534 2613 1632 2645 siNT
1656 2614 1913 2646 POTISSIMAE
1938 2614 2158 2646 VIRTUTES

338 2718 405 2763 >aa

329 2760 393 2818 §⁸53¹

331 2814 369 2869 15
389 2825 442 2849 w

525 2714 547 2739 D
567 2713 740 2744 QUARTUM
760 2713 813 2739 Sic
834 2712 1076 2739 pnoeamrua.
1093 2700 1256 2738 Videtur
1275 2702 1382 2750 quod

425 2720 472 2743 ,s

429 2742 438 2756 ”
459 2731 482 2748 κ
526 2755 725 2792 clementia
760 2762 796 2792 et
831 2754 1087 2792 mansuetudo
1126 2754 1199 2791 sint
1233 2755 1381 2804 potissi-

471 2754 487 2762 «-

440 2745 500 2798 e„-

471 2814 492 2857 ᾗ
527 2821 613 2845 mae
641 2808 809 2845 virtutes.
842 2809 943 2845 Laus
973 2808 1074 2845 enim
1104 2808 1251 2845 virtutis
1275 2820 1382 2858 prae-

412 2853 637 2910 ”Xcipue
674 2862 842 2899 consistit
871 2874 916 2898 ex
938 2866 954 2882 α
983 2862 1058 2898 hoc
1095 2862 1200 2911 quod
1234 2862 1385 2899 ordinat

316 2915 513 2952 hominem
534 2915 584 2952 ad
603 2915 887 2963 beatitudinem,
904 2927 1003 2964 quae
1023 2915 1062 2952 in
1076 2915 1149 2952 Dei
1169 2915 1384 2964 cognitione

318 2968 495 3005 consistit.
527 2968 604 3006 Sed
624 2970 878 3007 mansuetudo
899 2968 1065 3005 maxime
1086 2969 1236 3006 ordinat
1259 2969 1383 3006 homi-

318 3034 407 3058 nem
428 3023 475 3059 ad
496 3022 566 3058 Dei
587 3022 860 3070 cognitionem:
884 3022 1020 3059 dicitur
1039 3022 1141 3059 enirn
1163 3024 1234 3059 Iac.
1253 3022 1315 3059 1⁸¹³:
1337 3024 1383 3059 In

318 3075 601 3112 mansuetudine
631 3076 803 3124 suscipite
840 3076 990 3113 insitum
1028 3077 1207 3120 verbum‚·
1245 3083 1281 3112 et
1312 3077 1385 3113 Ec-

318 3128 376 3165 cli.
407 3140 431 3165 v
448 3128 487 3165 *ε
521 3130 612 3165 Esto
640 3135 855 3166 mansuetus
882 3130 934 3166 ad
959 3129 1190 3166 audiendum
1226 3130 1384 3167 verbum

319 3182 413 3226 Dei;
450 3190 486 3218 et
519 3182 726 3230 Dionysius
759 3182 866 3230 dicit,
896 3182 934 3219 in
968 3182 1127 3231 epistola
1163 3183 1215 3219 ad
1245 3183 1386 3220 Demo·

315 3235 405 3282 phil.
421 3234 461 3281 ²⁸,
490 3235 655 3284 Moysen
679 3241 837 3284 propter
868 3235 1026 3273 multam
1061 3236 1385 3273 mansuetudinem

321 3288 394 3324 Dei
419 3289 651 3336 apparitione
687 3289 845 3339 dignum
873 3289 1040 3327 habitum
1069 3289 1100 3327 *.
1137 3290 1239 3338 Ergo
1278 3302 1386 3327 man-

322 3342 481 3377 suetudo
511 3349 566 3378 est
593 3342 791 3390 potissima
818 3342 1014 3380 virtutum.

377 3404 410 3429 2.
441 3394 676 3442 ΡιιΑΕτΕιῑΕΑ,
704 3402 809 3432 tanto
837 3395 957 3433 virtus
994 3396 1119 3445 aliqua
1147 3396 1273 3445 potior
1302 3408 1384 3433 esse

323 3444 493 3491 videtur,
524 3455 664 3495 quanto
702 3448 822 3496 magis
860 3457 1077 3498 acceptatur
1106 3461 1127 3486 a
1156 3450 1241 3486 Deo
1272 3457 1307 3486 et
1336 3450 1384 3486 ab

322 3497 553 3535 hominibus.
585 3500 661 3537 Sed
681 3502 933 3539 mansuetudo
958 3502 1125 3539 maxime
1143 3502 1297 3540 videtur
1324 3515 1385 3540 ac-

449 2786 513 2822 “2²'-

370 2838 450 2890 ἐξ*

379 3628 405 3660 2)
425 3635 470 3654 ex.
482 3642 501 3648 -
519 3629 544 3653 r'n
565 3629 592 3654 Ρ.

1408 2756 1410 2772 l

1437 2702 1580 2751 ceptari
1604 2715 1626 2739 a
1645 2703 1753 2740 Deo:
1785 2702 1920 2740 dicitur
1949 2702 2052 2740 enim
2080 2703 2197 2740 Eccli.
2219 2715 2230 2740 1
2249 2703 2285 2751 ²¹²,
2316 2705 2421 2754 quod
2449 2705 2510 2743 be-

1437 2755 1663 2804 neplacitum
1693 2762 1748 2793 est
1773 2757 1856 2793 Deo
1875 2756 1976 2805 fides
1994 2762 2031 2793 et
2047 2757 2307 2794 mansuetudo.
2337 2757 2450 2796 Unde
2475 2765 2510 2796 et

1436 2809 1648 2858 specialiter
1685 2810 1734 2847 ad
1777 2822 1869 2846 suae
1912 2810 2214 2848 mansuetudinis
2256 2810 2508 2849 imitationem

1438 2863 1612 2900 Christus
1641 2875 1712 2900 nos
1741 2862 1895 2910 invitat,
1908 2863 2037 2901 dicens
2056 2863 2095 2900 *ε
2126 2864 2267 2901 Discite
2284 2875 2308 2901 a
2327 2876 2399 2911 me,
2420 2865 2508 2914 quia

1437 2917 1536 2953 mitis
1570 2929 1654 2953 sum
1684 2922 1720 2953 et
1745 2917 1896 2954 humilis
1933 2917 2068 2954 corde:
2106 2924 2143 2954 et
2179 2916 2346 2954 Hilarius
2375 2917 2509 2955 dicit*

1438 2971 1543 3019 quod
1568 2982 1640 3018 per
1667 2970 1991 3008 mansuetudinem
2029 2970 2162 3007 mentis
2190 2975 2341 3008 nostrae
2367 2971 2511 3009 habitat

1444 3023 1613 3060 Christus
1648 3024 1685 3060 in
1723 3024 1841 3061 nobis.
1885 3024 1954 3061 Est
1996 3023 2110 3061 etiarn
2147 3023 2369 3061 hominibus
2403 3037 2509 3062 acce-

1438 3076 1629 3125 ptissima:
1659 3077 1762 3114 unde
1791 3077 1926 3114 dicitur
1951 3077 2068 3115 Eccli.
2090 3089 2126 3114 111
2146 3076 2187 3114 *ε
2215 3077 2305 3123 Fili,
2334 3077 2372 3115 in
2401 3090 2509 3116 man-

1437 3130 1632 3167 suetudine
1662 3131 1806 3179 perfice
1837 3141 1954 3179 opera
1982 3135 2068 3176 tua,
2097 3135 2135 3166 et
2163 3141 2278 3179 super
2312 3131 2508 3169 hominum

1438 3183 1566 3233 gloria
1585 3183 1764 3234 diligeris.
1785 3184 1948 3233 Propter
1966 3183 2072 3232 quod
2092 3190 2129 3220 et
2146 3183 2328 3221 Proverh.
2347 3195 2396 3221 xx
2409 3184 2430 3206 ⁸¹*
2455 3185 2510 3223 di-

1441 3236 1536 3274 citur
1572 3237 1679 3285 quod
1712 3237 1908 3275 clementia
1941 3237 2096 3274 thronus
2131 3237 2260 3287 regius
2293 3238 2508 3276 roboratur.

1440 3290 1543 3338 Ergo
1578 3289 1835 3328 mansuetudo
1864 3297 1900 3328 et
1933 3289 2134 3327 clementia
2171 3298 2258 3328 sunt
2290 3291 2509 3340 potissimae

1439 3351 1611 3381 virtutes.

1497 3398 1531 3434 3.
1561 3397 1804 3443 ΡΒΑΕΤΕΚΕΑ,
1842 3395 2076 3444 Augustinus
2114 3396 2222 3443 dicit,
2256 3396 2295 3434 in
2331 3397 2428 3435 libro
2464 3397 2511 3435 de

1441 3451 1561 3487 Serm.
1591 3449 1751 3487 Domini
1776 3449 1813 3485 in
1841 3449 1977 3486 Monte
1994 3449 2034 3496 *,
2065 3449 2172 3498 quod
2200 3451 2307 3488 mites
2333 3456 2421 3488 sunt
2446 3451 2512 3500 qui

1440 3503 1576 3540 cedunt
1603 3501 1920 3550 improbitatibus,
1949 3508 1986 3540 et
2012 3514 2087 3540 non
2125 3503 2301 3540 resistunt
2327 3504 2364 3541 in
2393 3503 2508 3550 malo,

2530 480 2539 489 ·
2554 478 2582 500 Ῑιι
2598 483 2661 505 resp.
2673 477 2702 499 ad
2719 484 2740 500 2.

2534 1098 2545 1110 ¹
2555 1098 2604 1126 Qu.
2614 1103 2665 1126 αν,
2675 1100 2718 1120 ιη.
2727 1103 2748 1127 3.

2538 1545 2550 1557 ⁸
2562 1543 2588 1565 ln
2602 1548 2664 1571 resp.
2678 1542 2707 1564 nd
2721 1548 2737 1564 1.

2540 2018 2550 2027 ⁴
2571 2016 2608 2040 Cf.
2628 2016 2674 2039 1⁸¹·
2696 2016 2751 2044 nu,

2539 2049 2580 2071 qu.
2593 2049 2632 2071 u,
2645 2047 2688 2066 ιη,
2702 2049 2722 2065 2.

2538 2715 2550 2727 ⁸
2562 2714 2629 2738 Vm.
2643 2722 2680 2746 34,
2694 2721 2726 2745 35.

2538 2875 2547 2885 ·
2561 2874 2641 2897 Matth.
2656 2879 2707 2902 cap.
2719 2880 2750 2902 xi,

2536 2907 2680 2950 Yam·
2610 2907 2648 2930 ἰ
2680 2929 2698 2950 ι
2725 2927 2750 2949 ..

2535 2954 2632 2982 Manto„
2650 2954 2679 2977 ud
2698 2960 2749 2982 etp.

2536 2987 2568 3007 iv.
2582 2987 2643 3003 ven.
2657 2987 2677 3010 3.

2537 3088 2548 3098 ⁸
2561 3087 2628 3110 Vm.
2644 3093 2675 3116 ¹9·

2538 3187 2630 3212 'Ven-
2643 3187 2679 3210 28.

2538 3454 2549 3464 ⁸
2562 3453 2612 3476 Lib.
2628 3452 2647 3480 1,
2666 3458 2716 3481 etp.
2726 3458 2749 3474 ιι.
