2768 4198
49 2070 60 2081 ⁸
74 2068 142 2092 vers.
160 2075 175 2092 ι.

52 2398 62 2409 ·
76 2396 143 2419 Vere.
158 2397 180 2419 8.

52 2451 63 2463 ⁶
76 2450 144 2473 Vm.
159 2456 189 2479 ¹7·

54 2770 65 2782 ⁸
78 2767 145 2792 Vera.
159 2775 188 2796 4.

55 2823 65 2834 ·
79 2822 137 2845 Ord.

929 269 1199 315 QUAESTIO
1230 270 1428 316 cxxxn,

280 350 458 381 nimitatem
474 356 505 380 et
525 348 693 380 mediocris
717 349 756 378 ad
780 348 876 378 aliam
895 348 1055 384 virtutem,
1082 359 1117 379 ac
1141 359 1197 389 per
1215 349 1278 379 hoc
1294 349 1359 379 ina·
1386 356 1388 393 j

281 395 329 425 nis
352 394 454 434 gloria
470 404 585 434 magna
610 401 794 434 opponatur
809 392 1073 432 magnanimitati,
1099 394 1268 424 mediocris
1284 404 1359 424 vero
1387 397 1388 410 ¹

281 439 369 470 alteri
394 438 510 469 virtuti.
536 438 576 469 Et
600 438 625 468 si
650 438 693 468 sic
718 445 775 476 est,
800 447 856 468 cur
880 440 1002 469 Auctor
1026 438 1087 469 hoc
1111 436 1226 469 tacuit?

337 484 387 514 Ad
412 483 474 514 hoc
498 482 613 514 dicitur
637 482 753 523 primo,
775 483 863 523 quod
881 482 962 513 sicut
979 484 1017 514 de
1034 483 1157 513 honore
1175 483 1361 514 distinctum

282 535 338 564 est,
363 528 406 559 ita
422 529 461 558 de
477 527 578 568 gloria
598 527 860 568 distinguendum
877 535 938 558 est:
964 528 1007 559 ita
1023 528 1113 569 quod
1130 538 1245 568 magna
1261 528 1361 568 gloria

282 580 329 604 est
352 572 482 603 materia
506 572 787 612 magnanimitatis,
812 581 909 612 parva
928 580 1036 604 autem
1060 580 1107 603 est
1129 572 1260 603 materia
1276 572 1362 603 illius

283 617 405 652 virtutis
430 617 667 654 cuius-materia
691 624 737 648 est
761 627 877 657 parvus
897 617 1013 649 honor.
1037 618 1154 648 Tacuit
1170 625 1278 648 autem
1300 617 1362 648 hoc
1389 615 1391 638 ἰ

283 665 405 693 Auctor
435 661 598 693 dimittens
621 662 683 692 hoc
714 671 773 702 pro
798 662 883 693 claro
908 669 938 692 et
962 670 1091 703 aperte,
1117 673 1154 693 ex
1180 663 1243 693 hoc
1273 663 1362 703 quod

283 707 383 746 gloria
413 706 620 747 consequitur
648 706 687 737 ad
719 707 896 743 honorem,
921 714 952 738 et
980 707 1295 748 proportionabiliter
1318 707 1363 737 illi

283 751 466 792 respondet.

339 796 464 827 Dicitur
487 796 641 834 secundo,
666 796 755 837 quod
779 796 879 836 gloria
899 796 1084 837 simpliciter
1101 796 1182 827 dicta
1206 806 1272 826 non
1288 805 1364 826 con—

284 841 428 881 sequitur
451 840 511 870 nisi
536 850 671 880 magnos
688 841 838 877 honores,
864 841 1052 872 reverentias
1077 849 1108 872 et
1130 841 1256 872 laudes:
1281 850 1364 881 quo-

283 886 370 916 niam
387 885 442 927 qui
460 885 662 916 mediocriter
678 885 802 916 honore
817 893 873 917 aut
892 886 987 917 laude
1002 886 1088 927 digni
1105 893 1189 922 sunt,
1207 896 1273 916 non
1290 892 1365 916 sunt

284 930 470 971 simpliciter
495 930 579 966 clari,
605 931 659 961 sed
683 931 861 962 secundum
887 931 976 972 quid.
1007 932 1048 962 Et
1071 938 1239 972 propterea
1262 930 1366 960 inanis

284 975 385 1015 gloria
409 982 455 1006 est
479 986 582 1006 unum
603 982 730 1006 tantum
746 975 872 1013 vitium,
892 976 931 1006 ad
955 976 1045 1017 quod
1069 975 1229 1006 reductive
1245 981 1366 1015 spectat

285 1030 510 1061 quaecumque
534 1020 617 1050 mala
640 1020 799 1061 gloriatio,
823 1020 905 1051 sicut
928 1020 1106 1051 secundum
1130 1020 1208 1061 quid
1232 1020 1294 1050 tale
1318 1029 1365 1049 re—

286 1065 412 1096 ducitur
436 1066 475 1096 ad
499 1065 686 1106 simpliciter
708 1065 780 1096 tale.
805 1065 846 1096 Et
870 1065 946 1096 haec
965 1065 1086 1095 solutio
1110 1071 1158 1095 est
1179 1074 1263 1094 vera.
1290 1063 1365 1093 Ideo

286 1112 408 1141 Auctor
432 1120 499 1141 non
524 1109 664 1141 distinxit
687 1111 725 1141 de
745 1111 878 1146 honore,
904 1110 985 1140 sicut
1008 1119 1066 1140 nec
1090 1109 1129 1139 de
1152 1108 1265 1149 gloria:
1291 1107 1367 1148 quia

285 1155 386 1194 gloria
411 1155 596 1196 simpliciter
619 1162 748 1195 sumpta
773 1165 839 1185 non
855 1161 903 1185 est
925 1153 1150 1194 distinguibilis
1166 1153 1198 1183 in
1216 1162 1368 1192 magnam
1393 1160 1395 1162 ·

287 1200 552 1236 ειίηεάἰοςι·ειῃ;
578 1200 724 1240 quamvis
748 1209 812 1230 una
836 1199 937 1238 gloria
960 1199 1000 1229 sit
1023 1197 1127 1229 maior
1149 1197 1262 1232 altera,
1287 1197 1369 1227 sicut

286 1244 382 1276 etiam
406 1245 488 1276 inter
503 1255 639 1286 magnos
662 1245 801 1275 honores
825 1253 910 1274 unus
927 1250 974 1274 est
993 1243 1096 1273 maior
1116 1242 1215 1273 altero
1231 1242 1367 1272 honore.

344 1290 397 1320 111.
423 1290 458 1320 In
483 1290 596 1323 eodem
614 1289 758 1325 articulo,
776 1289 808 1319 in
823 1287 1032 1328 responsione
1055 1287 1095 1317 ad
1120 1287 1273 1327 primum,
1291 1293 1369 1317 nota

286 1333 341 1365 illa
365 1335 474 1365 verba:
500 1334 727 1375 Magnitudini
748 1334 851 1364 animi
871 1338 1036 1374 repugnat
1059 1332 1144 1373 quod
1163 1332 1281 1372 aliquis
1296 1331 1367 1372 glo-

287 1380 393 1410 rietur
417 1380 449 1410 in
474 1380 653 1410 testimonio
677 1378 784 1409 laudis
806 1378 985 1415 humanae,
1010 1378 1104 1418 quasi
1126 1377 1186 1408 hoc
1210 1386 1366 1418 magnum
1394 1395 1395 1412 2

287 1424 412 1464 aliquid
434 1425 632 1454 aestimetur.
659 1423 705 1453 Ex
730 1422 778 1453 his
802 1432 943 1463 namque
968 1421 1089 1453 ultimis
1114 1421 1217 1452 verbis
1236 1428 1368 1462 apparet

1459 269 1760 307 ARTICULUS
1790 270 1839 305 Ill
2444 274 2486 308 81

1416 349 1591 380 Martinum
1615 359 1681 380 non
1705 356 1884 390 penetrasse
1908 348 2045 379 litteram
2070 349 2167 385 hanc,
2192 357 2223 380 et
2251 357 2419 390 propterea
2448 352 2494 381 di-

1387 424 1388 429 ,
1415 395 1496 425 xisse
1508 394 1526 413 *
1541 394 1641 435 quod,
1655 394 1834 425 secundum
1849 400 1995 424 sanctum
2010 393 2184 430 Thomam,
2198 404 2348 435 quaerere
2360 395 2532 435 gloriam·

1387 442 1389 444 ’
1416 439 1593 470 humanam
1617 449 1743 480 semper
1764 439 1889 469 videtur
1904 447 2040 469 vanum:
2066 449 2140 469 cum
2157 441 2280 470 Auctor
2296 439 2346 470 hic
2363 440 2534 480 explicet

1416 492 1493 515 tunc
1516 494 1583 514 esse
1607 491 1792 524 peccatum,
1817 493 1873 514 seu
1898 493 2035 519 vanum,
2060 484 2192 525 quando
2224 484 2366 514 humana
2395 483 2496 524 gloria

1417 529 1579 570 quaeritur
1603 536 1639 559 ut
1666 528 1787 570 aliquid
1811 538 1982 568 magnum,
2008 535 2044 560 ut
2074 528 2220 569 superius
2236 528 2254 547 *
2277 529 2494 569 probavimus

1475 573 1527 604 IV.
1554 573 1589 603 In
1613 574 1729 604 eodem
1751 574 1894 604 secundo
1919 573 2069 610 articu10‚
2095 573 2127 603 in
2152 574 2361 614 responsione
2385 574 2425 604 ad
2450 584 2495 604 se-

1419 618 1572 658 cundum,
1598 618 1734 649 dubium
1758 628 1795 649 ex
1818 618 1967 654 Man-tino,
1986 618 2040 649 ubi
2057 628 2153 659 supra
2167 618 2194 654 *,
2220 618 2366 654 occurrit,
2391 618 2496 659 impu-

1418 670 1534 703 gnante
1558 662 1640 693 hanc
1660 663 1903 704 responsionem
1927 673 1986 703 pro
2011 671 2132 704 quanto
2157 663 2233 694 dicit
2252 663 2343 704 quod
2362 664 2498 703 cupidus

1417 708 1565 748 gloriae,
1590 708 1766 738 secundum
1797 709 1845 738 rei
1874 709 2058 746 veritatem,
2088 708 2196 749 deficit
2225 718 2245 738 a
2275 709 2496 750 magnanimo,

1420 753 1505 790 Quia
1539 752 1674 792 cupidus
1707 752 1826 793 gloriae
1857 763 1894 783 ex
1925 752 2028 793 dignis
2059 753 2147 793 cupit
2177 752 2333 783 maiorem
2363 753 2499 794 gloriam

1419 806 1516 838 quam
1543 796 1657 836 dignus
1682 797 1731 833 sit,
1756 804 1786 828 et
1810 807 1846 828 ex
1870 807 1936 827 non
1954 797 2056 838 dignis
2081 798 2168 839 cupit
2191 797 2343 838 gloriam:
2369 808 2499 839 magna-

1392 849 1393 866 1
1419 842 1527 872 nimus
1551 848 1660 872 autern
1684 851 1720 872 ex
1740 841 1842 882 dignis
1866 842 2154 882 proportionatam,
2172 852 2209 873 ex
2226 852 2292 873 non
2309 842 2412 882 dignis
2429 843 2500 874 nul-

1392 907 1394 909 -
1418 886 1494 917 lam.
1519 886 1615 926 Ergo,
1633 886 1811 917 secundum
1826 886 2000 922 veritatem,
2018 887 2196 928 opponitur
2211 887 2419 928 magnanimo
2444 898 2501 929 per

1420 940 1594 961 excessum.

1478 975 1526 1005 Ad
1551 975 1613 1005 hoc
1637 974 1751 1005 dicitur
1775 975 1864 1015 quod
1889 975 1921 1004 in
1946 976 2141 1015 magnanimi
2159 977 2309 1017 operibus
2334 977 2399 1007 duo
2424 987 2499 1008 con-

1393 1057 1394 1061 *
1421 1019 1613 1049 siderantur:
1646 1018 1788 1059 primum
1819 1026 1865 1050 est
1896 1019 1927 1049 id
1959 1020 2044 1050 unde
2075 1027 2121 1051 est
2146 1021 2276 1062 dignus;
2302 1022 2498 1059 secundum,

1393 1082 1395 1100 =‚
1420 1063 1452 1093 id
1483 1073 1550 1104 quo
1575 1070 1622 1094 est
1646 1062 1771 1102 dignus.
1803 1063 1844 1094 Et
1868 1065 1977 1104 quoad
2002 1064 2162 1104 primum,
2188 1066 2323 1106 cupidus
2356 1065 2459 1097 deficit
2482 1077 2501 1097 a

1421 1107 1639 1148 magnanimo.
1669 1107 1841 1145 ¹Quoniam
1865 1108 1897 1138 id
1928 1109 2012 1139 unde
2038 1110 2261 1150 magnanimus
2285 1111 2420 1151 gloriam
2444 1112 2500 1141 ho—

1422 1162 1600 1193 noremque
1624 1152 1728 1188 habet,
1754 1159 1799 1183 est
1823 1163 1895 1183 vere
1919 1163 2093 1193 magnum,
2119 1165 2177 1185 nec
2202 1162 2248 1185 est
2271 1155 2378 1186 minus
2402 1166 2500 1196 quam

1394 1238 1395 1241 Ἰ
1422 1204 1594 1238 reputetur.
1621 1197 1655 1227 Id
1679 1206 1755 1227 vero
1780 1198 1866 1228 unde
1890 1197 2026 1238 cupidus
2049 1199 2184 1239 gloriam
2207 1200 2338 1240 quaerit,
2364 1207 2418 1231 aut
2435 1211 2500 1231 non

1422 1249 1468 1272 est
1491 1252 1563 1272 vere
1588 1251 1760 1282 magnum,
1786 1242 1882 1282 quale
1906 1249 1952 1273 est
1976 1253 2073 1273 omne
2097 1244 2277 1274 humanum
2301 1245 2425 1275 bonum
2450 1255 2499 1276 ex-

1421 1293 1567 1317 ternum:
1594 1294 1648 1317 aut
1671 1293 1718 1317 est
1742 1286 1850 1317 minus
1867 1297 2022 1327 magnum
2047 1298 2146 1328 quam
2163 1289 2355 1325 aestimetur,
2372 1297 2407 1320 ut
2427 1300 2501 1320 cum

1422 1331 1542 1372 appetit
1573 1331 1729 1361 maiorem
1763 1331 1897 1371 gloriam
1928 1342 2027 1373 quam
2052 1343 2109 1363 sua
2132 1333 2232 1364 virtus
2261 1342 2429 1365 mereatur.
2462 1335 2502 1365 Et

1422 1376 1483 1412 sic,
1508 1376 1687 1406 secundum
1704 1376 1867 1407 veritatem
1892 1377 1935 1407 rei
1959 1387 2023 1418 qua
2048 1377 2162 1418 dignus
2183 1378 2366 1409 aestimatur
2389 1379 2499 1417 gloria,

1393 1449 1395 1461 ,
1421 1420 1526 1452 deficit
1550 1431 1567 1451 a
1592 1420 1799 1461 magnanimo
1826 1421 1971 1461 cupidus,
1998 1430 2031 1452 ut
2055 1422 2087 1452 in
2112 1422 2213 1453 littera
2238 1423 2362 1454 dicitur.

1262 1500 1345 1506 ,κιΜΛ
1349 1500 1363 1505 s
1366 1500 1457 1506 mxc
1460 1498 1527 1506 &VN

1100 1557 1424 1600 ARTICULUS
1453 1557 1688 1599 TERTIUS

842 1652 999 1683 UTRUM
1024 1652 1166 1683 INANIS
1191 1652 1355 1684 otoni».
1380 1652 1447 1683 SIT
1472 1650 1714 1683 PECCATUM
1739 1651 1953 1683 MORTALE

1204 1724 1245 1748 De
1264 1723 1348 1753 4,ῑιΙαΙο
1369 1731 1415 1756 qu.
1434 1730 1473 1753 ix,
1494 1728 1543 1748 art.
1563 1730 1587 1748 2.

409 1811 417 1822 ι
432 1814 481 1852 ²⁴5<
504 1806 527 1831 D
552 1805 714 1832 τειιτιυΜ
734 1805 788 1831 sic
816 1806 1059 1832 PROCEmTUR.
1079 1795 1241 1832 Videtur
1260 1794 1367 1844 quod

367 1856 373 1869 ¹
428 1845 477 1905 ’Ᾰᾷ
506 1848 629 1908 inanis
657 1847 777 1896 gloria
807 1847 852 1885 sit
871 1856 1073 1898 peccatum
1096 1849 1270 1886 mortale.
1300 1848 1368 1885 Ni—

443 1966 449 1978 *
489 1955 578 1992 nisi
597 1963 802 2004 peccatum
821 1957 993 1994 mortale.
1008 1956 1116 1994 Sed
1110 1956 1231 1993 inanis
1251 1955 1370 2004 gloria

292 1991 456 2046 excludit
475 2009 699 2047 mercedem
716 2017 934 2046 aeternam.
957 2010 1092 2047 dicitur
1112 2010 1216 2047 enim
1233 2011 1368 2047 Matth.

291 2062 387 2100 νει*
416 2063 604 2100 Attendite
640 2075 688 2100 ne
721 2063 899 2100 iustitiam
938 2069 1102 2102 vestram
1121 2064 1281 2112 faciatis
1309 2076 1371 2101 co-

293 2128 378 2154 ram
397 2117 623 2163 hominibus,
646 2123 686 2153 ut
703 2117 911 2154 videamini
928 2119 977 2155 ab
996 2118 1048 2154 eis
1064 2122 1094 2155 ⁴¹.
1125 2119 1228 2166 Ergo
1248 2117 1370 2154 inanis
1397 2114 1398 2134 ³

292 2169 411 2219 gloria
440 2178 496 2207 est
514 2178 716 2220 peccatum
746 2171 920 2208 mortale.

349 2235 384 2261 2.
415 2224 656 2271 PnAssTEREA,
691 2224 927 2273 quicumque
962 2224 1122 2273 subripit
1159 2224 1229 2261 sibi
1263 2224 1371 2272 quod

294 2286 350 2315 est
377 2277 450 2314 Dei
478 2278 693 2327 proprium,
715 2277 925 2315 mortaliter
942 2285 1089 2327 peccat.
1121 2278 1197 2315 Sed
1217 2290 1287 2327 per
1306 2290 1372 2327 ap-

293 2331 453 2380 petitum
482 2331 603 2368 inanis
631 2332 772 2380 gloriae
801 2331 936 2380 aliquis
965 2330 1035 2368 sibi
1064 2331 1231 2368 attribuit
1264 2331 1371 2380 quod

294 2392 350 2421 est
369 2384 568 2433 proprium
589 2384 679 2422 Dei:
707 2385 843 2422 dicitur
863 2385 965 2423 enim
985 2384 1104 2422 Isaiae
1125 2397 1196 2422 ιιιιι
1211 2384 1247 2422 *z
1282 2385 1370 2423 Glo-

292 2438 392 2475 riam
421 2450 546 2476 meam
575 2438 687 2476 alteri
713 2451 788 2476 non
818 2439 940 2483 dabo;
976 2447 1013 2476 et
1048 2440 1061 2475 1
1091 2439 1143 2476 ad
1173 2439 1270 2476 Tim.
1301 2438 1371 2476 1*:

293 2491 374 2529 Soli
400 2492 484 2529 Deo
512 2493 637 2529 honor
664 2498 699 2530 et
724 2493 865 2543 gloria.
897 2493 1000 2541 Ergo
1027 2492 1148 2530 inanis
1168 2492 1287 2542 gloria
1317 2501 1372 2530 est

293 2553 496 2595 peccatum
526 2547 700 2583 mortale.

295 2652 556 2702 periculosum
585 2661 623 2690 et
651 2653 857 2700 nocivum,
886 2653 1040 2691 videtur
1077 2666 1160 2691 esse
1198 2655 1371 2691 mortale.

297 2705 375 2743 Sed
404 2715 606 2756 peccatum
627 2706 750 2744 inanis
769 2707 911 2755 gloriae
932 2715 988 2744 est
1008 2707 1252 2744 huiusmodi:
1283 2707 1373 2757 quia

296 2772 412 2809 super
430 2760 524 2798 illud
555 2762 567 2798 l
588 2761 641 2798 ad
663 2762 787 2798 Thess.
809 2772 831 2798 11
851 2760 883 2807 ³¹²,
903 2761 986 2798 Deo
1009 2761 1075 2810 qui
1088 2761 1229 2809 probat
1255 2762 1373 2799 corda

296 2819 438 2861 nostra,
465 2814 554 2852 dicit
582 2814 720 2852 Glossa
738 2814 759 2836 '¹‘
786 2813 1008 2862 Augustini:
1046 2814 1150 2857 Quas
1176 2815 1276 2852 vires
1305 2828 1372 2853 no-

296 2868 407 2905 cendi
440 2869 579 2906 habeat
610 2869 804 2906 humanae
830 2868 980 2919 gloriae
1007 2879 1131 2914 amor,
1161 2880 1237 2905 non
1265 2869 1376 2906 sentit

297 2921 370 2958 nisi
397 2922 463 2970 qui
496 2923 532 2959 ei
558 2922 696 2960 bellum
734 2922 932 2959 indixerit.-
970 2922 1060 2970 quia
1097 2922 1165 2958 etsi
1195 2923 1373 2971 cuiquam

285 2975 410 3024 facile
437 2981 491 3013 est
517 2976 669 3013 laudem
699 2988 774 3013 non
796 2988 933 3025 cupere
960 2976 1051 3013 dum
1081 2981 1256 3025 negatur,
1276 2976 1374 3025 diffi-

297 3029 367 3066 cile
386 3035 510 3067 tamen
531 3035 587 3067 est
602 3042 648 3067 ea
668 3043 743 3067 non
763 3029 942 3067 delectari
955 3041 1042 3066 cum
1058 3028 1229 3079 offertur.
1251 3029 1373 3079 Chry-

56 3091 162 3114 Homil—
170 3090 234 3119 m
241 3091 270 3113 ad
299 3090 494 3120 sostomus
514 3083 629 3121 etiam
650 3083 750 3131 dicit,
767 3084 902 3121 Matth.
920 3095 955 3120 vr
975 3082 1007 3130 ²⁸,
1023 3082 1129 3131 quod
1149 3083 1273 3120 inanis
1290 3083 1374 3134 glo-

55 3125 146 3141 Vffl--l

58 3336 82 3386 2.
92 3337 176 3387 »aa
176 3337 272 3368 ''¹⁹“s

58 3390 134 3413 xm..
118 3365 271 3414 ⁰1nffsszm¹¹

59 3418 140 3446 chrys.

298 3136 357 3173 ria
387 3137 530 3174 occulte
557 3137 786 3188 ingreditur,
817 3143 853 3174 et
879 3137 1008 3174 omnia
1038 3148 1136 3185 quae
1163 3138 1262 3174 intus
1287 3143 1377 3174 sunt
1400 3145 1402 3155 ⁸

299 3190 560 3228 insensibiliter
591 3192 728 3239 aufert.
766 3191 869 3240 Ergo
899 3190 1023 3228 inanis
1055 3190 1174 3239 gloria
1203 3198 1259 3228 est
1285 3203 1375 3240 pec·
1400 3205 1402 3220 ÷

300 3250 429 3280 catum
458 3246 632 3282 mortale.

356 3297 431 3334 SED
460 3309 608 3336 CONTRA
637 3310 704 3336 EST
731 3298 838 3348 quod
859 3298 1162 3358 Chrysostomus
1192 3297 1292 3345 dicit,
1311 3309 1374 3334 su—

295 3362 367 3398 per
394 3350 533 3388 Matth.
553 3351 598 3412 *ζ
624 3352 729 3401 quod
766 3364 853 3389 cum
882 3357 1006 3389 cetera
1034 3351 1125 3388 vitia
1154 3351 1279 3388 locum
1308 3351 1375 3388 ha·
1400 3345 1402 3372 ³

233 3398 263 3419 ⁹¹²
300 3404 445 3441 beant
430 3416 467 3440 in
495 3405 614 3442 servis
637 3406 788 3452 diaboli,
809 3406 933 3443 inanis
960 3405 1087 3456 gloria
1111 3405 1236 3442 locum
1264 3403 1403 3442 habet
1429 3411 1485 3441 est
1513 3411 1717 3452 peccatum
1747 3405 1920 3442 mortale.
1950 3405 2063 3443 Unde
2084 3406 2318 3454 Augustinus
2348 3407 2447 3454 dicit,
2469 3407 2507 3444 in

355 3520 382 3551 α)
403 3519 480 3544 eis.-
498 3518 617 3552 alioquin
638 3521 785 3546 mercedem
805 3528 858 3546 non
882 3521 1012 3547 habebitis
1036 3521 1110 3553 apud
1129 3521 1239 3546 Patrem
1259 3524 1377 3545 vestrum

301 3556 347 3588 qui
365 3556 391 3580 in
411 3555 493 3580 caelis
511 3558 551 3579 est
571 3556 640 3580 addit
658 3555 687 3580 P.

356 3589 381 3623 β)
402 3594 501 3615 autem.
514 3604 532 3609 -
551 3591 621 3615 enim
641 3590 812 3617 ABCEFHL.

354 3627 381 3660 γ)
401 3630 485 3652 tuum.
497 3640 517 3645 -
536 3634 622 3651 meum
642 3626 832 3659 BEFHpACK.

444 3681 555 3706 Summam
574 3680 676 3705 Tuam..
696 3680 728 3705 D.
740 3680 856 3705 TnonAn
875 3680 908 3706 Τ.
926 3681 980 3706 VII.

1422 1795 1535 1831 etiam
1565 1794 1603 1831 in
1631 1796 1751 1831 servis
1785 1795 1934 1831 Christi.
1967 1795 2009 1831 In
2038 1794 2178 1844 quibus
2203 1804 2334 1834 tamen
2354 1797 2502 1834 nullum

1425 1855 1481 1884 est
1508 1855 1710 1897 peccatum
1739 1849 1911 1886 mortale.
1943 1848 2046 1896 Ergo
2068 1848 2190 1886 inanis
2209 1850 2329 1898 gloria
2348 1863 2426 1887 non
2449 1859 2504 1888 est

1424 1909 1626 1950 peccatum
1656 1902 1829 1938 mortale.

1480 1956 1707 1992 Respoumzo
1728 1967 1915 1992 mCENDUM
1938 1957 2057 2003 quod,
2074 1956 2170 1993 sicut
2189 1969 2304 2006 supra
2318 1957 2338 1979 ’¹‘
2358 1958 2541 1995 dictum

1426 2016 1498 2056 est,
1529 2021 1575 2046 ex
1604 2010 1678 2046 hoc
1706 2008 1863 2057 aliquod
1892 2017 2094 2058 peccatum
2120 2017 2177 2046 est
2206 2012 2367 2048 mortale
2396 2012 2502 2060 quod

1396 2100 1399 2108 ,
1426 2062 1569 2099 caritati
1590 2062 1851 2100 contrariatur.
1873 2063 2081 2101 Peccatum
2102 2071 2232 2102 autem
2248 2063 2263 2094 β
2282 2064 2405 2102 inanis
2424 2066 2502 2114 glo-

1427 2116 1515 2163 riae,
1537 2116 1752 2153 secundum
1774 2128 1814 2153 se
1835 2116 2131 2164 consideratum,
2148 2130 2227 2155 non
2241 2118 2394 2155 videtur
2413 2132 2503 2156 con-

1425 2170 1570 2207 trariari
1600 2170 1743 2207 caritati
1772 2178 1960 2218 quantum
1982 2171 2031 2207 ad
2052 2171 2296 2208 dilectionem
2324 2173 2500 2221 proximi.

1398 2261 1399 2274 2
1427 2223 1626 2269 Quantum
1655 2231 1784 2260 autem
1815 2224 1863 2261 ad
1884 2223 2128 2261 dilectionem
2153 2225 2237 2272 Dei,
2261 2233 2385 2274 potest
2415 2239 2503 2264 con-

1398 2289 1399 2311 1
1426 2276 1571 2314 trariari
1592 2277 1734 2314 caritati
1755 2277 1965 2326 dupliciter.
1995 2278 2083 2315 Uno
2104 2278 2237 2325 modo,
2259 2279 2405 2317 ratione
2425 2293 2504 2317 ma-

1426 2330 1544 2367 teriae
1574 2330 1621 2367 de
1651 2343 1727 2379 qua
1747 2330 1833 2380 quis
1857 2331 2049 2379 gloriatur.
2080 2333 2176 2368 Puta
2203 2345 2292 2369 cum
2322 2333 2406 2383 quis
2426 2335 2505 2382 glo-

1427 2383 1544 2421 riatur
1573 2384 1620 2421 de
1650 2384 1779 2433 aliquo
1810 2384 1903 2421 falso
1942 2385 2048 2434 quod
2078 2386 2327 2423 contrariatur
2356 2387 2505 2425 divinae

1399 2458 1400 2487 3
1427 2438 1684 2475 reverentiae:
1711 2439 1924 2476 secundum
1946 2439 2036 2476 illud
2061 2440 2202 2477 Ezech.
2222 2441 2390 2478 xxvu1*:

1399 2495 1401 2541 ᾗ
1427 2498 1558 2529 vatum
1587 2498 1641 2529 est
1667 2504 1735 2529 cor
1762 2498 1868 2530 tuum
1888 2497 1916 2540 Υ,
1946 2499 1982 2530 et
2008 2494 2156 2531 dixisti.-
2187 2495 2290 2531 Deus
2309 2506 2382 2545 ego
2401 2507 2505 2540 sum,-

1399 2559 1400 2563 ’
1429 2553 1465 2582 et
1494 2546 1507 2582 I
1537 2545 1590 2582 ad
1616 2546 1704 2583 Cor.
1736 2558 1770 2583 ιν
1789 2546 1824 2583 *z
1860 2547 1960 2589 Quid
1982 2547 2097 2584 habes
2125 2548 2228 2596 quod
2255 2560 2329 2585 non
2359 2550 2503 2598 accepi·
2535 2563 2542 2571 ·

349 2599 384 2636 3.
406 2599 643 2647 PRAETEREA,
662 2600 752 2637 illud
781 2608 983 2649 peccatum
1004 2600 1107 2649 quod
1129 2608 1186 2637 est
1204 2600 1373 2637 maxime
1400 2622 1401 2627 =

1400 2638 1401 2647 ¹
1426 2597 1500 2636 sti?
1527 2600 1569 2636 Si
1590 2605 1717 2637 autem
1738 2600 1925 2648 accepisti,
1946 2612 2067 2649 quare
2091 2602 2273 2651 gloriaris
2300 2603 2411 2650 quasi
2428 2615 2502 2640 non

1400 2651 1401 2678 l
1427 2653 1649 2702 acceperis?
1677 2653 1748 2690 Vel
1768 2653 1882 2691 etiam
1903 2666 1992 2691 cum
2023 2654 2107 2703 quis
2128 2655 2273 2692 bonum
2293 2658 2504 2705 temporale

1399 2713 1401 2751 J
1428 2707 1476 2744 de
1505 2719 1584 2756 quo
1614 2707 1808 2756 gloriatur,
1830 2708 1993 2756 praefert
2021 2709 2126 2746 Deo:
2149 2709 2271 2770 'quod
2282 2710 2506 2758 prohibetur

1429 2762 1630 2798 Ierem.1x
1653 2762 1692 2798 *t
1726 2761 1817 2798 Non
1853 2761 2041 2811 glorietur
2071 2763 2220 2811 sapiens
2257 2763 2293 2799 in
2322 2764 2505 2811 sapientia
2535 2780 2543 2788 ·

1426 2826 1509 2861 sua,
1531 2827 1600 2852 nec
1616 2815 1736 2864 fortis
1756 2815 1792 2852 in
1811 2815 2041 2863 fortitudine
2067 2828 2149 2862 sua,
2172 2828 2240 2853 nec
2267 2817 2368 2854 dives
2391 2817 2428 2854 in
2450 2818 2505 2854 di-

1400 2906 1401 2914 ,
1427 2868 1526 2905 vitiis
1552 2869 1651 2905 suis:
1684 2869 1751 2905 sed
1777 2868 1814 2905 in
1850 2870 1922 2906 hoc
1956 2870 2144 2919 glorietur
2172 2870 2238 2919 qui
2267 2870 2459 2921 gloriatur
2478 2869 2503 2919 δ,

1427 2923 1526 2959 scire
1553 2928 1590 2958 et
1616 2934 1725 2959 nosse
1752 2934 1823 2959 me.
1860 2924 1939 2960 Aut
1968 2923 2083 2960 etiam
2113 2937 2202 2961 curn
2231 2924 2316 2972 quis
2344 2925 2507 2973 praefert

1401 2997 1402 3003 ι
1428 2975 1692 3013 testimonium
1711 2975 1916 3014 hominum
1936 2977 2157 3015 testimonio
2178 2978 2268 3014 Dei.
2298 2978 2393 3014 sicut
2417 2991 2506 3015 con-

1428 3037 1486 3067 tra
1514 3029 1706 3090 quosdam
1736 3029 1871 3067 dicitur
1900 3032 2004 3068 Ioan.
2039 3031 2148 3068 X11*:

1400 3117 1402 3124 ,
1428 3083 1555 3133 magis
1581 3083 1750 3133 gloriam
1779 3084 1976 3121 hominum
2006 3096 2121 3134 quam
2142 3085 2225 3122 Dei.
2256 3085 2342 3122 Alio
2371 3086 2504 3132 modo,

1430 3149 1475 3174 ex
1503 3144 1610 3186 parte
1639 3136 1757 3186 ipsius
1785 3137 1990 3185 gloriantis,
2021 3138 2087 3187 qui
2114 3138 2365 3176 intentionem
2395 3151 2506 3176 suam

1430 3190 1542 3227 refert
1577 3190 1627 3227 ad
1654 3191 1813 3239 gloriam
1853 3199 2037 3239 tanquam
2075 3192 2124 3229 ad
2152 3192 2331 3229 ultimum
2366 3193 2505 3229 finem:

1400 3255 1402 3293 ι
1429 3243 1479 3281 ad
1507 3256 1624 3292 quem
1663 3244 1803 3281 scilicet
1836 3245 1986 3282 ordinet
2003 3250 2016 3266 ⁸
2046 3245 2160 3282 etiam
2188 3246 2337 3283 virtutis
2375 3259 2505 3295 opera,

1430 3305 1467 3334 et
1501 3309 1573 3346 pro
1610 3309 1688 3346 quo
1718 3298 1993 3347 consequendo
2032 3311 2110 3335 non
2144 3299 2420 3348 praetermittat
2455 3300 2507 3337 fa-

1430 3363 1515 3387 cere
1546 3350 1660 3387 etiam
1691 3363 1735 3387 ea
1771 3363 1871 3399 quae
1905 3360 1993 3389 sunt
2028 3360 2160 3390 contra
2188 3354 2330 3390 Deum.
2370 3354 2420 3391 Et
2455 3354 2508 3390 sie

1404 3538 1406 3570 4,
1485 3519 1510 3552 δ)
1529 3520 1664 3553 glorietur
1683 3520 1730 3552 qui
1746 3520 1894 3553 gloriatur.
1905 3533 1923 3539 —
1942 3520 2081 3553 gloriatur
2099 3521 2146 3553 qui
2164 3521 2298 3554 glorietur
2316 3522 2392 3547 BFK.

1432 3557 1508 3617 Hlafi)
1528 3556 1644 3581 ordinet.
1656 3569 1676 3575 —
1694 3556 1806 3581 ordinat
1830 3556 1911 3587 PHL;
1931 3563 1979 3588 pro
1993 3557 2207 3588 praetermittat,
2222 3558 2421 3589 praetermittit
2441 3557 2507 3581 PEG

2334 3689 2359 3705 11

2419 2442 2505 2479 Ele·
2535 2452 2543 2460 ·

2186 3031 2263 3073 Qui
2293 3032 2507 3068 dilexerunt
2535 3043 2543 3053 ·

2549 406 2737 434 [oc.ci1.‚con-

2523 433 2579 454 clus.
2595 440 2615 462 3.

2526 540 2534 548 ⁸
2556 540 2605 560 Art.
2629 546 2644 563 1,
2666 540 2739 562 Com—

2525 569 2595 587 ment.
2612 572 2674 588 num.
2693 573 2726 588 ιιι.

2527 628 2535 636 ·
2546 627 2601 648 Loc.
2617 627 2654 648 cit.
2674 634 2737 648 num.

2526 654 2569 679 1,in
2576 654 2737 681 temedan-gg.

2526 681 2738 708 part.2conclus.4.

2574 1971 2595 1986 ιι.
2597 1971 2670 2004 xxxv,
2677 1969 2718 1987 art.
2724 1972 2744 1994 3;

2530 1993 2553 2014 1⁸¹
2597 1991 2661 2020 ⁶,qu.
2671 1998 2745 2017 ιιιιιιι,

2530 2023 2571 2041 art.
2587 2025 2606 2047 5.

2632 2069 2646 2103 β

2558 2451 2624 2473 νει-ε.
2641 2458 2660 2473 ².

2558 2562 2623 2584 Vers.
2640 2569 2659 2589 7.

2560 2778 2625 2800 Vera.
2641 2784 2675 2807 23,
2690 2784 2725 2805 ²4-

2560 3042 2625 3065 Vera.
2641 3049 2676 3071 ⁴3·
