2768 4198
882 301 1152 347 QUAESTIO
1183 301 1431 348 CLXXXIV,
1460 302 1758 340 ARTICULUS
1787 302 1874 338 VIII

264 381 313 419 ad
343 381 583 419 dilectionem
611 379 788 429 proximi,
819 379 926 415 cuius
956 391 1069 415 curae
1102 380 1333 427 superinten—

263 435 376 472 dunt:
409 434 512 471 unde
542 441 580 470 et
607 434 877 479 nominantur,
907 439 947 468 ut
975 440 1078 480 patet
1107 445 1174 480 per
1202 435 1331 481 Augu-

264 488 418 535 stinum,
448 487 539 524 XIX
567 487 614 523 de
645 486 725 523 Civ.
755 485 831 522 Dei
847 484 878 522 ⁷⁸.
914 486 1017 533 Ergo
1046 486 1199 522 videtur
1227 487 1332 534 quod

264 548 382 578 status
402 540 667 588 religiosorum
688 538 734 574 sit
753 538 957 586 perfectior
976 551 1093 586 quam
1114 547 1231 576 status
1256 540 1333 588 epi-

264 605 483 642 scoporum.

318 647 354 683 3.
379 647 615 691 PRAETEREA,
636 651 754 681 status
782 644 1045 693 religiosorum
1070 646 1266 683 ordinatur
1285 646 1334 683 ad

22 497 32 507 ⁰
45 495 102 524 Cap.
117 501 165 518 xix.

262 699 383 736 vitam
403 697 752 746 contemplativam,
774 710 873 746 quae
893 698 1019 746 potior
1039 706 1094 735 est
1112 711 1231 747 quarn
1255 699 1334 735 vita
1360 697 1362 729 ἱ

120 755 151 789 β’
263 752 399 798 activa,
420 753 467 788 ad
497 763 614 799 quam
644 750 843 788 ordinatur
862 749 877 780 β
905 759 1023 788 status
1043 752 1333 800 episcoporum:

53 811 113 834 Part.
137 811 160 838 1,
184 815 235 837 cap.

263 859 429 895 activam
457 857 574 894 vitam
603 857 784 905 prodesse
812 858 1004 905 proximis
1033 859 1185 907 cupiens
1212 860 1335 896 Isaias

265 912 435 960 officium
466 911 763 959 praedicationis
800 911 971 959 appetiit:
1003 923 1076 959 per
1109 913 1335 961 contempla-

121 963 138 990 Τ
263 966 402 1002 tionem
422 969 438 992 Υ
465 976 557 1002 vero
584 964 780 1010 Ieremias,
810 964 938 1001 amori
968 965 1179 1001 Conditoris
1206 965 1334 1002 sedulo

264 1019 464 1055 inhaerere
501 1018 729 1063 desiderans,
759 1029 807 1054 ne
833 1017 930 1054 mitti
955 1018 1007 1054 ad
1033 1019 1335 1066 praedicandum

264 1072 407 1118 debeat,
435 1071 668 1108 contradicit.
694 1071 797 1118 Ergo
817 1071 969 1107 videtur
988 1072 1094 1118 quod
1115 1079 1233 1108 status
1253 1072 1335 1108 reli-

264 1125 461 1173 giosorum
482 1124 528 1161 sit
546 1124 749 1173 perfectior
767 1136 886 1172 quam
906 1131 1024 1161 status
1049 1124 1334 1173 episcoporum.

320 1179 396 1216 sm>
423 1189 582 1225 CONTRA,
611 1177 703 1214 nulli
731 1177 817 1214 licet
845 1190 868 1215 a
896 1177 1032 1214 maiori
1062 1185 1159 1214 statu
1189 1178 1237 1214 ad
1267 1179 1337 1215 mi-

265 1244 401 1270 norem
430 1231 609 1269 transire:
639 1231 715 1268 hoc
735 1231 840 1268 enim
870 1239 970 1268 esset
997 1237 1099 1268 retro
1119 1232 1287 1280 aspicere
1305 1232 1336 1269 ²¹².

266 1286 346 1331 Sed
372 1292 511 1335 potest
526 1284 663 1333 aliquis
691 1297 714 1322 a
742 1292 840 1322 statu
873 1284 1064 1333 religionis
1097 1284 1255 1321 transire
1289 1285 1338 1322 ad

265 1346 406 1377 statum
436 1338 714 1388 episcopalem:
743 1338 880 1376 dicitur
908 1338 1011 1375 enim
1031 1338 1168 1385 XVIII,
1190 1351 1254 1386 qu.
1277 1351 1286 1375 1
1305 1338 1337 1385 ²¹⁶,

265 1392 372 1442 quod
399 1404 511 1430 sacra
541 1392 729 1430 ordinatio
757 1392 804 1430 de
830 1393 1018 1429 monacho
1046 1392 1261 1441 episcopum
1270 1393 1339 1440 sa-

25 1238 104 1263 ·Lne.
123 1244 174 1268 σῳ.
198 1243 237 1266 ix,

24 1346 238 1371 ‘mmuh-⁸.

265 1447 324 1484 cit.
355 1447 458 1495 Ergo
478 1453 596 1483 status
616 1446 886 1495 episcoporum
906 1453 963 1482 est
988 1445 1191 1494 perfectior
1219 1458 1338 1494 quam
1365 1446 1367 1453 ’

265 1500 544 1548 religiosorum.

320 1555 548 1592 Respounno
566 1564 754 1590 mesanum
769 1553 888 1600 quod,
909 1552 1006 1589 sicut
1032 1552 1267 1600 Augustinus
1287 1552 1340 1590 di-

121 1611 239 1637 m-Cf-
267 1606 328 1654 cit,
350 1608 420 1644 XII
441 1618 556 1656 super
578 1607 671 1644 Gen.
691 1606 745 1644 ad
764 1606 828 1643 litt.
849 1605 880 1653 ²¹³,
908 1618 1058 1655 semper
1084 1618 1205 1656 agens
1226 1618 1340 1655 prae-

77 1637 240 1694 ,μέ-ξω

155 1745 219 1769 W
267 1713 450 1763 episcopi,
467 1713 682 1751 secundum
698 1713 929 1763 Dionysium
939 1713 972 1761 *,
989 1726 1028 1751 se
1043 1714 1188 1751 habent
1202 1721 1243 1750 ut
1252 1725 1339 1762 per-

265 1820 429 1871 pertinet
457 1821 507 1859 ad
535 1821 740 1868 actionem,
770 1821 931 1858 alterum
960 1828 1090 1858 autem
1118 1821 1168 1858 ad
1196 1820 1341 1869 passio-

266 1887 371 1913 nem.
399 1875 514 1912 Unde
534 1874 781 1912 manifestum
802 1881 858 1912 est
877 1875 983 1922 quod
1004 1882 1121 1912 status
1140 1874 1341 1923 perfectio-

125 1924 142 1952 ⁸
266 1927 326 1966 nis
353 1928 482 1978 potius
500 1925 514 1950 ὅ
545 1936 601 1965 est
628 1928 666 1965 in
705 1928 894 1977 episcopis
928 1940 1044 1977 quam
1072 1927 1110 1964 in
1145 1927 1340 1976 religiosis.

319 1983 380 2021 An
414 1993 554 2019 patmum
582 1993 682 2019 ERGO
710 1993 897 2019 montinum
926 1981 1033 2030 quod
1061 1981 1342 2018 abrenuntiatio

266 2035 511 2085 propriarum
531 2035 753 2072 facultatum
774 2034 974 2084 dupliciter
1001 2034 1235 2072 considerari
1259 2042 1343 2085 pot-

248 2084 335 2127 'est.
366 2089 454 2127 Uno
483 2089 618 2136 modo,
639 2089 854 2126 secundum
883 2088 990 2136 quod
1020 2096 1076 2126 est
1103 2088 1142 2125 in
1163 2096 1263 2126 acm.
1294 2089 1344 2126 Et

267 2143 323 2180 sic
350 2142 390 2180 in
409 2155 455 2179 ea
483 2155 562 2180 non
583 2142 753 2180 consistit
780 2142 1027 2179 essentialiter
1054 2142 1249 2191 perfectio,
1274 2142 1342 2179 sed

269 2204 325 2234 est
353 2196 552 2244 quoddam
574 2196 818 2245 perfectionis
837 2195 1147 2242 instrumentum,
1169 2196 1263 2233 sicut
1282 2209 1343 2232 su-

267 2261 338 2300 pra
355 2249 376 2272 *
404 2250 550 2287 dictum
580 2257 648 2287 est.
678 2251 728 2287 Et
754 2249 844 2287 ideo
873 2249 965 2286 nihil
994 2249 1172 2299 prohibet
1203 2257 1344 2287 statum

267 2303 510 2352 perfectionis
530 2315 613 2340 esse
633 2303 714 2340 sine
734 2302 1065 2340 abrenuntiatione
1084 2303 1342 2352 propriorum.

323 2417 349 2451 β)
369 2417 555 2444 ordinatum·
573 2417 738 2443 ordinantur
755 2417 901 2443 ABFILsC.

322 2453 349 2487 γ)
368 2453 630 2486 contemplationem.
648 2467 668 2473 -
691 2453 927 2486 contemplativam
952 2453 1005 2482 Pa,·
1024 2461 1072 2487 pro
1096 2454 1194 2483 amori,
1213 2453 1345 2485 amoueri,

266 2489 308 2514 vel
323 2489 474 2515 ammoneri
485 2489 599 2514 ABDEF
600 2489 712 2522 11<ch;
727 2497 776 2522 pro
791 2489 955 2519 Conditoris,
969 2489 1134 2514 conditionis
1147 2489 1344 2522 ABEFIKLpC.

264 804 352 842 dicit
382 804 483 841 enim
522 804 752 851 Gregorius,
783 804 821 841 in
848 805 1035 841 Pastoral.
1055 804 1096 851 *,
1127 806 1231 854 quod
1263 817 1335 854 per
1361 799 1362 806 ¹

187 1671 239 1715 effi
265 1661 424 1698 stantius
442 1666 497 1698 est
507 1660 685 1709 patiente.
711 1661 754 1696 In
773 1671 912 1708 genere
933 1668 1062 1697 autem
1082 1659 1339 1708 perfectionis,
1366 1654 1368 1672 ἶ

219 1762 239 1774 ”
259 1768 437 1816 fectoreS,
454 1767 619 1815 religiosi
638 1774 768 1804 autem
783 1774 826 1804 ut
834 1768 1012 1816 perfecti:
1032 1779 1200 1816 quorum
1216 1779 1339 1804 unum
1367 1762 1368 1810 ]

2374 303 2447 347 461

1389 380 1451 417 Sic
1480 380 1594 417 etiam
1625 381 1828 418 diCendum
1852 389 1907 418 est
1936 381 1983 418 de
2013 381 2091 418 aliis
2111 381 2357 418 exterioribus
2387 382 2453 418 ob-

1388 434 1596 471 servantiis.

1440 487 1527 523 Alio
1557 489 1675 524 modo
1703 495 1829 536 potest
1848 487 2078 524 considerari
2106 488 2318 525 secundum
2346 500 2453 536 prae-

1387 540 1624 588 parationem
1655 541 1789 577 animi:
1824 548 1866 577 ut
1893 541 2033 578 scilicet
2061 542 2180 578 homo
2210 541 2256 578 sit
2288 549 2453 589 paratus,

1388 593 1418 629 si
1447 606 1544 642 opus
1581 594 1708 639 fuerit,
1740 594 1870 630 omnia
1903 594 2089 631 dimittere
2117 595 2180 631 vel
2218 594 2453 631 distribuere.

1360 673 1362 693 ,
1389 647 1437 682 Et
1464 647 1538 683 hoc
1566 647 1728 695 pertinet
1765 647 1904 684 directe
1943 647 1991 685 ad
2019 647 2304 696 perfectionem.
2343 648 2455 685 Unde

1388 699 1622 747 Augustinus
1659 700 1766 747 dicit,
1795 700 1833 736 in
1861 700 1958 737 libro
1987 701 2032 737 de
2063 701 2212 743 Quaest.
2240 702 2392 750 Evang.
2413 701 2454 737 *τ

1394 753 1559 790 Ostendit
1583 754 1771 790 Dominus
1787 754 1895 801 filios
1921 754 2126 801 sapientiae
2153 754 2361 804 intelligere
2380 766 2454 791 non

1389 806 1425 842 in
1456 807 1674 843 abstinendo
1703 818 1771 843 nec
1799 807 1835 843 in
1865 808 2129 844 manducando
2158 820 2236 844 esse
2259 808 2456 844 iustitiam:

1361 880 1363 882 v
1387 860 1453 895 sed
1480 859 1516 895 in
1546 860 1839 908 aequanimitate
1867 860 2052 897 tolerandi
2078 861 2256 909 inopiam.
2287 861 2400 898 Unde
2421 869 2457 898 et

1390 913 1599 961 Apostolus
1615 912 1752 949 dicit*:
1774 914 1858 949 Scio
1878 914 2074 950 abundare
2097 920 2131 950 et
2143 915 2346 962 penuriam
2361 915 2453 963 pati.

1390 967 1450 1002 Ad
1478 966 1554 1002 hoc
1582 973 1711 1002 autem
1748 966 1914 1002 maxime
1942 974 2118 1003 tenentur
2146 967 2326 1016 episcopi,
2351 968 2456 1016 quod

1391 1019 1522 1055 omnia
1551 1031 1619 1055 sua
1647 1031 1718 1067 pro
1747 1019 1894 1055 honore
1922 1019 1994 1056 Dei
2024 1028 2060 1056 et
2088 1020 2206 1056 salute
2242 1020 2299 1057 sui
2336 1021 2457 1069 gregis

1392 1080 1650 1118 contemnant,
1678 1084 1765 1108 cum
1795 1084 1892 1120 opus
1920 1072 2041 1119 fuerit,
2062 1074 2124 1110 vel
2143 1073 2374 1122 pauperibus
2400 1074 2458 1111 sui

1363 1155 1364 1158 ,
1391 1125 1511 1173 gregis
1539 1125 1751 1173 largIendo,
1781 1126 1842 1161 vel
1871 1126 2046 1173 rapinam
2084 1127 2269 1163 bonorum
2301 1139 2457 1164 suorum

1393 1190 1479 1215 cum
1507 1179 1651 1228 gaudio
1678 1178 1892 1215 sustinendo
1911 1178 1942 1215 ²¹⁴.

1445 1234 1505 1268 AD
1534 1243 1726 1269 SECUNDUM
1750 1243 1935 1268 DICENDUM
1964 1232 2069 1279 quod
2097 1233 2172 1268 hoc
2198 1232 2325 1280 ipsum
2355 1234 2459 1281 quod

1394 1285 1562 1334 episcopi
1592 1285 1791 1321 intendunt
1819 1285 1877 1321 his
1906 1297 2004 1333 quae
2039 1285 2228 1334 pertinent
2255 1286 2304 1323 ad
2337 1286 2461 1334 proxi-

1393 1350 1547 1375 morum
1576 1338 1840 1385 dilectionem,
1869 1339 2045 1386 provenit
2073 1351 2118 1375 ex
2146 1339 2378 1376 abundantia
2408 1339 2461 1376 di-

1393 1391 1564 1428 lectionis
1594 1391 1757 1428 divinae.
1787 1391 1899 1428 Unde
1929 1391 2119 1429 Dominus
2147 1392 2272 1440 primo
2302 1405 2324 1429 a
2347 1393 2461 1430 Petro

1394 1444 1582 1493 quaesivit
1611 1456 1659 1481 an
1689 1456 1778 1480 eum
1816 1444 2004 1492 diligeret,
2041 1453 2075 1481 et
2110 1452 2244 1494 postea
2278 1445 2311 1482 ei
2340 1446 2461 1493 gregis

1395 1510 1527 1536 curam
1558 1497 1748 1534 commisit
1767 1497 1798 1534 ³¹².
1834 1498 1883 1534 Et
1911 1498 2115 1545 Gregorius
2145 1498 2243 1545 dicit,
2273 1499 2310 1535 in
2338 1500 2463 1536 Pasto-

1395 1552 1465 1590 ral.
1485 1551 1525 1588 *z
1556 1552 1598 1588 Si
1623 1551 1829 1588 dilectionis
1857 1557 1910 1587 est
1937 1551 2186 1588 testimonium
2215 1563 2308 1588 cura
2335 1558 2462 1600 pasto-

1366 1640 1368 1651 ,
1395 1607 1447 1643 ris
1465 1610 1490 1653 ⁸,
1520 1605 1698 1654 quisquis,
1723 1604 1920 1641 virtutibus
1943 1604 2100 1652 pollens,
2128 1616 2288 1654 gregem
2317 1606 2391 1641 Dei
2408 1617 2463 1642 re-

1395 1660 1477 1697 nuit
1499 1671 1668 1707 pascere,
1688 1659 1883 1695 Pastorem
1903 1658 2102 1694 Summum
2132 1658 2366 1695 convincitur
2389 1671 2463 1696 non

1366 1752 1368 1760 (
1395 1724 1539 1751 amare.
1562 1713 1649 1749 Hoc
1669 1719 1798 1748 autem
1820 1718 1876 1748 est
1895 1711 2050 1749 maioris
2071 1711 2280 1748 dilectionis
2302 1711 2463 1760 signum,

1396 1774 1435 1804 ut
1453 1767 1574 1804 homo
1594 1773 1750 1815 propter
1770 1765 1936 1805 amicum
1958 1764 2071 1802 etiam
2092 1764 2152 1801 alii
2177 1765 2325 1812 serviat,
2347 1778 2464 1814 quam

1397 1820 1509 1858 etiam
1539 1820 1570 1857 si
1599 1819 1668 1856 soli
1697 1818 1823 1856 amico
1852 1818 1944 1855 velit
1973 1818 2126 1855 servire.

1448 1875 1507 1910 Ab
1536 1885 1698 1911 ’reanum
1722 1884 1908 1909 DICENDUM
1937 1872 2054 1920 quod,
2076 1871 2169 1909 sicut
2189 1872 2394 1920 Gregorius
2415 1872 2466 1909 di-

1397 1928 1456 1975 cit,
1477 1927 1515 1964 in
1534 1926 1720 1964 Pastoral.
1736 1925 1774 1962 *z
1806 1926 1862 1963 Sit
1873 1926 2031 1974 praesul
2057 1926 2204 1962 actione
2225 1926 2465 1974 praecipuus,

1391 1993 1490 2030 prae
1526 1981 1669 2018 cunctis
1704 1980 2016 2028 contemplatione
2051 1991 2270 2027 suspensus:
2299 1979 2389 2028 quia
2418 1980 2465 2017 ad

1396 2035 1501 2084 ipsos
1530 2034 1693 2084 pertinet
1730 2045 1809 2070 non
1847 2034 1973 2070 solum
2008 2041 2164 2082 propter
2201 2033 2368 2082 seipsos,
2398 2033 2466 2070 sed

1368 2108 1370 2124 1
1398 2088 1511 2126 etiam
1533 2095 1689 2137 propter
1708 2087 1996 2124 instructionem
2017 2087 2178 2123 aliorum
2208 2087 2466 2135 contemplari.

1398 2142 1509 2180 Unde
1539 2141 1746 2190 Gregorius
1780 2140 1889 2188 dicit,
1918 2151 2032 2189 super
2058 2140 2192 2189 Ezech.
2212 2139 2249 2187 ³⁸,
2279 2140 2384 2188 quod
2422 2140 2468 2176 de

1394 2196 1571 2245 perfectis
1597 2195 1689 2232 viris
1710 2200 1797 2243 post
1829 2194 2180 2243 contemplationem
2216 2205 2325 2230 suam
2364 2194 2467 2230 rede-

1400 2250 1548 2286 untibus
1576 2250 1732 2286 dicitur:
1766 2249 2002 2285 Memoriam
2038 2247 2232 2285 suavitatis
2266 2253 2352 2284 tuae
2385 2259 2468 2284 eru-

1399 2304 1562 2340 ctabunt.

1451 2416 1476 2450 B)
1492 2417 1593 2450 potius.
1604 2431 1624 2436 -
1637 2417 1731 2449 potior
1749 2416 1866 2442 PCDI-Ia.

1452 2453 1474 2486 ε)
1491 2453 1621 2485 pastoris.
1633 2466 1653 2473 -
1667 2453 1816 2485 pastoralis
1835 2452 1864 2478 P.

941 2559 1279 2592 commentat-ia
1302 2559 1558 2592 Garamans
1581 2534 1784 2592 Gaietani

301 2651 322 2671 N
346 2638 479 2671 articulo
503 2638 640 2679 septimo
665 2638 808 2669 eiusdem
832 2638 1048 2679 quaestionis,
1073 2639 1253 2669 notandum
1279 2645 1343 2675 est,

273 2652 338 2716 Iut
366 2684 463 2716 unico
489 2684 588 2714 verbo
618 2683 764 2723 quaestio
795 2683 834 2713 de
867 2682 1059 2723 perfectione
1089 2683 1284 2723 paupertatis
1315 2690 1346 2714 et

271 2729 421 2762 castitatis
445 2728 637 2763 absolvatur,
661 2727 751 2768 quod
773 2727 942 2767 quodlibet
963 2727 1098 2764 horum,
1123 2734 1281 2768 quantum
1306 2728 1346 2758 ad

270 2774 379 2816 ipsum
392 2780 509 2809 actum,
522 2772 640 2803 scilicet
655 2781 723 2802 esse
739 2771 901 2802 actualiter
917 2781 1102 2812 pauperem,
1120 2781 1223 2802 carere
1239 2778 1346 2802 actua-

270 2818 342 2850 liter
365 2827 474 2854 uxore,
499 2816 742 2848 concedendum
765 2822 812 2846 est
835 2815 937 2846 dicere
961 2822 992 2846 et
1015 2825 1082 2846 esse
1105 2816 1345 2856 perfectionem,

270 2861 553 2894 instrumentaliter
575 2868 691 2892 tamen.
716 2860 758 2891 Et
776 2860 819 2890 sic
836 2869 902 2890 non
919 2866 1047 2900 oportet
1070 2860 1210 2891 multum
1234 2860 1344 2901 dispu-

271 2914 351 2939 tare:
377 2908 431 2938 sed
450 2906 647 2946 ubicumque
664 2905 741 2935 haec
757 2904 907 2945 repereris
924 2914 991 2934 esse
1005 2904 1225 2944 perfectiones,
1250 2904 1346 2935 fatere

272 2962 385 2983 verum
408 2951 441 2982 id
464 2961 548 2987 esse,
574 2950 628 2980 sed
652 2960 724 2981 cum
748 2958 858 2990 grano
880 2949 974 2986 salis,
1000 2949 1131 2986 scilicet,
1152 2950 1347 2980 instrumen-

274 2997 395 3034 taliter,
419 3006 482 3027 non
507 2995 731 3026 essentialiter.

331 3041 431 3071 Iidem
462 3047 569 3071 autem
605 3046 693 3070 actus
723 3039 902 3070 secundum
936 3037 1034 3068 animi
1069 3037 1345 3077 praeparationem

274 3092 349 3116 sunt
368 3085 576 3126 perfectiones
592 3083 688 3124 longe
703 3083 735 3113 in
752 3082 855 3113 altiori
871 3082 970 3122 gradu
987 3091 1086 3123 quam
1106 3081 1211 3122 primo
1228 3082 1344 3113 modo:

1399 2639 1554 2680 quoniam
1579 2646 1654 2670 sunt
1677 2638 1899 2678 inseparabiles
1923 2638 2055 2668 comites
2079 2647 2134 2668 seu
2152 2637 2279 2668 effectus
2296 2637 2467 2668 essentialis

1399 2683 1611 2724 perfectionis,
1637 2693 1720 2724 quae
1742 2683 1775 2712 in
1800 2682 1925 2713 caritate
1950 2681 2101 2712 consistit.
2128 2682 2192 2719 Qui
2209 2681 2293 2711 enim
2313 2681 2467 2721 perfectae

1400 2728 1535 2759 caritatis
1559 2735 1624 2764 est,
1653 2726 1872 2768 paratissimus
1895 2732 1942 2756 est
1965 2733 1995 2756 et
2018 2735 2116 2756 uxore
2147 2732 2177 2756 et
2200 2725 2293 2756 bonis
2317 2726 2467 2757 omnibus

1399 2782 1503 2803 carere
1526 2778 1656 2813 propter
1675 2771 1734 2802 Dei
1757 2778 1812 2802 aut
1835 2770 1971 2811 proximi
1988 2770 2207 2802 dilectionem:
2232 2770 2374 2811 alioquin
2398 2781 2466 2811 per-

1399 2816 1499 2847 fectus
1524 2826 1591 2847 non
1615 2823 1670 2846 est.

1454 2861 1495 2891 Et
1518 2867 1685 2901 propterea
1709 2867 1807 2890 status
1828 2858 2024 2900 episcopam,
2043 2865 2200 2899 quantum
2217 2868 2254 2889 ex
2274 2865 2384 2889 natura
2410 2869 2467 2889 sua

1399 2912 1456 2942 est,
1474 2915 1532 2936 nec
1555 2911 1670 2935 votum
1694 2904 1845 2935 castitatis
1869 2913 1926 2934 nec
1950 2910 2063 2934 votum
2080 2902 2274 2943 paupertatis
2298 2903 2407 2934 habet:
2438 2910 2468 2933 et

1399 2957 1505 2980 tamen
1521 2949 1614 2980 altior
1631 2956 1678 2980 est
1692 2955 1723 2979 et
1738 2948 1906 2989 perfectior
1930 2954 2012 2978 statu
2036 2947 2258 2987 religiosorum
2281 2947 2467 2978 habentium

1399 2994 1476 3025 haec
1492 3000 1577 3025 vota.
1602 2993 1656 3024 Sat
1672 2993 1757 3024 enim
1781 3000 1827 3023 est
1850 2992 2022 3033 episcopali
2045 2991 2230 3032 perfectioni
2254 2991 2367 3022 habere
2390 2992 2467 3023 haec

1400 3038 1433 3068 in
1456 3038 1696 3079 praeparatione
1719 3037 1827 3068 animi.

1448 3160 1501 3167 Μ

331 3277 339 3282 1
1059 3219 1379 3274 ARTICULUS
1410 3218 1685 3261 OCTAVUS

312 3317 469 3349 UTRUM
500 3316 765 3348 PRESBYTERI
790 3314 953 3347 CURATI
977 3314 1036 3344 ET
1059 3311 1377 3344 ARcfflmAcoNI
1402 3311 1499 3342 siNT
1522 3310 1700 3342 MAtoms
1728 3310 2042 3341 PERFECTIONIS
2066 3310 2192 3347 QUAM
2221 3310 2433 3343 RELIGIOSI

725 3395 823 3426 Quodl.
842 3395 883 3426 111,
903 3402 946 3427 qu.
964 3401 999 3424 w,
1019 3398 1064 3418 art.
1086 3392 1115 3423 3;
1137 3392 1178 3417 De
1196 3392 1268 3425 Pers.
1292 3391 1368 3416 Vitae
1387 3390 1468 3422 Spin,
1488 3398 1543 3423 cap.
1561 3398 1594 3414 xx
1611 3397 1687 3422 sqq.;
1708 3390 1738 3415 In
1758 3389 1872 3420 Matth„
1893 3397 1948 3422 cap.
1966 3397 2015 3414 nx.

366 3486 372 3499 ‚
399 3495 438 3526 us‘
463 3490 467 3499 1
492 3477 515 3503 D
536 3477 709 3502 OCTAVUM
729 3477 783 3502 sm
802 3476 1045 3502 PROCEDlTUR.
1063 3463 1223 3500 Videtur
1242 3461 1346 3510 quod
1402 3461 1491 3510 logo
1506 3460 1545 3497 *z
1571 3461 1614 3497 Si
1631 3461 1742 3497 talem
1762 3460 1856 3497 mihi
1871 3460 2034 3509 aliquem
2054 3460 2220 3498 adducas
2238 3462 2466 3499 monachum

440 3570 483 3621 ἦ)

298 3577 301 3583 .
328 3575 414 3608 ²³7»

432 3512 441 3518 ⁴
469 3536 471 3539 ·
494 3519 608 3556 etiam
637 3518 850 3567 presbyteri
879 3518 997 3554 curati
1027 3524 1063 3554 et
1091 3515 1347 3553 archidiaconi
1402 3514 1534 3563 qualis,
1556 3520 1596 3550 ut
1621 3514 1825 3550 secundum
1845 3515 2185 3564 exaggerationem
2206 3514 2343 3561 dicam,
2361 3515 2467 3552 Elias
2491 3524 2515 3544 ⁴⁷
2530 3522 2550 3543 ⁷·

494 3572 566 3609 sint
594 3571 749 3608 maioris
768 3571 1011 3620 perfectionis
1030 3582 1147 3619 quarn
1172 3568 1345 3617 religiosi.
1391 3568 1494 3616 fuit.-
1523 3580 1596 3604 non
1626 3573 1750 3604 tamen
1771 3567 1827 3604 illi
1843 3568 2122 3616 comparandus
2140 3573 2195 3605 est
2211 3569 2286 3617 qui,
2311 3569 2466 3605 traditus

451 3617 595 3663 &Dicit
623 3624 724 3662 enim
756 3625 1067 3673 Chrysostomus,
1088 3624 1127 3660 in
1155 3636 1225 3660 suo
1254 3622 1347 3659 Dia-
1398 3620 1546 3670 populis
1565 3626 1600 3657 et
1626 3621 1831 3658 multorum
1844 3626 2002 3669 peccata
2020 3622 2127 3669 ferre
2154 3621 2378 3671 compulsus,
2398 3622 2465 3658 im-

2482 706 2491 715 ''
2506 705 2557 726 Lib.
2572 705 2600 731 11,
2614 712 2693 732 qu.x1.

2483 924 2493 933 ⁸
2516 922 2554 944 Aa
2583 922 2694 950 Philipp„

2483 955 2533 977 cap.
2550 955 2580 975 tv,
2594 955 2652 970 vers.
2666 955 2694 970 12.

2485 1175 2496 1185 ⁸
2509 1173 2547 1195 Aa
2564 1173 2630 1199 Heu,
2646 1180 2696 1202 cap.

2484 1207 2506 1228 x,
2522 1207 2580 1222 vers.
2594 1207 2629 1229 34.

2490 1504 2500 1513 ⁸
2513 1503 2576 1524 Ioan.
2592 1509 2641 1531 cap.
2653 1510 2699 1529 xxi„

2489 1535 2581 1578 fegisti-5
2589 1536 2667 1584 lffqu.
2679 1563 2700 1578 v.

2494 1928 2502 1936 ⁸
2511 1927 2570 1947 Part,
2586 1927 2614 1953 ΙΙ,
2624 1932 2674 1954 cap.
2686 1933 2702 1948 1.

2494 2139 2504 2148 ⁸
2511 2137 2561 2159 Lib.
2571 2137 2589 2165 1,
2597 2137 2677 2158 homil.
2684 2143 2705 2158 v.

2494 3465 2503 3473 ·
2517 3463 2555 3484 Al.
2571 3463 2600 3484 de
2617 3462 2705 3483 Sacer-

2494 3490 2566 3517 dotio,
2579 3489 2618 3511 lib.
2630 3489 2670 3514 Vl,
2681 3494 2704 3509 n.
