2768 4198
18 529 27 537 ⁴
43 527 79 548 De
93 526 208 548 Fortitud.

18 568 28 578 ⁸
42 567 152 588 Conclus.
167 574 187 596 3.

12 1642 21 1651 ⁸
48 1641 130 1663 Matth.
162 1647 187 1662 ca
206 1657 212 1662 .

11 1674 74 1694 xxvi,
95 1674 154 1690 vers.
176 1674 188 1696 3
206 1684 212 1690 .

14 1861 22 1868 ·
36 1859 88 1880 Lib.
104 1858 132 1884 11,
147 1864 197 1886 cap.
210 1864 223 1883 ι,

10 1886 39 1907 al.
51 1892 76 1909 x.
89 1885 110 1906 in
122 1888 166 1907 vet.
177 1891 223 1906 xvi.

13 1954 21 1962 ⁸
29 1951 68 1973 Iob
79 1958 130 1979 cap.
142 1957 221 1978 1‚vers.

13 2045 21 2053 ⁴
36 2042 115 2063 ierem.
135 2047 186 2069 cap.
202 2048 223 2067 v,

11 2075 69 2091 vers.
86 2074 104 2096 3.

13 2445 21 2453 ⁸
33 2443 67 2465 Ct.
79 2444 176 2465 Aristot.
192 2443 224 2465 E-

15 2470 67 2491 mic.
85 2471 123 2491 lib.
135 2470 163 2496 11,
175 2476 200 2492 ca

14 2503 43 2521 ιν,
60 2503 82 2518 n.
93 2504 115 2522 4.
125 2509 136 2514 -
146 2497 170 2519 S.
180 2496 201 2519 T

14 2524 64 2545 lect.
81 2530 108 2545 n:

261 274 310 321 98

915 271 1183 318 QUAESTIO
1214 271 1427 319 CXXXVI,
1457 275 1755 314 ARTICULUS
1787 278 1798 313 I

939 394 1273 426 Commentario
1296 393 1550 428 cardinalis
1571 398 1772 432 Caietam

291 487 310 507 N
334 476 467 507 articulo
501 476 606 516 primo
635 474 830 516 quaestionis
863 471 1336 511 centesimaetrigesimaesextae
1360 487 1363 521 ἐν
1389 481 1446 507 tra,
1471 493 1491 498 -
1515 477 1668 516 Demum,
1686 489 1760 510 cum
1783 481 1883 512 virtus
1907 481 1965 512 ista
1988 489 2128 522 ponatur
2151 482 2366 523 principaliter
2389 492 2462 522 pro-

264 490 426 551 Idubium
452 520 588 551 occurrit
604 519 740 555 Martini,
759 519 791 548 in
813 518 927 548 eodem
951 523 1083 546 tractatu
1095 515 1122 551 *,
1140 515 1172 545 in
1191 524 1245 556 qu.
1264 525 1275 544 1
1295 516 1335 545 de
1360 522 1362 533 ¹

259 566 412 596 Patientia
422 565 448 602 *,
463 572 571 595 contra
588 564 743 594 rationem
762 563 880 593 litterae
896 561 928 590 in
947 570 1079 600 corpore
1092 559 1188 590 huius
1201 558 1334 595 articuli,

260 610 390 640 dicentis
415 610 503 650 quod
522 610 598 639 haec
615 608 704 644 ratio,
723 607 879 637 intellecta
904 612 939 635 ut
961 605 1051 640 iacet,
1070 604 1165 634 nimis
1185 603 1334 643 perplexa

259 662 314 685 est.
341 655 438 691 Quod
462 654 548 683 enim
572 653 678 693 primo
702 650 874 686 concludit,
895 650 1020 679 videtur
1043 649 1179 678 falsum:
1204 655 1234 678 et
1258 657 1334 678 con-

258 699 421 740 sequentia
444 698 584 728 multum
609 697 753 726 obscura.
788 695 901 734 Arguit
925 693 1011 724 enim
1036 693 1095 723 sic:
1127 692 1219 723 Inter
1249 692 1334 723 alias

250 745 434 784 passiones,
451 743 580 772 tristitia
597 740 726 780 impedit
741 740 857 770 bonum
874 739 1019 769 rationis.
1040 737 1133 779 Ergo
1150 738 1333 767 necessaria

257 793 304 818 est
328 789 432 817 virtus
446 796 510 826 qua
533 786 650 816 bonum
667 785 804 814 rationis
819 788 1028 814 conservetur
1044 787 1157 813 contra
1174 782 1333 812 tristitias.

257 832 387 863 Contra.
420 826 522 866 Tum,
537 831 663 870 primo,
688 828 763 869 quia
793 828 944 859 voluntas
974 827 1041 857 sine
1069 826 1194 858 virtutis
1222 826 1332 856 habitu

256 876 317 906 hoc
342 882 454 916 potest.
477 875 572 914 Ergo.
598 891 618 896 —
640 874 839 904 Antecedens
859 873 1023 913 probatur.
1049 871 1135 909 Quia
1157 871 1234 901 alias
1251 881 1333 901 nun-

255 930 353 961 quam
377 926 486 959 posset
509 918 591 948 exire
615 918 648 948 in
672 917 814 958 primum
839 925 956 948 actum.

311 965 409 1000 Tum,
433 963 586 1001 secundo,
612 962 688 1003 quia
711 962 834 993 dicetur
853 963 942 1003 quod
966 961 1072 991 omnis
1087 961 1186 990 virtus
1206 969 1332 991 conser-

254 1016 307 1039 vat
330 1009 453 1038 bonurn
469 1007 600 1038 rationis
616 1015 726 1038 contra
742 1006 892 1038 tristitias.
918 1007 958 1037 Et
975 1005 1018 1036 sic
1038 1015 1094 1048 per
1110 1005 1171 1035 hoc
1188 1004 1332 1035 medium

254 1063 320 1084 non
345 1054 498 1093 probatur
522 1053 612 1094 quod
637 1053 718 1083 ultra
743 1052 819 1082 alias
842 1052 989 1087 virtutes,
1014 1050 1053 1081 sit
1077 1050 1252 1080 necessaria
1275 1059 1331 1090 pa-

254 1104 372 1128 nentia.

315 1143 422 1173 Tertio
447 1141 560 1178 deficit,
586 1141 662 1182 quia
686 1151 752 1172 non
777 1141 917 1181 assignat
941 1140 1000 1170 nisi
1025 1149 1124 1170 unam
1148 1139 1333 1180 passionem

253 1197 353 1227 quam
377 1187 569 1223 moderetur,
587 1186 706 1217 scilicet
729 1186 896 1217 tristitiam.
922 1186 963 1216 Et
979 1191 1087 1215 tamen
1104 1183 1210 1215 omnis
1232 1183 1332 1214 virtus

253 1232 383 1262 moralis
407 1238 453 1262 est
478 1231 582 1262 media
605 1231 686 1262 inter
703 1231 781 1261 duas
805 1230 986 1271 passiones:
1011 1236 1067 1260 aut
1090 1229 1203 1260 saltem
1227 1228 1332 1269 dupli-

254 1276 329 1307 citer
354 1276 434 1307 circa
465 1277 599 1307 eandem
628 1276 825 1316 passionem,
851 1275 933 1306 sicut
956 1274 1171 1305 mansuetudo
1195 1279 1242 1304 est
1264 1282 1333 1303 me-

255 1321 354 1352 dietas
378 1321 460 1351 inter
483 1331 647 1351 excessum
672 1328 702 1351 et
726 1320 889 1352 defectum
913 1320 987 1351 irae.

313 1365 450 1403 Quarto,
467 1366 543 1407 quia
563 1365 668 1396 omnis
691 1366 790 1396 virtus
814 1372 936 1406 pugnat
959 1371 1069 1395 contra
1091 1363 1250 1394 tristitiam
1273 1362 1333 1392 im-

254 1462 438 1486 severantia.

313 1499 444 1539 Quinto,
468 1501 543 1541 quia
564 1500 742 1531 secundum
767 1499 911 1535 Sanctos,
937 1497 1089 1540 patientia
1113 1505 1160 1529 est
1183 1496 1269 1528 utilis
1293 1496 1333 1526 ad

254 1545 434 1575 tollendum
464 1545 739 1576 insensibilitatem
772 1551 803 1575 et
832 1544 1048 1574 inducendam
1079 1542 1253 1578 tristitiam,
1278 1540 1333 1572 ubi

254 1589 342 1620 nulla
366 1596 447 1620 esset
471 1599 508 1620 ex
531 1590 623 1620 malis
647 1597 793 1620 secutura
817 1589 955 1620 tristitia:
981 1589 1062 1619 sicut
1078 1588 1117 1618 de
1133 1587 1217 1618 facto
1242 1585 1333 1617 Chri-

254 1641 322 1664 stus
346 1634 486 1675 suscepit
509 1634 684 1666 tristitiam:
719 1635 845 1672 Tristis,
870 1633 989 1674 inquit,
1014 1638 1061 1664 est
1083 1633 1193 1663 anima
1218 1640 1289 1662 mea
1304 1630 1332 1661 *.

255 1679 347 1710 Unde
372 1679 523 1719 patientia
539 1689 606 1710 non
630 1679 738 1709 solum
755 1685 803 1709 est
826 1678 997 1709 cohibitiva
1013 1677 1156 1708 tristitiae
1180 1677 1332 1707 exceden—

253 1724 303 1760 tis,
328 1725 383 1754 sed
407 1724 570 1755 excitativa
587 1723 727 1754 tristitiae
751 1722 935 1754 deficientis.
961 1722 1060 1760 Quod
1080 1728 1166 1762 patet
1182 1731 1219 1752 ex
1242 1730 1332 1751 man·

253 1768 422 1799 suetudine
447 1776 590 1809 respectu
615 1769 696 1804 irae,
721 1778 804 1808 quae
828 1775 1003 1808 utrumque
1033 1766 1116 1797 facit.
1145 1766 1186 1797 Et
1210 1776 1247 1796 ex
1270 1765 1333 1795 hoc

253 1814 343 1854 quod
367 1813 473 1843 omnis
497 1813 596 1844 virtus
627 1812 757 1842 moralis
781 1819 828 1842 est
851 1811 956 1842 media
985 1811 1067 1841 inter
1097 1811 1163 1841 duo
1192 1817 1331 1840 extrema

252 1857 337 1888 vitia.
359 1858 400 1888 Et
419 1868 455 1888 ex
471 1857 657 1888 auctoritate
673 1856 830 1897 Gregorii,
843 1855 875 1886 in
892 1855 1076 1886 Moralibus
1086 1855 1113 1891 *,
1127 1864 1224 1895 super
1239 1853 1332 1891 illud,

253 1902 405 1933 Surrexit
427 1902 503 1939 Iob,
528 1902 622 1933 scidit
645 1903 833 1932 vestimenta
856 1910 935 1938 sua,
961 1906 1002 1937 et,
1019 1905 1112 1930 tonso
1134 1900 1249 1940 capite,
1274 1898 1331 1928 ad-

252 1947 403 1977 oravit*.·
427 1947 481 1977 ubi
505 1954 615 1977 contra
639 1946 778 1976 nimium
795 1946 946 1976 dolorum
971 1954 1103 1975 sensum
1127 1942 1332 1984 contraponit

251 1991 539 2027 insensibilitatem,
564 1998 595 2022 et
619 1998 794 2032 utrumque
817 1991 967 2027 damnat,
991 1989 1123 2020 afferens
1151 1995 1262 2020 contra
1284 1997 1332 2019 se-

252 2036 375 2067 cundos
399 2036 479 2067 illud
503 2035 681 2077 Prophetae
695 2034 724 2072 ³,
748 2036 941 2067 Pera-ussisti
965 2044 1033 2073 eos,
1059 2044 1117 2065 nec
1140 2034 1332 2065 doluerunt:

251 2082 404 2112 attrivisti
429 2091 493 2119 eos,
519 2087 548 2112 et
573 2081 749 2111 noluerunt
772 2082 919 2121 accipere
942 2079 1164 2121 disciplinam,
1190 2085 1221 2109 et
1244 2077 1331 2108 simi-

225 2126 420 2157 'litudinem
450 2127 671 2156 membrorum
703 2125 924 2166 stupidorum,
954 2135 1055 2166 quae,
1083 2123 1197 2160 incisa,
1223 2123 1331 2153 dolere

253 2181 319 2201 non
344 2178 489 2211 possunt.

310 2215 346 2246 11.
371 2216 422 2246 Ad
447 2215 508 2246 hoc
533 2215 648 2246 dicitur
664 2215 754 2255 quod
778 2214 869 2251 ratio,
887 2224 962 2245 sane
986 2214 1154 2250 intellecta,
1171 2213 1257 2243 bona
1274 2218 1331 2243 est.

252 2260 293 2290 Et
317 2260 357 2290 ad
376 2261 519 2300 primam
550 2259 765 2290 obiectionem
794 2259 907 2290 dicitur
930 2259 1020 2300 quod
1051 2258 1138 2289 aliud
1167 2264 1214 2288 est
1236 2266 1331 2298 posse

253 2304 285 2334 in
310 2311 418 2335 actum
440 2304 582 2336 virtutis:
608 2305 695 2335 aliud
719 2311 765 2335 est
788 2314 859 2334 eam
883 2303 1027 2345 possein
1043 2302 1135 2334 illum
1159 2308 1267 2333 actum
1291 2311 1330 2332 eo

253 2350 353 2380 modo
386 2359 452 2390 quo
476 2349 638 2380 virtuosus
663 2356 793 2380 exercet.
825 2349 900 2379 Non
925 2348 1010 2379 enim
1034 2347 1166 2388 ponitur
1194 2346 1331 2378 iustitiae

253 2394 353 2425 virtus
383 2402 417 2425 ut
442 2394 589 2425 voluntas
620 2394 721 2434 possit
748 2394 828 2424 velle
853 2394 990 2424 iustum:
1023 2394 1077 2423 sed
1102 2400 1137 2423 ut
1167 2391 1267 2432 possit
1291 2401 1330 2422 eo

254 2439 354 2469 modo
378 2449 445 2480 quo
462 2439 535 2470 iusti
550 2439 665 2470 volunt
688 2439 770 2470 iusta
785 2438 811 2469 *.
836 2438 877 2469 Et
900 2438 1002 2469 simile
1018 2444 1064 2468 est
1080 2438 1118 2468 de
1142 2437 1211 2467 aliis
1234 2436 1332 2467 virtu-

254 2484 349 2515 tibus.
376 2484 416 2515 Et
438 2484 512 2514 ideo
536 2490 663 2524 oportet
686 2483 764 2524 poni
788 2483 973 2524 patientiam
997 2489 1107 2514 contra
1130 2481 1279 2518 tristitias,
1296 2488 1332 2512 ut

255 2529 355 2559 homo
381 2539 412 2560 se
444 2529 557 2559 habeat
587 2528 620 2558 in
651 2528 783 2559 tristitiis
814 2528 970 2559 virtuose:
1003 2527 1091 2568 quod
1122 2527 1189 2557 sine
1215 2526 1330 2558 virtute

255 2573 449 2604 moderativa
473 2573 670 2604 tristitiarum
694 2572 760 2604 fieri
785 2573 906 2614 nequit.
935 2573 967 2604 Si
991 2582 1130 2614 namque
1154 2571 1331 2602 indomitae

255 2625 373 2654 essent,
398 2618 471 2649 licet
495 2618 595 2648 homo
620 2625 744 2658 posset,
770 2628 835 2648 non
860 2624 965 2648 tamen
987 2624 1094 2658 posset
1118 2623 1153 2647 ut
1177 2615 1331 2657 patientes

255 2662 340 2693 soliti
365 2670 448 2699 sunt,
474 2662 697 2694 rectitudinem
721 2662 753 2692 in
778 2662 915 2693 adversis
941 2672 1071 2693 servare.

311 2708 361 2738 Ad
391 2708 564 2739 secundam
592 2717 668 2738 vero
701 2707 931 2743 obiectionem,
963 2717 1045 2748 quae
1074 2705 1224 2737 coincidit
1256 2715 1330 2736 cum

254 2758 384 2794 quarta,
410 2760 440 2784 et
463 2752 603 2783 multum
627 2753 722 2783 habet
744 2753 961 2792 apparentiae,
987 2753 1067 2782 adeo
1095 2751 1184 2792 quod
1207 2750 1333 2781 videtur

256 2796 446 2829 sufficienter
476 2797 667 2838 respondere
691 2796 804 2828 rationi
830 2797 968 2833 litterae,
993 2796 1149 2838 quoniam
1173 2795 1332 2836 quaelibet

255 2842 364 2878 virtus,
391 2842 471 2873 sicut
495 2842 678 2873 moderatur
694 2841 844 2872 timorem
869 2842 1101 2873 contrariorum
1126 2850 1271 2876 suorum,
1289 2841 1331 2871 ita

256 2894 286 2918 et
323 2887 481 2918 tristitiam
517 2887 694 2917 eorundem
731 2884 914 2928 (liberalitas
949 2886 1108 2928 siquidem
1148 2885 1332 2916 moderatur

255 2932 405 2962 timorem
434 2931 613 2962 amissionis
638 2931 860 2971 pecuniarum,
886 2938 916 2962 et
939 2931 1097 2962 tristitiam
1125 2930 1330 2967 amissarum

256 2976 399 3007 similiter
427 2976 636 3017 temperantia
660 2976 844 3006 moderatur
874 2976 1004 3007 timores
1028 2983 1059 3006 et
1087 2974 1226 3007 tristitias
1254 2985 1330 3006 con·

256 3021 363 3052 trarias
393 3020 629 3052 delectabilibus
663 3021 840 3051 secundum
870 3027 1005 3057 tactum;
1037 3020 1133 3052 etsie
1158 3020 1197 3051 de
1228 3018 1330 3063 aliis):

257 3073 463 3096 veruntamen
488 3066 712 3106 respondetur,
739 3075 813 3096 cum
838 3068 995 3104 Auctore,
1020 3065 1108 3106 quod
1138 3064 1214 3105 quia
1243 3065 1331 3096 nulla

257 3110 315 3141 alia
340 3110 437 3141 virtus
462 3117 507 3141 est
531 3110 647 3141 directe
678 3110 872 3141 moderativa
897 3110 1055 3148 tristitiae,
1081 3118 1110 3141 et
1135 3109 1258 3140 tristitia
1285 3117 1332 3141 est

259 3155 362 3195 passio
388 3155 476 3185 valde
500 3154 684 3195 impeditiva
704 3154 781 3185 boni
807 3154 947 3191 rationis,
972 3155 1045 3185 ideo
1070 3153 1262 3184 conveniens
1286 3161 1332 3185 est

259 3209 376 3239 ponere
407 3209 505 3230 unam
528 3200 679 3230 virtutem
705 3199 783 3230 circa
813 3199 969 3230 tristitiam
1002 3199 1126 3230 directe.
1151 3215 1173 3221 -
1197 3199 1330 3236 Rursus,

259 3244 400 3283 singulae
424 3244 554 3275 virtutes
579 3251 653 3275 sunt
676 3244 756 3275 circa
781 3244 921 3284 singulas
945 3243 1082 3275 tristitias
1110 3243 1275 3284 oppositas
1298 3243 1330 3274 in

260 3288 369 3318 ordine
386 3289 423 3319 ad
441 3290 606 3329 quoddam
630 3289 816 3330 particulare
833 3289 957 3319 bonum
980 3288 1120 3319 rationis.
1147 3289 1207 3320 Ista
1223 3295 1331 3319 autem

260 3332 357 3362 virtus
382 3333 511 3372 ponitur
535 3334 615 3364 circa
634 3333 790 3365 tristitiam
805 3334 837 3364 in
854 3333 965 3364 ordine
989 3334 1027 3364 ad
1053 3334 1176 3364 bonurn
1201 3333 1331 3365 rationis

261 3377 423 3407 absolute:
454 3385 487 3408 ut
518 3378 633 3409 scilicet
663 3378 706 3409 sic
738 3378 921 3409 moderetur
952 3378 1091 3409 tristitias
1122 3385 1157 3409 ut
1180 3378 1211 3408 in
1240 3378 1330 3409 nullo

262 3431 351 3451 mens
366 3432 382 3450 a
400 3422 486 3451 bono
503 3430 659 3453 avertatur
676 3433 730 3453 seu
747 3423 881 3454 declinet
898 3430 1028 3463 propter
1043 3423 1200 3453 tristitiam
1217 3433 1331 3464 quam-

262 3474 416 3506 cumque;
443 3466 610 3505 praecipue
625 3474 730 3497 tamen
755 3475 885 3507 propter
907 3467 1065 3498 tristitiam
1090 3467 1209 3498 illatam
1226 3468 1264 3498 ab
1281 3477 1331 3497 ex·
1357 3491 1359 3501 .

1387 525 1458 568 pter
1476 520 1600 551 bonum
1625 524 1874 562 supernaturale,
1894 532 1930 556 ut
1954 526 2071 557 scilicet
2090 526 2191 557 homo
2216 533 2345 567 propter
2369 527 2461 557 tristi—

1388 569 1446 593 tias
1462 573 1545 603 quae
1568 575 1740 598 occurrunt
1756 579 1822 599 non
1839 569 1974 600 declinet
1989 581 2006 600 a
2022 572 2110 601 bono
2135 581 2195 601 suo
2220 571 2462 611 supernaturali,

1388 608 1477 647 quod
1502 616 1548 639 est
1571 610 1748 642 maximum
1773 613 1897 643 bonum
1921 614 2052 645 rationis
2084 625 2139 646 seu
2171 615 2342 656 superioris
2367 616 2462 656 partis

1388 659 1524 702 nostrae,
1542 653 1660 685 scilicet
1682 655 1861 687 intellectus
1885 665 1916 688 et
1929 659 2118 696 voluntatis;
2144 667 2175 690 et
2190 660 2332 691 tristitiae
2356 660 2462 701 passio

1388 703 1519 746 materia
1551 699 1680 738 propria
1711 699 1751 730 sit
1778 701 1923 738 moralis,
1947 710 1979 734 et
2006 713 2074 734 non
2105 704 2296 745 theologalis
2323 705 2461 735 virtutis:

1388 741 1607 772 rationabilius
1639 750 1686 773 est
1713 753 1833 784 ponere
1866 747 1956 786 quod
1989 748 2099 779 caritas
2122 749 2283 780 mediante
2313 750 2462 790 patientia

1388 786 1573 816 moderatur
1596 786 1751 824 tristitias,
1776 799 1875 830 quam
1899 791 1989 831 quod
2012 802 2069 832 per
2091 792 2230 834 seipsam
2253 794 2294 824 ad
2317 794 2386 824 illas
2411 795 2462 825 de-

1387 830 1525 861 scendat.
1551 830 1689 871 Oportet
1705 842 1845 873 namque
1862 834 1981 865 caritati
1997 835 2166 867 attribuere
2185 847 2326 877 pugnam
2353 846 2462 870 contra

1387 874 1525 905 tristitias
1538 875 1748 916 impedientes
1765 887 1908 908 amorem
1926 878 2067 910 caelestis
2083 881 2210 920 patriae.
2231 882 2463 914 Rationabilius

1387 926 1496 949 autern
1519 920 1599 956 hoc,
1628 927 1663 952 ut
1687 921 1809 952 dictum
1833 929 1889 959 est,
1913 922 1988 954 fucit
2010 924 2147 956 mediate
2167 935 2224 965 per
2237 926 2388 958 virtutem
2411 938 2463 968 pa·

1387 964 1525 1000 dentiae,
1543 975 1626 1006 quae
1643 965 1760 998 directe
1776 967 1857 998 circa
1877 967 2016 999 tristitias
2040 968 2079 1005 sit
2095 968 2128 999 in
2144 970 2256 1002 ordine
2280 972 2319 1002 ad
2339 972 2461 1003 bonum

1388 1009 1519 1039 rationis
1543 1011 1784 1050 supernaturale
1801 1011 2026 1052 principaliter,
2045 1020 2075 1044 et
2092 1022 2324 1055 consequenter
2346 1017 2385 1046 ad
2405 1018 2462 1048 bo-

1388 1063 1467 1084 num
1492 1054 1623 1085 rationis
1654 1055 1839 1096 simpliciter
1862 1063 1893 1087 et
1917 1057 2072 1088 absolute.
2104 1058 2147 1088 Ut
2170 1066 2278 1089 autem
2301 1059 2433 1092 inferius
2447 1061 2464 1081 *

1386 1098 1516 1138 patebit,
1534 1101 1657 1130 Auctor
1681 1100 1865 1140 patientiam
1891 1101 1984 1142 ponit
2000 1102 2117 1133 directe
2141 1102 2291 1134 virtutem
2308 1103 2388 1135 circa
2412 1105 2464 1136 tri-

1387 1143 1486 1174 stitias
1510 1150 1546 1174 ut
1569 1144 1649 1175 ratio
1673 1145 1706 1175 in
1729 1146 1817 1176 bono
1834 1146 2066 1186 supernaturali
2092 1153 2202 1178 contra
2226 1148 2364 1179 tristitias
2386 1150 2463 1180 con-

1386 1195 1535 1219 servetur.

1442 1233 1493 1263 Ad
1518 1235 1646 1264 tertiam
1680 1234 1794 1265 dicitur
1816 1236 1915 1276 quod¹
1930 1235 2045 1266 sufficit
2072 1236 2180 1267 virtuti
2206 1246 2269 1267 una
2300 1238 2405 1278 passio
2431 1246 2466 1269 ut

1386 1277 1515 1318 propria
1546 1278 1677 1309 materia
1707 1280 1920 1310 moderanda:
1953 1287 1989 1311 ut
2021 1288 2107 1321 patet
2137 1281 2177 1311 de
2209 1282 2464 1319 mansuetudine,

1387 1322 1438 1353 cui
1463 1329 1499 1353 ut
1522 1323 1652 1364 propria
1676 1324 1808 1355 materia
1823 1324 2002 1365 assignatur
2025 1325 2079 1356 ira.
2105 1325 2204 1363 Quod
2219 1333 2327 1357 autem
2344 1327 2464 1368 patien-

1358 1392 1360 1404 ⁴
1386 1367 1428 1398 tia
1452 1367 1492 1398 sit
1515 1367 1596 1398 circa
1620 1367 1759 1399 tristitias
1783 1369 1888 1400 media
1911 1369 1992 1401 inter
2023 1370 2089 1400 duo
2112 1369 2188 1401 vitia
2220 1377 2373 1408 extrema,
2398 1380 2464 1403 non

254 1410 437 1450 pedientem
461 1412 585 1441 bonum
608 1410 738 1441 rationis
760 1410 928 1441 directivae
951 1409 1017 1440 sui:
1038 1416 1075 1439 ut
1098 1414 1184 1450 patet
1200 1407 1239 1438 de
1262 1417 1332 1447 per·
1359 1409 1360 1412 ’
2359 1414 2363 1419 ·

1386 1419 1543 1453 repugnat
1565 1412 1685 1444 litterae
1715 1423 1819 1455 neque
1847 1415 2001 1452 Auctori,
2025 1414 2082 1456 qui
2105 1414 2237 1446 inferius
2263 1425 2409 1458 expresse
2430 1416 2464 1448 in

1387 1457 1533 1498 sequenti
1557 1457 1670 1494 Libro,
1695 1468 1750 1499 qu.
1774 1468 1862 1495 xnvr,
1887 1466 1945 1491 art.
1969 1460 2006 1496 6,
2030 1460 2070 1490 ad
2095 1469 2128 1496 2,
2154 1459 2230 1492 dieit
2251 1461 2342 1502 quod
2364 1461 2466 1493 virm·

1386 1501 1516 1532 moralis
1540 1502 1663 1542 mitigat
1687 1502 1845 1534 tristitiam
1868 1504 2021 1544 ponendo
2045 1504 2078 1534 in
2103 1514 2140 1535 ea
2163 1503 2308 1536 medium
2323 1505 2464 1544 rationis,

1387 1556 1523 1587 sequens
1546 1547 1782 1588 Peripateticos,
1800 1555 1910 1579 contra
1934 1548 2059 1580 Stoicos
2084 1549 2219 1580 omnino
2243 1549 2400 1582 tristitiam
2425 1551 2464 1582 ab

1386 1591 1495 1622 animo
1521 1591 1671 1632 sapientis
1701 1600 1912 1624 removentes.
1945 1593 2039 1624 Unde
2063 1603 2138 1625 curn
2168 1593 2282 1626 tristari
2314 1595 2353 1626 de
2377 1595 2464 1627 malo

1386 1635 1425 1666 sit
1449 1637 1628 1667 secundum
1651 1637 1829 1668 naturalem
1853 1637 1998 1668 ordinem
2016 1645 2143 1670 nostrae
2166 1645 2297 1670 naturae
2320 1646 2464 1681 respectu

1387 1681 1457 1711 talis
1481 1681 1596 1712 obiecti
1611 1682 1871 1723 appropinquati,
1895 1689 2069 1724 utrumque
2089 1682 2215 1714 videtur
2227 1683 2392 1721 vitiosum,
2407 1683 2466 1716 sci,
2494 1682 2497 1686 '

1385 1725 1458 1756 licet
1481 1733 1513 1756 et
1536 1726 1608 1766 plus
1627 1725 1741 1758 tristari
1765 1737 1864 1767 quarn
1887 1734 2026 1768 oportet,
2042 1734 2074 1758 et
2096 1727 2204 1759 minus
2226 1728 2341 1760 tristari
2364 1739 2464 1770 quam

1386 1777 1534 1810 oportet:
1560 1770 1648 1801 nulla
1663 1770 1823 1812 siquidem
1843 1771 1966 1803 tristitia
1982 1772 2022 1803 de
2038 1773 2125 1803 malo
2144 1773 2318 1804 coniuncto
2334 1774 2465 1814 cognito

1385 1821 1515 1844 naturae
1539 1821 1667 1845 nostrae
1697 1815 1837 1856 derogat.
1869 1818 1918 1847 Ac
1941 1826 1998 1857 per
2021 1817 2099 1854 hoc,
2124 1817 2276 1858 patientia
2306 1825 2354 1849 est
2383 1817 2464 1850 circa

1385 1858 1544 1889 tristitiam
1573 1858 1655 1889 sicut
1683 1860 1898 1890 mansuetudo
1925 1859 2006 1891 circa
2035 1861 2131 1892 iram:
2163 1869 2194 1892 et
2224 1868 2283 1902 est,
2298 1861 2331 1892 in
2355 1862 2463 1894 medio

1386 1903 1523 1933 duarum
1555 1902 1767 1940 malitiarum,
1792 1910 1828 1935 ut
1850 1903 1930 1935 aliae
1952 1904 2085 1936 virtutes
2113 1906 2251 1937 morales
2281 1916 2364 1947 quae
2388 1912 2464 1939 sunt

1385 1957 1466 1978 circa
1489 1957 1664 1988 passiones.

1441 1992 1482 2023 Et
1505 2002 1542 2023 ex
1565 1992 1615 2023 his
1647 1999 1733 2032 patet
1762 1993 1852 2034 quod
1874 1994 1987 2034 quinta
2019 1993 2158 2025 obiectio
2188 2004 2255 2026 non
2283 2001 2330 2026 est
2353 2002 2464 2028 contra

1385 2036 1564 2069 doctrinam
1588 2037 1748 2069 Auctoris.

1430 2081 1482 2113 ΠΙ.
1504 2082 1539 2112 ln
1555 2082 1671 2112 eodem
1687 2081 1793 2124 primo
1810 2082 1954 2119 articulo,
1971 2082 2004 2113 in
2025 2082 2234 2123 responsione
2252 2084 2293 2115 ad
2309 2083 2462 2125 primum,

1385 2126 1522 2157 dubium
1538 2126 1675 2157 occurrit
1687 2136 1723 2157 ex
1737 2126 1884 2164 Martino,
1897 2126 2016 2158 ibidem
2029 2125 2055 2164 ⁸,
2070 2127 2320 2168 reprehendente
2335 2137 2465 2170 respon·

1384 2171 1509 2202 sionem
1543 2171 1625 2202 hanc
1649 2171 1682 2202 in
1706 2172 1768 2203 hoc
1791 2172 1882 2213 quod
1910 2172 2003 2212 ponit
2026 2171 2211 2213 patientiam
2245 2182 2407 2205 remanere
2430 2173 2463 2205 in

1386 2216 1486 2256 patria
1509 2216 1631 2247 ratione
1654 2216 1746 2248 istius
1769 2223 1858 2248 actus
1882 2216 1939 2258 qui
1963 2223 2010 2247 est
2033 2216 2095 2247 frui
2120 2217 2213 2248 bonis
2237 2218 2277 2248 ad
2301 2227 2384 2260 quae
2407 2228 2465 2260 per

1385 2261 1571 2302 patientiam
1588 2261 1752 2303 pervenire
1766 2261 1967 2293 volebamus.
1992 2261 2034 2293 Et
2050 2262 2116 2293 duo
2132 2262 2320 2304 impugnat:
2345 2263 2463 2304 primo,

1385 2305 1454 2347 ipsa
1468 2306 1643 2343 vocabula3
1672 2306 1825 2343 secundo,
1842 2305 2010 2338 rationem.
2036 2306 2143 2348 lnquit
2158 2307 2275 2348 primo,
2292 2308 2382 2349 quod
2401 2307 2464 2340 hoc

1385 2357 1432 2381 est
1455 2350 1543 2381 abuti
1560 2351 1720 2382 vocabulo
1736 2350 1916 2393 patientiae,
1934 2350 1977 2382 ita
1993 2351 2083 2392 quod
2107 2358 2188 2383 esset
2206 2352 2311 2383 multo
2328 2352 2464 2384 rationa-

1385 2395 1479 2426 bilius
1504 2395 1606 2426 dicere
1634 2395 1745 2427 album
1776 2395 1914 2436 nigrum,
1940 2402 1995 2426 aut
2025 2395 2165 2427 calidum
2195 2396 2363 2437 frigidum:
2388 2396 2464 2438 quia

1384 2440 1453 2476 ista,
1474 2441 1654 2471 secundum
1677 2440 1813 2482 aliquos,
1834 2450 1868 2471 se
1891 2440 2131 2481 compatiuntur
2155 2440 2187 2471 in
2211 2440 2372 2482 aliquibus
2395 2451 2463 2482 gra·

1385 2485 1494 2521 dibus;
1519 2484 1670 2525 patientia
1699 2492 1807 2517 autem
1831 2491 1862 2516 et
1885 2495 2013 2516 summa
2038 2485 2205 2517 delectatio
2230 2495 2306 2517 non.
2341 2486 2382 2518 Et
2412 2486 2464 2518 hic

1385 2530 1486 2561 multa
1509 2529 1656 2561 inculcat.

1442 2574 1550 2615 lnquit
1573 2575 1731 2611 secundo,
1757 2575 1846 2616 quod
1871 2574 2054 2615 exemplum
2079 2575 2118 2606 de
2142 2574 2278 2611 iustitia,
2303 2575 2393 2616 quod
2417 2585 2464 2608 re-

1385 2625 1494 2650 manet
1516 2619 1549 2649 in
1574 2619 1674 2660 patria
1698 2627 1764 2650 non
1789 2626 1933 2660 respectu
1953 2619 2168 2660 emptionum,
2185 2625 2255 2656 etc„
2277 2619 2332 2650 sed
2355 2618 2464 2661 quoad

1385 2663 1447 2695 hoc
1471 2664 1560 2705 quod
1578 2671 1625 2695 est
1648 2673 1716 2694 esse
1736 2663 1901 2695 subditum
1925 2664 2006 2701 Deo,
2027 2674 2093 2695 non
2108 2663 2202 2695 valet.
2225 2663 2394 2702 Quoniam
2418 2669 2465 2696 est

1386 2718 1450 2739 una
1478 2708 1599 2748 species
1622 2708 1760 2740 iustitiae
1783 2708 1876 2739 cuius
1900 2715 1988 2740 actus
2016 2715 2064 2740 est
2087 2718 2155 2740 esse
2182 2709 2348 2740 subditum
2372 2708 2460 2740 Deo:

1386 2753 1472 2784 nulla
1496 2760 1604 2784 autem
1629 2761 1676 2784 est
1699 2753 1851 2794 patientia
1881 2753 1972 2785 cuius
1995 2760 2085 2785 actus
2109 2753 2148 2784 sit
2171 2753 2224 2784 illa
2247 2753 2357 2785 fruitio
2380 2763 2463 2795 quae

1386 2805 1432 2829 est
1456 2797 1488 2828 in
1513 2798 1624 2839 patria.

1443 2842 1496 2873 1v.
1522 2843 1572 2873 Ad
1596 2843 1673 2874 haec
1701 2842 1816 2874 dicitur
1846 2843 1935 2884 quod
1968 2842 2055 2874 nulla
2080 2850 2127 2875 est
2155 2842 2268 2883 abusio
2291 2842 2463 2874 vocabulo·

1386 2897 1469 2918 rum.
1503 2887 1669 2925 Quoniam
1700 2897 1775 2918 cum
1807 2887 1959 2928 patientia
1987 2887 2102 2918 habeat
2134 2897 2194 2928 pro
2226 2886 2374 2928 proximo
2399 2885 2462 2918 fine

1385 2931 1571 2963 fruitionem
1596 2932 1673 2962 boni
1697 2941 1756 2972 pro
1779 2942 1847 2973 quo
1871 2931 1969 2964 tristia
1992 2931 2136 2969 sustinet,
2153 2931 2255 2963 dicere
2277 2931 2367 2972 quod
2395 2940 2461 2962 non

1385 2983 1527 3008 remanet
1550 2977 1582 3007 in
1599 2976 1699 3017 patria
1719 2977 1787 3017 ipsa
1804 2977 1954 3018 patientia
1970 2977 2004 3007 in
2020 2977 2134 3018 seipsa,
2151 2977 2207 3007 sed
2222 2976 2254 3006 in
2271 2985 2332 3007 suo
2351 2974 2424 3011 fine,
2441 2992 2461 2998 -

1386 3021 1494 3053 nullus
1518 3021 1647 3058 abusus,
1673 3021 1761 3053 nulla
1785 3022 1963 3054 obscuritas
1986 3020 2172 3053 intervenit:
2202 3020 2257 3052 sed
2281 3020 2363 3052 sicut
2386 3019 2464 3051 dici·

1385 3076 1458 3098 mus
1481 3066 1570 3107 quod
1595 3065 1708 3097 militia
1728 3067 1761 3097 in
1784 3066 1916 3098 victoria
1939 3073 2081 3098 remanet
2104 3073 2134 3097 et
2157 3065 2190 3097 in
2213 3064 2395 3105 triumpho,
2419 3065 2462 3096 ita

1385 3110 1536 3152 patientia
1565 3110 1597 3142 in
1622 3110 1773 3142 fruitione
1804 3111 1967 3143 bonorum
1995 3110 2132 3152 patriae,
2157 3119 2216 3150 pro
2245 3108 2363 3150 quibus
2389 3109 2462 3151 quis

1386 3166 1497 3197 passus
1522 3162 1568 3186 est
1591 3155 1624 3186 in
1648 3156 1708 3187 via.

1440 3201 1491 3231 Ad
1515 3201 1689 3231 secundam
1709 3209 1785 3230 vero
1810 3198 2023 3231 obiectionern
2041 3197 2155 3230 dicitur
2178 3198 2267 3239 quod
2284 3197 2461 3229 similitudo

1386 3245 1424 3276 de
1448 3244 1567 3276 iustitia
1598 3251 1685 3276 tenet
1707 3245 1815 3286 quoad
1844 3244 1906 3275 hoe
1928 3243 2018 3285 quod
2049 3249 2096 3274 est
2126 3252 2288 3273 remanere
2317 3249 2460 3283 respectu

1385 3289 1465 3321 finis.
1491 3290 1531 3320 Et
1554 3290 1595 3320 ad
1618 3290 1681 3320 hoc
1705 3295 1750 3320 est
1774 3289 1867 3320 allata
1890 3289 1930 3319 ab
1953 3290 2104 3319 Auctore.
2129 3287 2223 3319 Unde
2244 3297 2310 3318 non
2334 3293 2462 3328 oportet

1386 3333 1503 3375 fingere
1527 3334 1712 3375 patientiam
1736 3333 1828 3364 cuius
1842 3339 1931 3364 actus
1954 3331 1994 3363 sit
2016 3331 2126 3363 fruitio
2142 3332 2270 3373 patriae.
2296 3331 2460 3370 Quoniam

1386 3388 1530 3419 expresse
1554 3381 1676 3409 Auctor
1699 3377 1775 3408 dicit
1798 3377 1831 3407 in
1854 3376 1956 3407 littera
1975 3376 2065 3417 quod
2090 3386 2155 3407 non
2180 3383 2323 3407 remanet
2350 3385 2459 3407 secun-

1386 3423 1464 3454 dum
1489 3422 1637 3463 seipsam,
1655 3422 1708 3452 sed
1733 3421 1910 3452 secundum
1935 3431 2031 3452 suum
2055 3420 2151 3452 finem
2177 3429 2311 3457 tantum,
2336 3420 2391 3462 qui
2417 3427 2460 3451 at-

1386 3467 1535 3498 tribuitur
1557 3465 1727 3506 patientiae
1744 3465 1825 3496 sicut
1840 3465 2036 3506 triumphare
2061 3465 2240 3498 attribuitur
2264 3464 2405 3496 militiae.

1246 3578 1266 3583 Α
1280 3576 1492 3583 »ΧΜΜΛΝκ

2492 1068 2502 1076 ⁸
2509 1066 2560 1088 An.
2566 1071 2624 1094 seq„
2633 1065 2705 1087 Com-

2492 1096 2564 1115 ment.
2579 1098 2643 1114 num.
2655 1098 2705 1114 νιιι.

2493 2141 2662 2171 ’Conduy
