2768 4198
3 516 11 524 ⁸
28 514 63 536 Cf.
78 519 140 535 num.
155 519 177 534 v.

0 1265 9 1275 ·
25 1264 59 1285 Cf.
75 1269 138 1285 num.
154 1268 183 1284 vr.

243 308 292 333 22

295 374 453 405 Secundo.
483 373 533 404 Ad
557 373 635 402 iram
660 372 855 401 moderatam
881 368 1014 408 pertinet
1035 366 1153 396 insilire
1178 366 1308 406 quando

242 464 354 494 stinere
378 470 414 493 ut
437 462 563 492 tandem
589 459 791 491 commodius
816 456 939 487 insiliat.

241 598 357 627 tionem
378 595 554 626 succumbit
570 594 689 624 nocivo.
716 591 835 621 Contra
852 589 911 618 hoc
927 588 1029 628 arguit
1045 587 1219 627 tripliciter.
1244 587 1311 617 Pri-

242 651 307 671 m0.
333 640 364 670 Si
388 641 450 670 hoc
474 646 520 669 est
534 648 589 678 per
605 637 747 667 accidens
773 633 960 664 coadiuvare
977 642 1172 672 aggressum,
1194 632 1311 662 scilicet

241 685 330 726 quod
353 684 466 724 aliquis
490 693 522 712 se
546 687 683 722 exponat
706 678 847 719 periculo
872 684 908 707 ut
927 677 1086 708 tristitiam
1109 676 1247 715 effugiat,
1264 686 1309 706 se-

241 735 390 770 queretur
420 727 508 768 quod
531 726 575 756 ira
599 725 693 755 etiam
722 733 786 753 non
811 722 973 752 adiuvaret
996 722 1036 751 ad
1061 721 1312 761 aggrediendum
1338 735 1340 737 ·

242 773 300 804 nisi
331 783 386 813 per
410 771 567 802 accidens:
600 770 791 809 inquantum
816 766 934 796 scilicet
966 765 1080 806 aliquis
1111 765 1254 805 periculo
1279 775 1311 795 se

242 817 370 858 exponit
394 823 428 846 ut
452 816 489 845 de
514 813 690 844 adversario
715 812 894 842 ulciscatur.

293 861 449 895 Secundo,
481 859 555 899 quia
579 857 701 887 tristitia
724 866 830 886 rerum
854 854 1083 895 pertinentium
1108 854 1147 883 ad
1172 854 1311 889 bellum,

240 913 317 946 puta
341 903 544 935 desolationis
568 902 702 943 patriae,
734 900 790 931 filii
815 899 921 935 occisi,
947 906 977 929 et
1000 898 1205 934 huiusmodi,
1241 897 1314 928 facit

239 949 384 980 homines
409 947 591 987 regulariter
614 955 785 986 pugnaces.
809 945 895 984 Ergo
911 944 1089 977 coadiuvat,
1109 953 1174 973 non
1192 952 1248 983 per
1264 952 1314 973 ac-

240 995 355 1029 cidens,
381 993 420 1022 ad
443 990 703 1031 aggrediendum.

291 1036 412 1068 Tertio.
437 1035 577 1066 Tristitia
601 1035 764 1066 moderata
789 1044 854 1064 non
880 1040 926 1064 est
949 1033 1099 1064 deiiciens
1124 1042 1181 1062 nec
1206 1033 1312 1062 absor-

240 1083 332 1118 bens,
365 1081 419 1111 sed
444 1079 581 1111 afficiens
605 1087 740 1111 tantum.
773 1079 858 1119 Ergo
884 1088 950 1108 non
974 1077 1154 1108 succumbit
1186 1077 1313 1108 nocivo.

239 1126 429 1164 Quinimmo
453 1125 521 1166 ipsa
545 1125 589 1155 ira
613 1124 736 1155 tristitia
761 1130 816 1154 est.
841 1124 915 1154 Non
940 1123 1023 1153 valet
1047 1132 1123 1162 ergo
1148 1121 1227 1152 ratio
1249 1124 1314 1152 Au-

239 1171 348 1202 ctoris:
369 1170 444 1212 quia
460 1170 689 1200 immoderatae
705 1168 848 1199 tristitiae
864 1175 910 1198 est
926 1167 1145 1202 succumbere,
1163 1176 1228 1197 non
1245 1177 1315 1197 mo-

237 1217 371 1252 deratae,
396 1215 499 1256 qualis
523 1214 650 1245 adiuvat
674 1213 867 1244 fortitudinis
892 1213 1123 1243 executionem.

292 1260 343 1291 III.
357 1260 504 1291 Tertium
519 1257 535 1274 *
552 1266 614 1290 est:
638 1258 903 1299 Concupiscentia
920 1267 984 1298 per
1006 1256 1156 1288 accidens
1168 1256 1314 1297 quando-

237 1315 298 1346 que
322 1305 455 1336 adiuvat
477 1304 519 1335 ad
542 1313 749 1346 aggressum,
771 1304 959 1343 inquantum
976 1302 1097 1333 scilicet
1113 1301 1231 1342 aliquis
1248 1301 1317 1332 vult

232 1351 343 1391 potius
366 1351 397 1380 in
416 1349 564 1390 pericula
581 1349 721 1379 incidere
736 1358 831 1388 quam
852 1347 1032 1378 delectabili
1047 1353 1178 1377 carere:
1202 1351 1232 1376 et
1252 1355 1314 1376 non

232 1405 296 1436 per
317 1405 369 1432 se,
395 1395 470 1435 quia
495 1393 753 1434 concupiscentia
779 1402 842 1433 per
864 1402 899 1423 se
922 1391 1022 1422 tendit
1050 1391 1094 1422 ad
1116 1390 1313 1422 delectabile.
1343 1394 1345 1399 ’

238 1439 359 1470 Contra
383 1439 444 1477 hoc
468 1438 571 1478 arguit
594 1448 646 1468 sex
671 1437 793 1468 mediis.
819 1437 937 1473 Primo,
963 1436 1117 1476 exemplis
1141 1435 1264 1476 positis.

291 1484 449 1519 Secundo,
475 1482 551 1523 quia
575 1483 631 1523 qui
655 1483 724 1513 vult
749 1492 804 1522 per
827 1492 860 1512 se
884 1481 1052 1512 efficaciter
1075 1480 1214 1521 aliquid,
1246 1481 1315 1511 vult

238 1539 294 1569 per
317 1539 349 1559 se
374 1528 484 1559 tollere
509 1538 640 1558 ornnem
665 1537 795 1558 causam
818 1527 1037 1567 impeditivam
1062 1525 1157 1556 illius.

292 1573 412 1607 Tertio,
437 1572 511 1614 quia
537 1572 683 1603 homines
708 1571 968 1612 concupiscentes
996 1570 1077 1602 fiunt
1094 1570 1314 1611 pugnaciores.

291 1618 424 1656 Quarto,
451 1618 526 1658 quia
550 1624 680 1658 propter
705 1617 997 1657 concupiscentiam
1017 1615 1052 1646 fit
1077 1623 1112 1646 ut
1135 1615 1253 1646 ablatio
1271 1615 1314 1646 rei

238 1662 426 1703 concupitae
449 1662 593 1693 videatur
616 1672 683 1692 esse
707 1662 809 1692 maior
831 1661 1050 1702 parvipensio:
1077 1669 1107 1692 et
1131 1660 1174 1691 ita
1198 1670 1314 1691 concu-

238 1707 391 1749 piscentia
414 1714 599 1747 augmentat
623 1707 712 1737 iram.

293 1752 427 1790 Quinto,
452 1752 527 1792 quia
552 1762 587 1782 ex
611 1752 673 1782 hoc
696 1751 786 1792 quod
810 1750 1070 1791 concupiscentia
1087 1749 1189 1781 tendit
1213 1749 1245 1780 in
1263 1750 1316 1781 de·
1341 1774 1343 1777 .

238 1797 381 1828 lectabile
406 1803 436 1827 et
459 1797 642 1837 impeditur,
667 1796 811 1837 sequitur
830 1796 920 1837 quod
944 1795 1132 1827 secundario
1150 1795 1259 1826 tendat
1275 1795 1316 1826 ad
1342 1808 1343 1812 ¹

238 1842 452 1873 remotionem
476 1842 572 1872 huius
596 1841 828 1882 impedimenti.

292 1887 403 1918 Sexto:
430 1893 460 1917 et
483 1893 530 1917 est
554 1886 722 1917 auctoritas
748 1886 931 1916 communis
956 1885 1052 1916 etiam
1069 1885 1109 1916 ad
1125 1884 1315 1926 praeceden-

10 1935 96 1957 ’Nutu-
107 1934 212 1963 praeced.
238 1938 302 1962 tem
336 1931 500 1962 materiam
525 1932 563 1961 de
587 1931 710 1962 tristitia
724 1930 750 1961 *.
778 1930 861 1962 Dicit
885 1930 970 1961 enim
994 1930 1198 1966 Aristoteles,
1217 1929 1249 1960 in
1275 1929 1315 1960 III

0 1970 76 2019 'Calpi'
86 1976 134 1997 vm,
141 1976 163 1992 n.
171 1976 213 1991 n.-

0 1997 25 2020 S.
78 2013 84 2019 .
93 1997 144 2019 lect.
155 2002 212 2019 xvn.

5 2513 14 2521 ·
25 2511 87 2533 Num
101 2517 115 2532 ι.

238 1977 341 2007 Ethic.
354 1976 387 2006 ²⁸⁸:
412 1976 517 2007 Ferae
534 1981 671 2017 propter
686 1977 850 2007 tristitiam
868 1981 898 2006 et
913 1975 1056 2006 dolorem
1075 1976 1255 2006 incitantur
1272 1974 1317 2006 ad

233 2021 402 2062 pericula,
429 2026 459 2051 et
482 2021 624 2052 adulteri
649 2026 786 2062 propter
809 2021 1110 2061 concupiscentiam.
1142 2020 1216 2050 Non
1242 2027 1317 2051 sunt

240 2076 314 2106 ergo
339 2066 396 2097 ista
421 2075 477 2106 per
493 2066 637 2096 accidens
653 2066 761 2096 solum
776 2065 958 2096 adiuvantia
978 2075 1173 2106 aggressum,
1191 2064 1245 2095 sed
1262 2074 1318 2105 per

240 2120 288 2141 se:
314 2110 387 2141 licet
410 2119 475 2140 non
501 2110 543 2141 ita
568 2110 683 2141 directe
707 2117 738 2140 et
761 2109 943 2140 immediate
968 2109 1050 2140 sicut
1073 2109 1128 2140 ira.

242 2199 321 2241 quid
344 2197 499 2239 significat
530 2209 691 2230 assumere
714 2199 811 2235 iram,
843 2199 894 2229 vel
917 2198 1013 2229 aliam
1043 2198 1244 2238 passionem,
1278 2197 1318 2227 ad

243 2334 306 2364 hoc
330 2343 470 2374 namque
494 2333 594 2363 modo
619 2333 733 2364 dicitur
748 2333 837 2374 quod
854 2333 1009 2364 fortitudo
1025 2332 1160 2363 assumit
1183 2332 1262 2362 iram
1280 2331 1318 2362 ad

244 2386 351 2409 actum
375 2389 482 2414 suum,
499 2384 535 2409 ut
558 2385 645 2418 patet
667 2378 699 2408 in
723 2377 835 2414 littera,
859 2378 890 2408 in
912 2377 1120 2418 responsione
1144 2377 1184 2407 ad
1207 2386 1319 2407 secun-

245 2424 334 2454 dum.

298 2468 371 2499 Hoc
403 2467 596 2508 praemisso,
627 2467 667 2498 ad
693 2466 835 2508 primum
865 2474 1091 2507 argumentum
1120 2472 1230 2497 contra
1258 2465 1320 2507 pri-

245 2512 366 2543 mum*
389 2512 504 2544 dicitur
527 2511 615 2553 quod
640 2522 677 2542 ex
699 2511 762 2543 hoc
779 2511 868 2552 quod
891 2511 936 2543 ira
957 2512 1059 2542 reddit
1079 2511 1245 2542 hominem
1261 2520 1320 2551 pro
1346 2507 1349 2529 Υ

245 2564 321 2588 tunc
337 2557 552 2588 insensibilem
568 2556 748 2593 vulnerum,
766 2567 832 2587 non
853 2557 1011 2598 sequitur:
1038 2557 1124 2597 Ergo
1144 2563 1190 2587 est
1206 2555 1321 2587 instru-

246 2609 391 2633 mentum
416 2601 611 2633 fortitudinis
634 2601 674 2632 ad
689 2601 924 2632 sustinendum.
949 2602 1023 2632 Non
1048 2601 1134 2632 enim
1154 2610 1252 2631 omne
1276 2600 1320 2631 fa-

245 2647 330 2678 ciens
354 2647 394 2677 ad
417 2645 692 2677 insensibilitatem
715 2646 887 2677 vulnerum
911 2653 958 2678 est
981 2646 1231 2677 instrumentum
1255 2644 1321 2676 for-

244 2691 389 2722 titudinis
420 2691 459 2722 ad
483 2690 725 2722 sustinendum:
755 2690 899 2732 alioquin
931 2691 1064 2723 ebrietas
1095 2697 1178 2722 esset
1205 2690 1321 2721 instru-

245 2743 391 2767 mentum
423 2735 629 2767 fortitudinis.
663 2735 713 2766 Ad
746 2736 807 2766 hoc
838 2735 922 2766 enim
954 2735 1044 2777 quod
1077 2735 1185 2777 aliqua
1215 2735 1321 2776 passio

246 2788 426 2812 assumatur
449 2788 485 2812 ut
507 2780 757 2811 instrumentum
773 2781 813 2811 ad
829 2780 1064 2817 sustinendum,
1081 2786 1210 2821 oportet
1232 2780 1322 2822 quod

247 2826 362 2857 directe
386 2831 576 2866 cooperetur
607 2825 646 2855 ad
669 2825 909 2856 sustinendum:
941 2826 1032 2866 quod
1064 2835 1130 2856 non
1162 2824 1235 2856 facit
1265 2824 1320 2856 ira.

247 2871 390 2902 Reddere
420 2877 528 2901 autem
551 2869 718 2901 hominem
749 2870 856 2901 minus
880 2870 1069 2902 sentientem
1099 2869 1231 2901 vulnera
1255 2879 1321 2901 non

247 2922 294 2946 est
316 2914 466 2956 proprius
490 2914 618 2946 effectus
638 2914 712 2949 irae,
728 2914 783 2946 sed
799 2922 847 2946 est
862 2914 1045 2946 communis
1062 2914 1191 2946 effectus
1215 2915 1322 2946 omnis

246 2959 443 2991 vehementis
460 2959 645 2990 intentionis
663 2959 787 2990 animae
805 2959 980 3001 applicatae
995 2960 1035 2990 ad
1052 2959 1149 2991 aliud.
1170 2959 1218 2990 Ex
1234 2969 1322 2990 com-

247 3004 400 3036 munibus
423 3011 530 3035 autem
554 3004 617 3034 irae
641 3010 672 3035 et
695 3004 763 3035 aliis
788 3014 853 3035 non
878 3004 1011 3036 habetur
1030 3005 1120 3046 quod
1143 3004 1189 3035 ira
1213 3004 1253 3036 sit
1275 3005 1321 3036 in-

247 3055 472 3080 strumentum.
485 3066 506 3072 —
519 3049 631 3080 Posset
642 3058 775 3090 quoque
790 3049 850 3081 dici
867 3049 957 3090 quod
974 3049 1139 3080 moderata
1154 3049 1209 3085 ira,
1223 3059 1322 3090 quam

247 3104 407 3125 assumere
432 3100 525 3125 natus
549 3100 595 3124 est
618 3093 725 3131 fortis,
751 3104 816 3124 non
841 3093 943 3125 reddit
966 3094 1133 3125 hominem
1157 3093 1323 3126 insensibi-

247 3139 321 3175 lem,
347 3139 401 3169 sed
425 3138 469 3169 ira
492 3138 713 3169 immoderata.
739 3139 780 3170 Et
799 3139 879 3170 ratio
896 3145 942 3170 est
958 3139 1034 3181 quia
1049 3139 1260 3170 immoderata
1277 3147 1323 3171 est
1348 3138 1350 3146 ¹

248 3193 328 3224 quae
344 3182 495 3214 abstrahit
510 3182 678 3214 hominem
695 3193 712 3214 a
729 3183 850 3220 ceteris,
867 3190 897 3214 et
913 3183 1053 3215 totaliter
1077 3183 1172 3215 trahit
1191 3183 1231 3214 ad
1254 3184 1322 3215 vin·
1348 3176 1350 3204 ἶ

250 3228 430 3264 dicandum,
455 3234 486 3259 et
510 3238 575 3258 non
599 3228 773 3260 moderata.
807 3228 849 3260 Et
872 3235 1039 3269 propterea
1063 3228 1206 3271 undique
1231 3239 1322 3269 argu-

251 3278 396 3303 mentum
419 3272 480 3303 hoc
504 3272 577 3303 ruit.

304 3316 354 3346 Ad
369 3317 546 3347 secundum
563 3327 704 3358 quoque,
723 3324 856 3358 negatur
872 3317 1017 3359 sequela:
1043 3317 1199 3359 quoniam
1216 3317 1262 3350 ira
1277 3326 1325 3350 est

252 3360 499 3391 instrumentum
523 3361 716 3392 fortitudinis
736 3363 775 3393 ad
791 3369 1011 3403 opportunam
1028 3362 1276 3403 aggressionem,
1293 3370 1325 3395 et

254 3414 319 3435 non
343 3405 382 3435 ad
406 3412 623 3445 opportunam
646 3407 856 3438 tolerantiam.
889 3408 1002 3449 Neque
1025 3413 1153 3448 oportet
1177 3407 1267 3448 quod
1290 3407 1324 3439 id

254 3449 343 3490 quod
367 3455 413 3479 est
436 3449 683 3481 instrumentum
700 3451 832 3482 alicuius
849 3452 888 3482 ad
906 3462 1010 3483 unum
1033 3459 1151 3488 actum,
1177 3451 1325 3484 illudmet

255 3493 295 3524 sit
317 3492 459 3524 eiusdem
483 3493 731 3526 instrumentum
755 3496 794 3526 ad
817 3495 916 3527 alium
940 3503 1058 3534 actum,
1082 3502 1148 3528 tam
1167 3496 1324 3537 disparate

255 3547 355 3579 quam
378 3537 403 3567 si
427 3538 651 3569 subordinetur
675 3539 795 3579 primo:
821 3547 855 3571 ut
871 3547 957 3581 patet
973 3541 1005 3572 in
1022 3540 1143 3572 artibus
1162 3540 1324 3572 utentibus
1351 3528 1353 3582 J

257 3581 386 3612 diversis
409 3581 624 3614 instrumentis
648 3590 678 3614 et
693 3584 732 3614 ad
749 3584 903 3624 disparata
927 3595 1034 3625 opera,
1055 3592 1133 3627 puta
1150 3585 1324 3617 sectionem
1351 3587 1353 3598 ¹

257 3633 287 3657 et
311 3626 508 3663 incisionem,
533 3634 563 3658 et
586 3628 624 3657 ad
649 3628 863 3664 subordinata,
888 3637 964 3669 puta
981 3630 1165 3667 sectionem,
1183 3629 1324 3671 compla—

258 3670 430 3707 nationem,
455 3670 687 3711 figurationem,
712 3679 768 3703 etc.
795 3673 931 3704 Pertinet
947 3684 1021 3714 ergo
1044 3675 1083 3705 ad
1108 3674 1234 3712 fortem,
1259 3685 1324 3706 me-

903 288 1171 337 QUAESTIO
1201 287 1378 335 CXXIII,
1408 287 1707 325 ARTICULUS
1736 288 1772 324 X

1335 374 1338 418 ἰ
1364 367 1469 397 diante
1493 367 1547 403 ira,
1569 366 1696 406 aggredi
1720 367 1850 407 quando
1875 373 2012 406 oportet.
2038 366 2077 396 Et
2102 366 2141 396 ad
2166 365 2306 395 eundem
2327 365 2444 396 fortem

241 419 446 449 insiliendum
470 425 524 448 est.
550 417 634 456 Ergo
659 416 698 445 ad
722 415 854 445 eandem
878 411 1011 452 pertinet
1035 410 1231 451 quandoque
1256 419 1308 440 su·
1336 426 1339 454 ᾗ

1364 455 1482 486 niculo.
1509 455 1596 493 Quin
1621 456 1730 495 potius
1754 462 1930 495 oporteret,
1955 455 1981 485 si
2006 461 2096 491 esset,
2122 454 2270 485 cohibere
2294 454 2384 491 iram,
2410 461 2446 485 ut

296 508 332 538 11.
358 507 542 537 Secundum
557 506 573 524 ’¹‘
590 512 651 535 est:
682 504 824 534 Tristitia
849 510 910 530 non
928 499 1100 530 coadiuvat
1122 499 1165 529 ad
1188 508 1312 540 aggre-
1337 512 1339 534 5

241 553 391 583 diendum
417 552 479 581 nisi
497 560 560 590 per
582 549 750 584 accidens,
774 547 848 586 quia
868 544 1042 574 secundum
1064 544 1232 583 propriam
1258 553 1310 573 ra·
1337 544 1339 546 ’

1364 411 1500 453 pertinet
1523 411 1688 447 sustinere,
1706 412 1759 441 sed
1786 410 1864 440 nihil
1888 411 1927 441 ad
1951 410 2014 440 hoc
2038 419 2122 450 opus
2146 409 2240 440 habet
2256 410 2319 440 irae
2344 410 2444 440 admi-

1365 500 1520 531 sustineat
1543 500 1735 540 promptius.

1422 545 1460 574 V.
1485 545 1536 574 Ad
1553 551 1740 584 argumenta
1758 551 1867 575 contra
1884 545 2062 574 secundum
2077 544 2095 563 *
2119 543 2233 574 dicitur
2249 543 2340 584 quod
2356 543 2448 573 fortis

1338 608 1339 612 =
1365 599 1431 620 non
1456 589 1556 619 utitur
1580 588 1704 619 tristitia
1729 595 1764 619 ut
1787 589 2001 619 instrumento
2033 589 2072 618 ad
2097 588 2363 629 aggrediendum,
2390 597 2448 618 nec

1366 633 1524 664 tristitiam
1558 633 1644 672 eligit
1668 633 1706 663 ad
1730 633 1807 663 hoc:
1833 634 1888 663 sed
1912 633 2021 674 potius
2046 643 2062 663 e
2081 640 2191 664 contra
2215 632 2397 673 aggreditur
2413 639 2450 663 ut

1367 678 1455 717 fuget
1478 677 1646 708 tristitiam.
1679 677 1773 708 Unde
1788 677 1914 709 tristitia
1929 688 1995 710 non
2018 688 2052 708 se
2067 678 2162 709 habet
2186 678 2226 711 ad
2245 677 2449 718 aggrediendi

1367 729 1475 752 actum
1498 729 1534 751 ut
1559 722 1822 752 instrumentum:
1848 723 1903 753 sed
1927 730 1963 753 ut
1985 723 2198 764 praeexistens
2229 722 2352 753 malum
2376 731 2451 762 pro-

1367 765 1563 807 pulsandum
1588 775 1645 806 per
1668 775 1863 805 aggressum.

1424 810 1517 841 Unde
1541 810 1582 839 ad
1606 809 1766 850 primum,
1792 816 1924 850 negatur
1947 811 2095 851 sequela:
2127 811 2202 852 quia
2226 821 2294 842 non
2324 817 2371 842 est
2393 821 2450 852 par

1367 855 1458 885 ratio.
1491 854 1656 891 Quoniam
1681 854 1726 884 ira
1751 861 1797 884 est
1819 854 2103 886 instrumentaliter
2118 856 2321 896 cooperativa
2344 856 2384 886 ad
2399 865 2451 896 ag-

1339 904 1341 928 1
1367 899 1595 939 grediendum,
1621 908 1689 928 non
1713 905 1823 929 autem
1848 897 1983 930 tristitia.

1424 944 1474 974 Ad
1500 943 1680 974 secundum
1708 943 1824 974 dicitur
1847 943 1942 974 etiam
1974 944 2122 984 negando
2150 945 2326 985 sequelam.
2358 946 2449 983 Quo-

1368 988 1455 1019 niam
1480 988 1668 1019 huiusmodi
1698 987 1842 1019 tristitiae
1873 987 2067 1029 pertinentes
2092 989 2132 1019 ad
2155 989 2295 1026 bellum,
2319 1000 2386 1020 non
2416 997 2451 1021 ut

1368 1033 1580 1064 instrumenta
1597 1033 1637 1063 ad
1652 1032 1904 1073 aggrediendum
1925 1040 1980 1064 aut
1999 1033 2222 1073 pugnandum,
2240 1034 2296 1064 sed
2311 1041 2348 1065 ut
2366 1033 2450 1066 mala

1370 1078 1510 1118 fuganda
1534 1085 1564 1108 et
1580 1077 1828 1114 exterminanda,
1845 1076 2025 1109 conferunt.
2039 1077 2138 1115 Quod
2156 1084 2281 1109 constat
2302 1088 2370 1109 non
2389 1078 2451 1109 nisi

1369 1133 1426 1164 per
1449 1122 1593 1153 accidens
1618 1131 1817 1158 concurrere,
1842 1122 1919 1163 quia
1943 1122 2062 1153 scilicet
2082 1131 2219 1163 operans
2243 1129 2290 1154 est
2305 1123 2350 1154 sic
2373 1122 2451 1154 affe-

1370 1176 1454 1199 ctus:
1479 1174 1510 1198 et
1526 1177 1592 1198 non
1609 1166 1683 1197 ideo
1699 1167 1789 1208 quod
1806 1167 1847 1198 sit
1861 1167 2113 1198 instrumentum
2133 1167 2173 1198 ad
2189 1167 2450 1208 aggrediendum.

1427 1212 1478 1243 Ad
1501 1212 1631 1243 tertium
1656 1211 1770 1243 dicitur
1794 1212 1894 1254 quod,
1912 1222 1988 1244 cum
2012 1212 2176 1252 passiones
2199 1212 2325 1243 animae
2348 1212 2452 1244 consi-

1370 1264 1454 1288 stant
1468 1257 1559 1298 quasi
1575 1256 1608 1287 in
1625 1257 1849 1289 constrictione
1867 1265 1897 1288 et
1913 1257 2110 1295 dilatatione,
2126 1256 2208 1289 sicut
2224 1265 2332 1289 motus
2349 1256 2453 1289 cordis

1370 1302 1401 1332 in
1433 1309 1534 1333 tractu
1559 1309 1590 1333 et
1614 1301 1728 1342 pulsu;
1755 1309 1786 1333 et
1809 1301 1934 1333 tristitia
1963 1301 2116 1333 consistat
2143 1301 2177 1333 in
2201 1302 2342 1344 quadam
2376 1311 2452 1335 con-

1369 1346 1524 1378 tractione
1554 1344 1655 1389 (unde
1680 1354 1711 1378 et
1728 1347 1939 1378 retrahuntur
1970 1346 2099 1387 spiritus
2122 1346 2155 1378 in
2179 1346 2322 1378 tristibus
2352 1345 2453 1388 magis

1370 1402 1469 1433 quam
1493 1391 1525 1422 in
1554 1389 1770 1435 timentibus):
1806 1391 1922 1424 directe
1950 1391 2074 1423 tristitia
2105 1391 2315 1423 contrariatur
2347 1391 2453 1423 motui

1368 1436 1467 1472 vitali,
1488 1437 1543 1478 qui
1568 1436 1600 1466 in
1625 1437 1768 1477 quadam
1792 1437 1963 1469 diffusione
1980 1437 2134 1474 consistit,
2154 1444 2189 1468 ut
2211 1443 2300 1478 patet
2313 1437 2347 1468 in
2363 1446 2453 1477 prae·

1370 1482 1494 1513 cedenti
1519 1481 1616 1512 Libro
1632 1481 1659 1512 *.
1673 1481 1887 1524 Consequens
1911 1489 1958 1513 est
1982 1489 2018 1513 ut
2040 1482 2165 1514 tristitia
2188 1491 2226 1513 ex
2250 1481 2380 1523 propria
2402 1491 2452 1513 ra·

1369 1526 1457 1558 tione
1477 1527 1686 1557 succumbere
1700 1527 1815 1558 habeat
1839 1526 1968 1564 nocivo,
1986 1537 2022 1558 ex
2039 1527 2102 1558 hoc
2117 1527 2190 1568 ipso
2215 1527 2304 1569 quod
2324 1537 2360 1558 ex
2378 1536 2452 1568 pro·

1370 1571 1438 1613 pria
1462 1571 1584 1603 ratione
1601 1571 1633 1602 in
1650 1572 1792 1613 quadam
1815 1571 2003 1603 retractione
2018 1570 2174 1604 consistit.
2198 1571 2240 1603 Et
2257 1571 2290 1602 in
2307 1571 2370 1602 hoc
2387 1581 2453 1603 non

1369 1623 1416 1648 est
1441 1615 1615 1647 differentia
1639 1617 1721 1648 inter
1745 1617 1945 1648 moderatam
1969 1623 2000 1647 et
2023 1616 2290 1648 immoderatam:
2315 1616 2370 1647 sed
2394 1615 2455 1647 dif-

1369 1661 1502 1693 ferentia
1526 1669 1572 1692 est
1597 1661 1673 1703 quia
1692 1662 1858 1693 moderata
1881 1671 1948 1693 non
1973 1661 2104 1692 retrahit
2124 1661 2200 1702 plus
2223 1669 2326 1703 quam
2354 1670 2452 1702 opor-

1370 1713 1424 1743 tet,
1449 1714 1518 1743 etc.‚
1543 1706 1756 1738 immoderata
1781 1714 1888 1738 autem
1913 1706 2044 1738 retrahit
2067 1716 2134 1738 non
2150 1702 2290 1748 'quando
2314 1713 2453 1747 oportet,

1370 1751 1420 1783 vel
1445 1752 1517 1792 plus
1541 1762 1641 1792 quam
1665 1759 1804 1792 oportet.

1426 1797 1480 1828 VI.
1505 1797 1555 1828 Ad
1579 1805 1770 1837 argumenta
1794 1803 1904 1828 contra
1928 1795 2058 1828 tertium
2073 1796 2090 1816 *
2114 1795 2230 1828 dicitur
2253 1795 2354 1837 quod,
2372 1794 2455 1827 sieut

1369 1840 1493 1872 tristitia
1517 1851 1550 1872 se
1575 1841 1670 1873 habet
1702 1841 1742 1872 ad
1776 1840 2028 1882 aggrediendum
2060 1847 2096 1872 ut
2126 1841 2293 1883 quoddam
2316 1840 2349 1871 in
2378 1838 2454 1871 forti

1371 1886 1583 1927 praeexistens
1609 1886 1732 1917 malum
1763 1885 2038 1928 propulsandum,
2063 1885 2106 1917 ita
2137 1884 2396 1927 concupiscentia
2420 1894 2454 1916 se

1370 1931 1465 1962 habet
1490 1938 1525 1962 ut
1548 1931 1717 1972 quoddam
1739 1931 1865 1962 bonurn
1881 1930 1915 1961 in
1931 1931 2048 1962 eodem
2063 1930 2277 1971 praeexistens
2301 1930 2454 1961 adiuvan-

1371 1977 1461 2007 dum.
1487 1976 1580 2008 Unde
1605 1975 1696 2007 fortis
1720 1986 1787 2007 non
1810 1975 1898 2016 eligit
1920 1975 2159 2016 concupiscere,
2176 1985 2235 2006 nec
2258 1974 2359 2006 utitur
2377 1984 2454 2006 con·

1342 2016 1344 2056 f
1372 2021 1549 2062 cupiscere,
1580 2021 1621 2052 ad
1649 2020 1916 2062 aggrediendum:
1947 2021 2003 2052 sed
2032 2020 2142 2062 potius
2173 2019 2268 2062 quasi
2295 2030 2313 2050 e
2343 2025 2455 2053 contr!

1371 2066 1553 2107 aggreditur
1569 2073 1604 2098 ut
1620 2066 1749 2097 adiuvet
1766 2065 2070 2107 concupiscentiam.
2091 2065 2186 2097 Unde
2204 2063 2360 2096 fortitudo
2381 2073 2455 2106 pro-

1343 2114 1345 2138 ἱ
1371 2110 1541 2152 pugnatrix
1558 2110 1836 2152 concupiscentiae
1860 2109 2095 2142 delectabilium
2111 2117 2168 2147 est,
2186 2109 2267 2140 sicut
2292 2102 2456 2140 irascibilis

295 2155 348 2186 IV.
372 2155 423 2185 Ad
447 2154 564 2185 horum
589 2155 737 2185 omnium
761 2154 963 2190 evidentiam,
985 2154 1255 2194 praemittendum
1272 2160 1318 2184 est
1344 2153 1345 2177 i

1372 2163 1418 2186 est
1442 2155 1673 2196 propugnatrix
1697 2162 1841 2196 respectu
1867 2154 2135 2196 concupiscibilis.
2161 2154 2260 2186 Aliud
2277 2160 2386 2185 autem
2409 2159 2457 2185 est

1344 2223 1346 2230 ,
1373 2199 1556 2240 passionem
1573 2199 1715 2240 aliquam
1728 2200 1944 2231 adiuvandam
1959 2210 2027 2231 esse
2042 2210 2099 2241 per
2113 2205 2222 2231 actum
2234 2197 2455 2240 aggrediendi:

242 2251 350 2275 actum
373 2243 524 2284 aliquem.
550 2244 591 2274 Et
614 2243 748 2275 breviter
765 2243 962 2283 explicando,
984 2243 1099 2274 dicitur
1113 2243 1204 2284 quod
1224 2242 1318 2282 signi·
1344 2246 1346 2278 ’ξ
1373 2244 1460 2275 aliud
1484 2251 1531 2275 est
1554 2244 1738 2284 passionem
1763 2244 1904 2285 aliquam
1929 2245 2157 2276 assumendam
2189 2253 2258 2276 esse
2281 2250 2318 2275 ut
2340 2244 2456 2276 instru-

242 2289 318 2320 fleat
331 2288 444 2328 eligere
463 2288 552 2319 illam
568 2295 599 2320 et
614 2289 660 2319 uti
676 2288 730 2319 illa
746 2295 781 2319 ut
796 2288 1009 2319 instrumento
1027 2288 1067 2318 ad
1087 2287 1178 2318 illum
1195 2294 1318 2318 actum:
1345 2306 1347 2311 x

1374 2296 1521 2320 mentum
1545 2289 1585 2319 ad
1609 2295 1718 2320 actum
1742 2289 1955 2329 aggrediendi.

1430 2333 1523 2364 Unde
1547 2333 1587 2364 ad
1611 2333 1754 2374 primum
1777 2333 1892 2365 dicitur
1911 2333 2001 2375 quod
2026 2333 2172 2374 exempla
2195 2333 2284 2364 nulla
2301 2338 2456 2374 apparent

1375 2378 1434 2409 nisi
1459 2378 1497 2408 ad
1522 2377 1584 2408 hoc
1607 2377 1698 2420 quod
1729 2377 1987 2420 concupiscentia
2016 2388 2049 2409 se
2078 2377 2173 2409 habet
2197 2377 2238 2408 ad
2270 2387 2455 2418 aggressum

1346 2418 1348 2434 ²
1375 2430 1411 2454 ut
1426 2422 1616 2454 adiuvanda.
1642 2422 1797 2461 Quaestio
1822 2429 1930 2454 autern
1955 2429 2001 2454 est
2024 2423 2063 2453 de
2089 2422 2236 2463 passione
2260 2421 2377 2453 directe
2400 2421 2456 2452 ad-

1373 2468 1502 2499 iuvante
1526 2467 1810 2499 instrumentaliter
1833 2468 1940 2509 ipsum
1965 2477 2160 2508 aggressum.

1430 2513 1481 2544 Ad
1505 2512 1685 2543 secundum
1699 2512 1814 2544 dicitur
1829 2513 1920 2554 quod
1934 2511 2022 2544 aliud
2037 2519 2085 2544 est
2100 2511 2192 2553 loqui
2216 2511 2256 2543 de
2272 2510 2456 2552 supposito,

1375 2557 1465 2599 quod
1489 2564 1535 2588 est
1558 2567 1654 2598 agens
1685 2557 1858 2598 principale
1888 2557 2008 2588 habens
2036 2557 2138 2588 multa
2164 2556 2393 2588 instrumenta:
2425 2562 2456 2587 et

1375 2602 1462 2633 aliud
1487 2602 1525 2632 de
1556 2612 1623 2633 uno
1654 2601 1888 2639 instrumento,
1910 2608 1987 2643 puta
2017 2600 2288 2643 concupiscentia.
2317 2600 2403 2631 Nam
2429 2599 2456 2631 si

1348 2649 1349 2674 i
1376 2657 1512 2688 persona
1535 2646 1605 2678 vult
1628 2645 1794 2678 efficaciter
1817 2646 1948 2688 aliquid,
1974 2646 2044 2678 vult
2067 2646 2164 2678 etiam
2188 2645 2298 2687 fugare
2321 2643 2456 2686 impedi-

1376 2698 1494 2723 menta.
1519 2690 1581 2722 Sed
1605 2691 1631 2722 si
1656 2701 1720 2723 una
1743 2691 1852 2732 passio
1876 2691 1977 2723 tendit
1999 2691 2032 2722 in
2049 2690 2179 2733 aliquid,
2196 2700 2263 2722 non
2288 2696 2457 2731 propterea

1375 2736 1519 2778 sequitur
1543 2736 1633 2777 quod
1657 2736 1696 2767 sit
1719 2736 1856 2777 ipsamet
1877 2735 2014 2767 ablativa
2037 2735 2188 2767 omnium
2206 2734 2456 2776 impedimento-

1348 2816 1349 2819 *
1375 2790 1465 2812 rum:
1486 2787 1523 2812 ut
1538 2787 1626 2822 patet
1639 2781 1672 2811 in
1689 2781 1837 2822 exemplo
1852 2781 1891 2812 de
1908 2791 1972 2813 una
1991 2788 2057 2813 arte
2074 2780 2224 2822 pluribus
2238 2778 2458 2812 instrumentis

1348 2844 1350 2855 ;
1376 2827 1416 2857 ad
1441 2836 1544 2857 unum
1564 2826 1698 2857 totalem
1713 2833 1743 2857 et
1759 2826 1939 2867 perfectum
1962 2825 2110 2858 effectum
2136 2825 2352 2867 perveniente,
2376 2823 2457 2856 dum

1376 2871 1440 2902 alio
1465 2870 1567 2902 aufert
1590 2881 1694 2902 unum
1718 2870 2000 2912 impedimentum,
2017 2877 2048 2902 et
2063 2870 2127 2902 alio
2151 2870 2250 2908 aliud,
2267 2876 2299 2901 et
2315 2868 2378 2901 alio
2393 2867 2459 2900 dis-

1348 2930 1350 2943 ι
1376 2915 1485 2957 ponit,
1510 2915 1573 2946 alio
1598 2915 1729 2956 perficit.
1762 2915 1803 2948 Et
1826 2916 1859 2947 in
1887 2922 2000 2947 natura
2034 2922 2159 2952 nostra,
2190 2914 2267 2957 quia
2295 2913 2458 2956 appetitus

1377 2959 1634 3001 concupiscibilis
1658 2970 1724 2991 non
1748 2967 1855 3002 potest
1878 2959 2002 2992 auferre
2021 2969 2079 2991 sua
2102 2958 2344 3001 impedimenta,
2364 2957 2457 2989 datus

1377 3012 1424 3057 est
1444 3005 1616 3057 ‘appetitus
1647 3005 1828 3042 irascibilis,
1853 3012 2008 3047 tanquam
2043 3003 2274 3046 propugnatrix
2303 3002 2456 3043 concupi-

1377 3050 1647 3132 sc1txl‘1is.tmium'
1673 3101 1805 3136 negatur
1829 3094 1969 3136 sequela,
1993 3093 2128 3126 scilicet:
2154 3093 2202 3124 Ex
2225 3091 2456 3134 concupiscen-

1376 3139 1418 3171 tia
1443 3138 1524 3171 fiunt
1548 3139 1775 3180 pugnaciores,
1800 3138 1886 3180 Ergo
1910 3138 1979 3180 ipsa
2003 3146 2050 3171 est
2066 3138 2182 3170 directe
2205 3137 2455 3169 instrumentum

1377 3183 1589 3225 aggrediendi.
1614 3183 1796 3222 Quoniam,
1821 3191 1857 3216 ut
1880 3183 1945 3215 iam
1966 3190 2068 3224 patet,
2088 3182 2218 3214 aliunde
2243 3188 2350 3223 potest
2381 3191 2455 3222 pro-

1376 3229 1483 3260 venire
1507 3238 1575 3260 esse
1599 3228 1839 3270 pugnaciorem.

1434 3274 1484 3305 Ad
1508 3280 1659 3315 quartum
1683 3273 1798 3304 dicitur
1821 3273 1910 3315 quod
1933 3278 2161 3314 argumentum
2184 3270 2280 3302 solvit
2303 3270 2456 3312 seipsum.

1378 3318 1544 3356 Quoniam
1567 3328 1605 3349 ex
1628 3317 1691 3349 hoc
1718 3317 1790 3359 ipso
1814 3317 1905 3359 quod
1935 3315 2195 3358 concupiscentia
2222 3315 2352 3347 adiuvat
2381 3315 2458 3358 quia

1350 3387 1351 3398 ,
1378 3363 1491 3394 excitat
1513 3362 1609 3399 iram,
1634 3362 1778 3404 sequitur
1805 3362 1896 3404 quod
1920 3370 1977 3402 per
1999 3361 2145 3393 accidens
2168 3360 2315 3397 adiuvet,
2340 3360 2459 3392 scilicet

1378 3417 1656 3492 pergei-azimum
1673 3457 1759 3492 patet
1783 3450 1903 3482 solutio
1923 3460 1961 3482 ex
1977 3449 2186 3491 responsione
2206 3450 2246 3481 ad
2266 3449 2456 3481 secundum.

1434 3496 1486 3527 Ad
1509 3502 1645 3532 sextum,
1661 3502 1796 3536 negatur
1813 3495 1953 3537 sequela.
1978 3495 2025 3526 Ex
2045 3495 2107 3526 hoc
2130 3504 2272 3536 namque
2288 3494 2379 3536 quod
2402 3492 2457 3533 tri-

1380 3539 1464 3572 stitia
1487 3547 1518 3571 et
1545 3539 1803 3581 concupiscentie
1833 3539 1982 3577 incitant,
2006 3549 2073 3570 non
2097 3539 2255 3581 sequitur:
2286 3539 2373 3580 Ergo
2401 3539 2458 3579 p&

1380 3595 1413 3616 se
1437 3585 1617 3616 ministrant
1633 3584 1812 3616 fortitudini
1827 3585 1867 3615 ad
1882 3584 2143 3626 aggrediendum.
2167 3583 2268 3622 Quod
2287 3589 2369 3615 esset
2383 3590 2458 3623 pro—

1380 3630 1564 3705 benefixit-ln
1590 3673 1704 3704 eodem
1729 3673 1855 3704 decimo
1880 3673 2029 3710 articulo,
2054 3673 2086 3704 in
2110 3673 2222 3704 eadem
2250 3669 2458 3713 responsione

2478 550 2488 561 ⁸
2501 548 2573 571 Num.
2589 554 2614 571 n.

2481 1485 2491 1496 ⁸
2499 1484 2549 1514 Qu.
2558 1488 2696 1512 mnam·

2481 1806 2491 1817 ⁸
2505 1804 2577 1828 Nm.
2593 1810 2630 1829 ιιι.
