2768 4198
20 913 96 935 lntrod

16 1575 173 1624 sciptflsscss·
184 1581 228 1624 ³31?

17 1684 128 1733 'Num.¹¹7·¹.
136 1685 175 1707 -S.
184 1685 229 1707 Th.
236 1666 247 1679 ⁰

14 2434 25 2443 ⁸
49 2439 73 2454 ,ο
91 2432 187 2457 .ci.,n.
215 2442 234 2453 .-

14 2459 38 2481 S.
58 2459 102 2481 Th.
118 2459 169 2481 lect.
180 2465 195 2480 v

19 2811 25 2818 ·
55 2809 228 2861 '51⁵v,¹v¹33.ffi1
255 2803 381 2839 Exod.
413 2814 447 2838 111
467 2802 487 2824 '¹‘
517 2811 553 2839 et
582 2804 715 2840 lerem.
748 2816 756 2840 1
782 2803 834 2840 **.
866 2804 957 2841 Non
979 2815 1069 2852 ergo
1091 2802 1339 2852 pusillanimi·
1364 2845 1365 2848 Ἴ

18 2865 36 2872 “·
52 2862 116 2884 Vers.
141 2869 155 2884 ›.

263 284 310 320 86

914 286 1183 333 QUAEsTio
1214 286 1428 333 cxxxm,
1459 287 1757 324 ART1CULUS
1790 288 1800 323 1

503 538 919 617 QUAESTIO
964 537 2229 596 CENTESIMATRIGESIMATERTIA

1024 657 1108 697 DE
1141 656 1704 698 PustLLANIMITATE

1094 774 1127 798 ΙΝ

21 889 28 896 ·
56 887 78 907 ·.
101 892 138 913 qu.
159 891 230 911 cm,
262 881 451 963 Damna
481 869 804 907 considerandum
827 877 883 906 est
908 869 956 906 de
979 869 1289 918 pusillanimitate
1300 869 1333 908 ³¹⁴.
1360 868 1363 886 ²

344 925 392 960 Et
421 924 519 960 circa
547 924 622 960 hoc
652 932 887 972 quaeruntur
917 923 1007 960 duo.

1157 774 1254 799 Duos
1281 774 1487 799 ARTICULOS
1518 774 1634 799 DIVISA

1443 869 1596 905 Primo:
1627 877 1756 906 utrum
1785 869 2076 918 pusillanimitas
2106 871 2151 908 sit
2179 880 2393 921 peccatum.

1445 923 1646 959 Secundo:
1678 923 1738 959 cui
1766 923 1895 960 virtuti
1924 932 2157 972 opponatur.

1084 1032 1404 1076 ARTICULUS
1438 1033 1645 1075 PRIMUS

916 1128 1073 1158 UTRUM
1098 1127 1458 1158 PU81LLAN1M1TAS
1482 1127 1550 1158 εῖτ
1574 1126 1816 1159 PECCATUM

1221 1208 1254 1232 1v
1275 1208 1373 1237 Ethic„

295 1315 350 1330 ³
378 1319 446 1359 ·'‘·‘<
471 1309 494 1334 D
522 1309 660 1335 Palmum
688 1309 743 1335 s1c
771 1310 1015 1343 Ριιοεεοιτυκ,
1045 1298 1206 1335 Videtur
1229 1298 1334 1348 quod
1361 1300 1363 1302 ’

391 1349 448 1392 ’ἕῆ
471 1351 763 1400 pusillanimitas
806 1365 885 1389 non
927 1352 975 1390 sit
1016 1361 1231 1401 peccatum.
1277 1353 1334 1389 Ex

274 1400 322 1451 '¹'
360 1388 438 1447 rs&
453 1402 458 1405 “
473 1405 580 1442 omni
601 1405 703 1442 enirn
733 1413 892 1454 peccato
914 1405 1048 1455 aliquis
1074 1405 1236 1443 efficitur
1255 1418 1336 1443 ma-

314 1450 549 1496 *⁷5'·'⁶)Nlus
584 1459 682 1496 sicut
711 1472 756 1496 ex
785 1459 892 1497 omni
919 1459 1059 1498 virtute
1089 1460 1225 1508 aliquis
1255 1460 1336 1497 effi-

259 1511 354 1548 citur
383 1512 520 1550 bonus.
553 1513 630 1550 Sed
651 1513 919 1562 pusillanimus
945 1526 1020 1551 non
1050 1519 1105 1550 est
1130 1515 1266 1560 malus,
1295 1521 1337 1550 ut

259 1565 518 1614 Philosophus
547 1566 648 1614 dicit,
678 1567 715 1604 in
745 1568 796 1604 IV
823 1568 944 1605 Ethic.
965 1567 985 1589 *
1014 1567 1117 1616 Ergo
1144 1567 1364 1617 pusillam-2

258 1618 369 1655 mitas
399 1631 478 1656 non
508 1627 564 1657 est
591 1628 806 1669 peccatum.
1362 1619 1365 1695 l

314 1684 348 1709 2.
375 1673 612 1721 PRAETEREA,
628 1674 888 1724 Philosophus
909 1674 1009 1723 dicit,
1027 1674 1171 1712 ibidem
1181 1674 1213 1720 ³¹⁸,
1231 1675 1336 1723 quod
1363 1698 1365 1722 3

258 1726 429 1763 maxime
455 1727 603 1765 videtur
614 1727 883 1776 pusillanimus
902 1740 981 1765 esse
1009 1729 1076 1777 qui
1101 1729 1254 1778 magnis
1272 1729 1336 1765 bo·
1363 1736 1365 1763 ι

258 1780 315 1816 nis
353 1781 492 1830 dignus
527 1781 668 1827 existit,
697 1787 732 1818 et
770 1788 895 1818 tamen
931 1782 989 1819 his
1026 1794 1101 1819 non
1140 1782 1337 1831 dignificat
1364 1809 1365 1828 ¹

256 1834 431 1881 seipsum.
464 1835 540 1872 Sed
562 1835 687 1872 nullus
709 1843 765 1871 est
793 1835 929 1883 dignus
949 1835 1100 1884 magnis
1125 1835 1237 1872 bonis
1266 1835 1336 1872 nisi
1364 1829 1366 1896 l

225 1920 229 1924 .
257 1887 471 1924 virtuosus:
498 1889 599 1936 quia,
620 1896 661 1925 ut
681 1888 823 1926 ibidem
842 1889 862 1910 *
882 1889 1142 1938 Philosophus
1162 1888 1261 1935 dicit,
1282 1901 1337 1926 se-
1364 1900 1366 1923 l

256 1941 422 1978 cundum
461 1943 656 1979 veritatem
694 1943 796 1979 solus
834 1943 954 1980 bonus
989 1948 1044 1980 est
1077 1943 1335 1980 honorandus.
1364 1964 1366 1990 3

258 1995 360 2042 Ergo
390 1995 656 2044 pusillanimus
686 2004 742 2033 est
770 1997 978 2034 virtuosus.
1019 1997 1110 2033 Non
1143 2009 1232 2045 ergo
1268 2009 1336 2046 pu·
1364 2007 1366 2043 j

257 2048 493 2086 sillanimitas
523 2058 579 2087 est
607 2058 822 2099 peccatum.

312 2103 346 2139 3.
379 2104 615 2149 ΡΚΑΕΤΕΒΕΑ,
647 2105 792 2141 initium
822 2105 946 2141 omnis
968 2104 1118 2152 peccati
1134 2109 1188 2140 est
1205 2116 1335 2152 super-
1364 2108 1365 2129 ³

257 2156 330 2202 bia,
352 2164 393 2193 ut
423 2157 559 2194 dicitur
587 2158 703 2194 Eccli.
725 2170 747 2194 x
767 2158 798 2194 ²⁸⁸.
831 2158 908 2195 Sed
938 2157 1229 2207 pusillanimitas
1259 2170 1337 2195 non
1364 2159 1365 2189 ἶ

257 2210 430 2258 procedit
459 2223 503 2247 ex
533 2211 734 2260 superbia:
774 2211 863 2260 quia
897 2212 1086 2260 superbus
1123 2212 1264 2248 extollit
1297 2224 1337 2249 se

260 2275 375 2312 supra
413 2264 451 2301 id
489 2265 595 2312 quod
637 2272 712 2310 est;
750 2265 1056 2314 pusillanimusss
1085 2272 1214 2302 autem
1249 2266 1337 2302 sub-

257 2317 370 2354 trahit
398 2330 438 2354 se
468 2319 516 2355 ab
550 2318 608 2355 his
638 2318 779 2367 quibus
815 2326 871 2355 est
900 2319 1049 2367 dignus.
1086 2319 1187 2367 Ergo
1224 2319 1338 2368 pusil-
1364 2324 1366 2339 ⁴

258 2371 448 2408 lanimitas
478 2384 557 2409 non
587 2380 643 2409 est
671 2380 886 2421 peccatum.

311 2437 349 2472 4.
375 2426 611 2473 PRAETEREA‚
634 2426 893 2476 Philosophus
914 2426 1014 2473 dicit,
1035 2425 1074 2462 in
1096 2426 1147 2462 lV
1165 2427 1286 2463 Ethic.
1305 2427 1337 2473 ⁵¹⁵,

258 2478 366 2526 quod
385 2480 452 2527 qui
477 2480 677 2530 dignificat
692 2492 732 2517 se
751 2480 962 2517 minoribus
981 2491 1096 2528 quam
1120 2480 1169 2517 sit
1185 2480 1337 2530 dignus,

259 2532 394 2570 dicitur
423 2533 698 2581 pusillanimus.
739 2534 815 2571 Sed
846 2534 1082 2583 quandoque
1119 2534 1238 2571 sancti
1265 2533 1339 2572 viri

258 2586 480 2634 dignificant
516 2587 664 2637 seipsos
702 2588 917 2625 minoribus
945 2600 1064 2637 quam
1104 2587 1178 2624 sint
1211 2587 1336 2636 digni:

257 2640 354 2677 sicut
382 2648 486 2689 patet
515 2641 562 2678 de
594 2642 733 2690 Moyse
754 2650 791 2679 et
811 2641 985 2688 Ieremia,
1006 2641 1070 2690 qui
1100 2641 1202 2690 digni
1233 2649 1340 2679 erant
1364 2635 1366 2679 l

257 2694 387 2731 officio
409 2694 457 2732 ad
479 2695 585 2742 quod
607 2696 902 2733 assumebantur
922 2708 943 2733 a
963 2696 1063 2743 Deo,
1081 2695 1188 2744 quod
1207 2702 1338 2733 tamen

256 2756 417 2797 uterque
455 2761 589 2786 eorum
627 2749 821 2787 humiliter
859 2750 1077 2795 recusabat,
1107 2757 1148 2786 ut
1175 2749 1339 2787 habetur

256 2863 312 2892 tas
343 2864 398 2892 est
426 2865 641 2906 peccatum.

313 2910 388 2946 SED
419 2922 579 2958 CONTRA,
601 2910 693 2948 nihil
719 2910 756 2947 in
778 2910 952 2948 moribus
981 2910 1186 2948 hominum
1209 2918 1265 2948 est
1283 2911 1338 2948 vi·
1364 2905 1365 2919 ¹

257 2963 417 3000 tandum
448 2964 519 3001 nisi
539 2973 755 3013 peccatum.
786 2965 863 3002 Sed
889 2964 1178 3013 pusillanimitas
1207 2973 1263 3002 est
1281 2965 1337 3001 vi-

257 3017 395 3054 tanda:
427 3017 563 3055 dicitur
589 3019 689 3055 enim
720 3018 772 3055 ad
803 3018 945 3055 Coloss.
975 3031 1009 3055 111
1029 3017 1066 3055 *ε
1096 3019 1240 3065 Patres,
1271 3031 1336 3056 no·
1364 3026 1365 3036 ¹

257 3071 320 3107 lite
347 3071 400 3108 ad
426 3072 726 3122 indignationem
746 3084 964 3121 provocare
971 3072 1080 3120 filios
1107 3078 1270 3109 vestros:
1300 3078 1340 3109 ut
1363 3112 1364 3115 ¹

259 3137 333 3161 non
358 3125 497 3173 pusillo
525 3126 655 3163 animo
673 3127 788 3174 fiant.
829 3127 931 3174 Ergo
961 3125 1252 3175 pusillanimitas
1283 3134 1338 3163 est
1364 3140 1365 3166 l

259 3187 473 3227 peccatum.

315 3233 543 3270 RESPONDEO
582 3245 768 3271 DICENDUM
801 3234 906 3282 quod
946 3245 1063 3270 omne
1102 3233 1194 3270 illud
1231 3223 1366 3283 quodi

262 3287 511 3324 contrariatur
549 3287 709 3324 naturali
749 3286 982 3325 inclinationi
1019 3294 1074 3324 est
1111 3295 1366 3346 peccatum,¹

261 3339 353 3387 quia
382 3340 632 3378 contrariatur
660 3341 733 3389 legi
762 3349 931 3378 naturae.
968 3342 1067 3378 Inest
1096 3349 1227 3378 autem
1256 3340 1337 3378 uni-

263 3391 399 3439 cuique
438 3393 491 3430 rei
531 3395 709 3431 naturalis
748 3395 941 3432 inclinatio
979 3395 1029 3432 ad
1067 3395 1335 3444 exequendam
1365 3425 1366 3430 ,

262 3446 452 3482 actionem
484 3456 835 3486 commensuratam
857 3461 949 3486 suae
969 3449 1179 3497 potentiae:
1210 3456 1251 3485 ut
1270 3461 1336 3498 pa·
1365 3460 1367 3489 l

317 3571 344 3602 α)
361 3570 560 3602 pusillanimus.
573 3584 592 3591 -
606 3571 820 3603 pusillanimitas
859 3573 912 3599 ΡΗ.

318 3605 342 3638 ,3)
363 3610 473 3632 terram.
486 3620 505 3625 —
524 3610 599 3631 terra
620 3607 730 3632 codices.

317 3644 342 3675 γ)
363 3642 602 3675 operationibus.-
621 3643 744 3674 operibus
765 3643 817 3668 ΡΠ.

1393 1208 1453 1232 lect.
1471 1215 1506 1232 xi.

1390 1304 1442 1334 tet
1470 1297 1507 1334 in
1537 1297 1719 1334 omnibus
1748 1299 1862 1335 rebus
1896 1297 2150 1345 naturalibus,
2181 1305 2260 1336 tam
2294 1299 2471 1337 animatis

1390 1363 1507 1399 quam
1537 1351 1765 1389 inanimatis.
1798 1351 1904 1389 Sicut
1933 1359 2062 1389 autem
2091 1364 2161 1401 per
2187 1353 2472 1403 praesumptio-

1390 1417 1480 1442 nem
1502 1404 1636 1454 aliquis
1658 1405 1806 1443 excedit
1833 1406 2127 1455 proportionem
2148 1418 2241 1444 suae
2260 1406 2471 1456 potentiae,

1392 1458 1484 1496 dum
1523 1459 1651 1496 nititur
1678 1459 1727 1498 ad
1758 1460 1905 1497 maiora
1938 1472 2056 1508 quam
2083 1459 2228 1510 'possit;
2266 1461 2318 1498 ita
2356 1460 2470 1499 etiam

1390 1513 1656 1562 pusillanimus
1686 1513 1815 1557 deficit
1835 1526 1857 1551 a
1876 1514 2127 1563 proportione
2149 1527 2241 1552 suae
2263 1514 2470 1564 potentiae,

1392 1566 1485 1604 dum
1515 1575 1665 1604 recusat
1684 1567 1723 1604 in
1750 1567 1788 1605 id
1807 1568 1966 1605 tendere
1995 1568 2102 1617 quod
2131 1577 2188 1606 est
2216 1581 2308 1606 suae
2337 1576 2473 1618 poten·

1391 1620 1466 1658 tiae
1495 1629 1865 1659 commensuratum.
1897 1622 1946 1659 Et
1968 1621 2069 1669 ideo,
2091 1622 2188 1659 sicut
2206 1620 2472 1672 praesumptio

1393 1681 1448 1711 est
1475 1682 1695 1723 peccatum,
1725 1675 1775 1712 ita
1804 1683 1841 1712 et
1869 1675 2170 1724 pusillanimitas.
2210 1677 2259 1714 Et
2296 1676 2385 1714 inde
2415 1685 2472 1715 est

1392 1728 1498 1777 quod
1527 1740 1661 1766 servus
1690 1729 1755 1778 qui
1785 1737 1983 1778 acceptam
2012 1730 2219 1779 pecuniam
2248 1729 2394 1768 domini
2414 1730 2472 1768 sui

1391 1781 1487 1820 fodit
1515 1781 1553 1819 in
1572 1790 1712 1819 terram
1731 1781 1758 1830 β,
1779 1795 1851 1820 nec
1879 1791 1936 1820 est
1964 1791 2146 1833 operatus
2167 1796 2213 1821 ex
2233 1796 2290 1831 ea,
2312 1793 2471 1834 propter

1392 1835 1589 1883 quendam
1618 1836 1938 1884 pusillanimitatis
1963 1837 2157 1885 timorem,
2178 1838 2335 1887 punitur
2354 1851 2376 1876 a
2402 1839 2472 1876 do·

1392 1888 1517 1926 mino:
1548 1897 1588 1926 ut
1616 1890 1779 1926 habetur
1807 1890 1943 1927 Matth.
1963 1902 2037 1927 xxv
2054 1890 2075 1912 ²*
2103 1899 2141 1928 et
2169 1892 2263 1929 Luc.
2283 1903 2344 1929 xlx
2362 1891 2415 1930 *⁴2

1445 1944 1505 1979 An
1536 1954 1674 1980 Palmum
1707 1955 1808 1980 ERGO
1847 1955 2033 1981 DtCENDUM
2068 1945 2176 1992 quod
2212 1945 2472 1994 Philosophus

1392 1996 1477 2033 illos
1506 1996 1679 2033 nominat
1707 1997 1830 2034 malos
1859 1997 1922 2046 qui
1952 1997 2136 2047 proximis
2159 1997 2325 2036 inferunt
2353 2011 2472 2036 nocu-

1393 2058 1534 2087 menta.
1557 2051 1606 2087 Et
1621 2051 1834 2088 secundum
1856 2051 1944 2099 hoc,
1959 2051 2227 2100 pusillanimus
2243 2052 2377 2090 dicitur
2393 2065 2472 2091 non

1394 2116 1476 2141 esse
1498 2105 1634 2147 malus,
1651 2105 1741 2152 quia
1761 2104 1852 2142 nulli
1873 2105 1984 2142 infert
2003 2114 2295 2155 nocumentum,
2313 2107 2384 2144 nisi
2402 2119 2473 2156 per

1392 2157 1592 2195 accidens:
1622 2158 1848 2207 inquantum
1877 2159 2018 2196 scilicet
2047 2159 2175 2197 deficit
2203 2161 2253 2198 ab
2282 2160 2473 2210 operatio-

1364 2207 1365 2256 ]
1393 2212 1505 2248 nibus
1520 2216 1535 2240 Υ
1555 2211 1695 2260 quibus
1711 2220 1841 2261 posset
1855 2212 1950 2250 alios
1965 2213 2111 2251 iuvare.
2132 2213 2234 2251 Dicit
2253 2214 2357 2252 enim
2378 2214 2472 2252 Gre-

1364 2280 1366 2318 f
1392 2265 1532 2313 gorius,
1550 2265 1587 2302 in
1607 2266 1799 2303 Pastorali
1814 2266 1845 2313 ²¹⁸,
1863 2267 1969 2315 quod
1998 2267 2054 2304 illi
2079 2268 2146 2316 qui
2164 2269 2348 2316 prodesse
2376 2269 2472 2307 utili-

1393 2319 1461 2356 tati
1489 2321 1759 2366 proximorum
1799 2320 1835 2356 in
1873 2321 2159 2368 praedicatione
2196 2323 2412 2372 refugiunt,
2441 2323 2476 2360 si

1393 2373 1556 2410 districte
1575 2370 1588 2394 ⁶
1617 2373 1839 2419 iudicentur,
1860 2385 1911 2410 ex
1937 2374 2049 2411 tantis
2077 2375 2135 2411 rei
2159 2381 2246 2412 sunt
2271 2387 2322 2412 ex
2354 2388 2472 2424 quan-

1393 2427 1438 2463 tis
1465 2427 1653 2463 venientes
1680 2427 1733 2463 ad
1754 2427 1950 2475 publicum
1977 2428 2159 2476 prodesse
2181 2434 2397 2478 potuerunt.

1446 2482 1506 2517 An
1535 2492 1727 2518 SECUNDUM
1757 2492 1943 2519 morannum
1964 2481 2071 2530 quod
2091 2482 2183 2519 nihil
2210 2483 2389 2531 prohibet
2408 2483 2473 2520 ali-

1393 2546 1511 2583 quem
1549 2534 1758 2571 habentem
1796 2534 1970 2572 habitum
2006 2535 2154 2573 virtutis
2187 2548 2367 2585 peccare:
2405 2549 2472 2574 ve-

1393 2587 1542 2625 nialiter
1573 2587 1752 2636 quidem,
1787 2588 1902 2626 etiam
1937 2589 2021 2638 ipso
2057 2589 2189 2627 habitu
2226 2598 2471 2634 remanente:

1393 2641 1603 2679 mortaliter
1622 2649 1765 2689 autem,
1788 2654 1876 2679 cum
1907 2643 2153 2692 corruptione
2174 2643 2292 2692 ipsius
2322 2643 2474 2682 habitus

1391 2694 1540 2733 virtutis
1559 2695 1754 2744 gratuitae.
1786 2697 1835 2733 Et
1861 2696 1949 2734 ideo
1970 2704 2095 2746 potest
2123 2697 2342 2746 contingere
2363 2698 2469 2746 quod

1392 2748 1528 2799 aliquis
1549 2761 1593 2786 ex
1613 2749 1750 2787 virtute
1771 2762 1889 2799 quam
1919 2750 2036 2788 habet
2055 2751 2101 2788 sit
2121 2751 2257 2800 dignus
2277 2751 2327 2789 ad
2347 2751 2472 2801 aliqua

1393 2815 1533 2852 magna
1563 2803 1749 2850 facienda,
1771 2816 1871 2853 quae
1891 2812 1980 2842 sunt
2000 2804 2114 2853 digna
2134 2817 2276 2854 magno
2298 2805 2471 2851 honore3

1364 2896 1365 2904 ¹
1394 2865 1430 2894 et
1458 2865 1606 2902 tamen,
1637 2870 1706 2906 per
1742 2858 1816 2894 hoc
1850 2859 1954 2907 quod
1993 2858 2073 2908 ipse
2110 2871 2188 2897 non
2217 2866 2375 2897 attentat
2403 2871 2472 2896 sua

1392 2911 1531 2948 virtute
1560 2910 1626 2957 uti,
1647 2919 1792 2960 peccat,
1814 2912 2049 2961 quandoque
2069 2912 2226 2961 quidem
2254 2913 2469 2959 venialiter,

1363 3009 1365 3015 λ
1392 2965 1628 3014 quandoque
1657 2974 1787 3003 autem
1821 2966 2040 3003 mortaliter.

1446 3019 1515 3056 Vel
1551 3027 1677 3068 potest
1715 3019 1788 3056 dici
1816 3020 1922 3068 quod
1951 3019 2218 3069 pusillanimus
2247 3027 2303 3056 est
2332 3019 2469 3068 dignus

1393 3073 1541 3121 magnis
1571 3072 1784 3110 secundum
1806 3073 2040 3111 habilitatem
2060 3078 2073 3094 ⁸
2101 3074 2151 3111 ad
2169 3072 2350 3110 virtutem
2371 3085 2471 3122 quae

1392 3126 1489 3164 inest
1518 3127 1564 3173 ei,
1584 3127 1647 3164 vel
1668 3139 1714 3164 ex
1739 3127 1842 3164 bona
1863 3127 2112 3176 dispositione
2142 3134 2312 3173 naturae,
2334 3128 2396 3164 vel
2426 3139 2471 3164 ex

1364 3182 1365 3214 i
1393 3180 1559 3227 scientia,
1596 3181 1658 3218 vel
1696 3192 1740 3217 ex
1779 3180 1953 3218 exteriori
1989 3181 2160 3218 fortuna:
2197 3180 2337 3229 quibus
2375 3181 2469 3218 dum

1393 3242 1541 3271 recusat
1570 3234 1622 3271 uti
1653 3235 1700 3271 ad
1730 3234 1923 3282 virtutem,
1953 3233 2219 3283 pusillanimus
2249 3234 2429 3272 redditur.

1446 3290 1504 3325 AD
1519 3299 1682 3325 Ti-:Rrium
1702 3299 1888 3325 chENDUM
1917 3287 2023 3336 quod
2044 3288 2158 3325 etiam
2178 3287 2471 3337 pusillanimitas

1365 3387 1366 3390 Ἴ
1393 3341 1522 3390 aliquo
1553 3341 1672 3379 modo
1703 3353 1749 3378 ex
1777 3340 1957 3390 superbia
1986 3349 2111 3390 potest
2141 3341 2245 3379 oriri:
2278 3343 2370 3380 dum
2401 3342 2470 3380 sci·

1393 3394 1478 3431 licet
1507 3394 1642 3443 aliquis
1670 3394 1783 3431 nimis
1812 3394 1969 3444 proprio
2000 3394 2161 3432 sensuit
2190 3395 2371 3441 innititur,
2392 3408 2470 3444 quo

1394 3456 1543 3496 reputat
1571 3460 1610 3484 se
1640 3447 1933 3485 insufficientem
1955 3449 2003 3486 ad
2034 3461 2078 3486 ea
2109 3457 2281 3498 respectu
2302 3461 2470 3498 quorum

1448 3571 1473 3604 δ)
1493 3572 1655 3598 districta·
1674 3573 1736 3598 Om.
1756 3573 1789 3603 G,
1809 3573 1925 3599 discrete
1947 3575 2023 3599 ceteri
2044 3581 2070 3600 et
2088 3583 2114 3600 a.

1449 3609 1470 3638 ε)
1490 3608 1666 3633 habilitatem.
1679 3623 1696 3627 -
1715 3609 1894 3634 humilitatem
1916 3609 2081 3643 ACEFGpK,
2101 3610 2234 3636 hP'Iitatem
2255 3609 2387 3636 BDHILa.

1447 3643 1471 3673 ζ)
1492 3644 1590 3669 sensui.
1603 3658 1620 3663 -
1639 3650 1716 3669 sensu
1737 3644 1839 3670 PDEll.

2499 1897 2595 1947 :yffi
2606 1903 2701 1952 ¹2⁵2&

2501 2274 2675 2303 Ῥιι-ιζαρ.
2688 2281 2709 2296 v.
