2768 4198
32 995 42 1005 ⁴
56 995 105 1015 Art.
127 992 230 1021 praeced.

79 1486 89 1501 r
139 1485 228 1501 nece.
272 1466 363 1513 fine,
383 1474 425 1503 ut
454 1466 596 1504 dictum
627 1473 682 1503 est
700 1465 732 1503 ²⁸.
764 1465 842 1503 Sed
870 1465 919 1503 illi
949 1465 1014 1515 qui
1033 1464 1229 1514 superflue
1258 1475 1349 1500 con-

108 1704 121 1720 c
138 1704 245 1723 χχι-,ἃμ
273 1681 519 1730 gnanimitati,
549 1689 591 1718 ut
611 1680 755 1718 dictum
786 1689 842 1719 est
859 1680 891 1719 *.
922 1682 1025 1729 Ergo
1046 1681 1193 1718 nullum
1213 1679 1349 1717 vitium

227 1860 245 1869 --
275 1844 306 1880 ΙΙ
336 1842 356 1865 ’¹‘
393 1850 430 1879 et
464 1843 515 1879 lV
538 1842 580 1865 ἦ*
615 1843 750 1889 Ethic.‚
779 1842 887 1892 ponit
915 1841 1243 1890 magnificentiam
1272 1853 1351 1878 me-

227 1892 246 1923 ··'
274 1897 382 1935 dium
413 1896 578 1934 duorum
607 1896 875 1946 oppositorum
904 1895 1101 1933 vitiorum.

926 271 1195 318 QUAESTIO
1225 271 1424 318 cxxxv,
1453 271 1754 309 AnrieULus
1786 271 1814 308 11

1041 397 1361 440 ARTICULUS
1392 398 1695 441 SECUNDUS

754 493 909 524 UTRUM
933 490 1297 522 PARVIFICENTIAE
1320 491 1518 529 AL1Quon
1543 492 1700 531 V1T1UM
1723 492 1991 524 OPPONATUR
2035 508 2037 513 f

1122 578 1142 602 11
1163 578 1260 608 Ethic„
1280 578 1338 603 lect.
1358 585 1419 608 v1u3
1439 578 1481 607 IV,
1502 579 1560 604 lect.
1578 587 1623 604 vu.

309 677 367 721 ³:⁶2¹
391 680 464 728 *ff-5<
487 677 509 701 D
524 673 715 700 SECUNDUM
730 672 784 697 Sic
800 670 1041 696 PROCEDITUR.
1061 658 1223 695 Videtur
1238 659 1343 705 quod

304 704 467 775 §JAZQ-‘a
485 714 771 773 parvificenttiae
791 713 937 750 nullum
957 711 1094 749 vitium
1110 718 1342 760 opponatur.

292 752 454 848 ’,γὲν
436 771 612 807 (Parvo
642 767 745 804 enim
784 765 993 815 opponitur
1027 777 1224 813 magnum.
1266 764 1343 801 Sed

295 817 306 825 '⁴
331 796 381 851 «ζ’-’Ὺ
383 814 429 850 ⁵3³)
446 813 473 851 Χ»
485 820 768 870 magnificentia
788 832 867 857 non
889 827 944 856 est
959 819 1107 879 vitium,
1124 818 1192 856 sed
1210 818 1344 856 virtus.

273 879 375 925 Ergo
403 874 689 925 parvificentiae
719 886 797 911 non
828 872 1035 922 opponitur
1062 872 1213 910 vitium.

328 942 362 967 2.
383 930 618 975 PRAETEREA,
649 940 738 965 curn
767 926 1032 977 parvificentia
1060 925 1106 963 sit
1133 925 1271 963 vitium
1301 937 1346 962 ex

274 983 435 1029 defectu,
456 990 498 1019 ut
517 982 661 1020 dictum
692 990 746 1019 est
764 981 796 1028 ²⁸,
826 981 980 1018 videtur
999 980 1118 1029 quod,
1140 979 1170 1017 si
1190 979 1346 1027 aliquod

271 1037 406 1073 vitium
436 1044 535 1073 esset
553 1035 839 1085 parvificentiae
869 1034 1103 1084 oppositum,
1125 1033 1231 1083 quod
1256 1044 1348 1070 con-

273 1090 419 1127 sisteret
451 1090 577 1127 solum
607 1090 645 1126 in
674 1088 1001 1138 superabundanti
1040 1087 1346 1136 consumptione.

273 1144 349 1181 Sed
379 1143 434 1181 illi
459 1144 526 1192 qui
551 1148 778 1180 consumunt
804 1143 922 1180 multa
953 1142 1018 1179 ubi
1037 1153 1166 1190 pauca
1201 1146 1346 1190 oporte-

272 1204 329 1234 ret
346 1209 579 1243 consumere,
600 1203 826 1234 consumunt
845 1208 973 1245 pauca
999 1196 1064 1233 ubi
1090 1195 1208 1232 multa
1238 1206 1348 1244 opor-

272 1306 416 1342 habent
444 1305 587 1354 aliquid
607 1304 654 1342 de
675 1303 948 1353 parvificentia.
979 1304 1072 1340 Non
1097 1315 1188 1351 ergo
1209 1310 1265 1340 est
1285 1301 1349 1339 ali-

273 1358 380 1408 quod
408 1358 543 1396 vitium
571 1357 859 1408 parvificentiae
889 1357 1123 1407 oppositum.

329 1414 363 1450 3.
395 1414 637 1459 PRAETEREA,
668 1411 830 1449 moralia
859 1411 1068 1449 sortiuntur
1104 1410 1273 1460 speciem
1305 1421 1349 1446 ex

273 1527 446 1564 sumunt,
476 1520 550 1557 hoc
579 1519 721 1557 faciunt
759 1532 874 1557 causa
911 1518 1174 1557 ostentationis
1203 1517 1350 1556 divitia·

273 1586 381 1622 rum,
411 1581 454 1611 ut
482 1573 617 1611 dicitur
644 1573 682 1610 in
712 1573 764 1610 IV
791 1574 912 1611 Ethic.
932 1573 953 1595 ‘¹‘
991 1573 1077 1610 Hoc
1107 1580 1235 1609 autem
1265 1583 1350 1621 per-

272 1628 365 1665 tInet
399 1627 448 1665 ad
483 1627 638 1665 inanem
676 1627 859 1675 gloriam,
890 1639 989 1676 quae
1023 1626 1232 1676 opponitur
1269 1637 1350 1663 ma-

273 1734 560 1785 parvificentiae
590 1735 810 1784 opponitur.

329 1789 405 1826 SED
434 1800 582 1826 CONTRA
609 1800 677 1826 EST
705 1788 909 1826 auctoritas
938 1787 1176 1838 Philosophi,
1207 1787 1283 1837 qui,
1313 1787 1351 1824 in

329 1951 558 1987 RESPONDEO
598 1962 785 1988 DICENDUM
830 1950 935 1999 quod
982 1961 1104 1999 parvo
1144 1947 1353 1998 opponitur

273 2016 470 2052 magnum.
500 2005 670 2041 Parvum
699 2012 829 2041 autem
857 2011 893 2040 et
916 2015 1117 2054 magnum,
1138 2010 1180 2040 ut
1204 2002 1351 2039 dictum

166 2069 229 2085 εω-
276 2066 330 2095 est
357 2059 396 2105 ²⁸¹,
435 2057 592 2095 relative
628 2057 816 2095 dicuntur.
857 2057 962 2095 Sicut
999 2065 1130 2094 autem
1169 2056 1353 2105 contingit

275 2119 474 2162 sumptum
513 2124 595 2149 esse
630 2124 796 2161 parvum
831 2124 901 2161 per
934 2111 1265 2161 comparationem
1304 2110 1353 2148 ad

276 2178 387 2214 opus,
408 2165 459 2202 ita
488 2165 602 2202 etiarn
633 2165 815 2214 contingit
835 2173 1033 2215 sumptum
1055 2177 1138 2202 esse
1167 2176 1352 2213 magnum

277 2220 315 2256 in
336 2219 624 2268 comparatione
644 2220 691 2256 acl
712 2231 830 2268 opus:
859 2227 901 2256 ut
919 2219 1059 2256 scilicet
1088 2218 1247 2256 excedat
1265 2230 1353 2267 pro-

276 2273 495 2322 portionem
525 2285 624 2322 quae
645 2285 727 2310 esse
758 2273 872 2310 debet
899 2280 1075 2321 sumptus
1095 2272 1145 2310 ad
1169 2283 1269 2321 opus
1297 2284 1355 2309 se-

278 2326 449 2364 cundum
480 2327 650 2375 regulam
685 2326 851 2364 rationis.
882 2326 993 2364 Unde
1022 2325 1269 2363 manifestum
1299 2332 1356 2362 est

332 2461 359 2492 α)
381 2459 521 2484 banausia.
532 2472 552 2479 -
561 2460 734 2492 suronausea
753 2459 783 2490 L,
803 2458 958 2484 bannausea
977 2458 1054 2484 ceteri
1075 2464 1100 2483 et
1117 2466 1143 2483 a.
1380 2460 1383 2522 1

333 2494 358 2527 β)
377 2495 518 2521 consumit.
532 2508 551 2514 -
570 2494 660 2519 omnia
679 2494 813 2520 consumit
832 2494 880 2520 Pa.

1370 699 1372 705 χ
1399 659 1506 705 quod
1542 658 1636 695 vitio
1674 660 1984 708 parvificentiae,
2015 674 2091 711 qua
2124 661 2259 711 aliquis
2298 660 2426 699 deficit
2454 674 2477 699 a

1399 711 1650 760 proportione
1678 712 1807 749 debita
1844 725 2099 763 expensarum
2128 716 2177 752 ad
2206 727 2325 764 opus,
2355 715 2476 752 inten-

1401 764 1496 802 dens
1525 765 1653 802 minus
1683 766 1898 825 expendere
1928 779 2045 815 quam
2075 768 2235 817 dignitas
2265 769 2392 818 operis
2421 781 2477 806 re-

1401 819 1538 867 quirat,
1564 818 1772 868 opponitur
1790 818 1928 856 vitium
1957 832 2036 869 quo
2065 821 2200 871 aliquis
2219 822 2361 860 dictam
2388 835 2477 873 pro-

1401 872 1621 921 portionem
1643 871 1801 919 excedit,
1821 880 1864 909 ut
1883 872 2024 910 scilicet
2042 874 2128 922 plus
2149 876 2340 935 expendat
2359 888 2478 925 quam

1402 925 1448 962 sit
1476 926 1584 975 operi
1613 926 1961 975 proportionatum.
1997 927 2046 963 Et
2073 927 2148 964 hoc
2174 929 2311 966 vitium
2344 941 2479 978 graece

1403 979 1559 1028 quidem
1590 979 1725 1017 dicitur
1753 980 1940 1017 banausia
1961 979 2022 1027 ²²⁸,
2053 992 2075 1017 a
2092 982 2218 1029 furno
2248 982 2358 1031 dicta,
2389 983 2479 1032 quia
2508 1018 2517 1028 ,

1402 1033 1581 1071 videlicet
1600 1033 1649 1071 ad
1670 1033 1834 1071 modum
1861 1033 1957 1082 ignis
1977 1034 2043 1082 qui
2064 1042 2119 1071 est
2139 1034 2177 1071 in
2196 1035 2322 1083 furno,
2343 1037 2479 1075 omnia
2506 1050 2519 1065 ι

1403 1087 1615 1124 consumit:
1643 1088 1707 1124 vel
1728 1087 1863 1125 dicitur
1886 1088 2096 1137 apirocalia
2110 1087 2143 1134 *,
2168 1088 2266 1126 idest
2282 1089 2364 1126 sine
2381 1091 2480 1128 bono
2508 1096 2518 1106 ⁸

1375 1173 1377 1192 ἦ
1403 1141 1504 1192 igne,
1535 1141 1626 1190 quia
1655 1142 1702 1179 ad
1723 1141 1888 1179 modum
1917 1141 2012 1190 ignis
2033 1140 2258 1179 consumit?
2286 1155 2366 1180 non
2393 1155 2481 1192 pro-

1376 1216 1377 1219 =
1403 1203 1487 1245 pter
1515 1195 1675 1232 bonurn.
1713 1195 1826 1234 Unde
1864 1195 1978 1232 latine
2011 1196 2087 1232 hoc
2114 1195 2250 1233 vitium
2289 1196 2480 1234 nominari

31 1260 112 1308 gear]-
128 1264 246 1307 'lzgzffls
272 1257 365 1288 teret
390 1263 623 1297 consumere,
649 1258 691 1287 ut
723 1250 859 1287 dicitur
886 1250 925 1287 in
952 1249 1004 1286 IV
1026 1249 1147 1286 Ethic.
1167 1248 1199 1296 ²¹²,
1231 1256 1267 1285 et
1295 1248 1348 1285 sic
1375 1250 1377 1253 ’

1404 1256 1530 1299 potest
1558 1250 1806 1299 consumptio.

1458 1304 1518 1340 An
1547 1314 1686 1341 mximum
1714 1314 1814 1340 ERGO
1842 1313 2029 1340 mci-:unum
2061 1303 2168 1351 quod
2197 1303 2482 1352 magnificentia

1405 1356 1541 1394 dicitur
1568 1369 1652 1394 esse
1682 1369 1728 1394 eo
1748 1362 1764 1385 Υ
1794 1357 1901 1406 quod
1929 1356 2017 1394 facit
2045 1368 2230 1406 magnum
2254 1369 2372 1407 opus:
2402 1369 2483 1396 non

1404 1418 1534 1447 autem
1564 1423 1609 1448 ex
1635 1423 1681 1448 eo
1707 1410 1814 1459 quod
1834 1410 1874 1448 in
1902 1417 2059 1460 sumptu
2088 1411 2247 1449 excedat
2264 1410 2482 1461 proportio·

1405 1476 1495 1502 nem
1525 1464 1665 1514 operis.
1697 1464 1784 1502 Hoc
1813 1464 1916 1502 enim
1944 1464 2109 1514 pertinet
2137 1465 2186 1502 ad
2215 1465 2348 1502 vitium
2376 1465 2483 1514 quod

1405 1518 1614 1568 opponitur
1646 1518 1946 1568 parvificentiae.

1459 1574 1518 1609 An
1539 1584 1732 1610 SECUNDUM
1756 1584 1943 1610 mcznmm
1962 1571 2068 1622 quod
2097 1571 2202 1610 idem
2229 1572 2368 1610 vitium
2391 1583 2483 1610 con·

1405 1626 1581 1663 trariatur
1608 1625 1737 1664 virtuti
1765 1638 1866 1676 quae
1895 1634 1951 1663 est
1978 1626 2017 1663 in
2047 1625 2196 1674 medio,
2227 1634 2264 1664 et
2291 1625 2483 1664 contrario

1405 1679 1511 1717 vitio.
1544 1680 1606 1717 Sic
1633 1680 1744 1729 igitur
1770 1679 1907 1717 vitium
1937 1679 2242 1729 consumptionis
2275 1679 2484 1730 opponitur

1406 1733 1694 1784 parvificentiae
1710 1733 1748 1770 in
1769 1745 1816 1771 eo
1836 1733 1942 1783 quod
1959 1733 2107 1771 excedit
2126 1733 2164 1771 in
2184 1741 2341 1783 sumptu
2355 1733 2484 1784 operis

1407 1787 1642 1836 dignitatem,
1663 1788 1878 1836 expendens
1905 1787 2024 1824 multa
2054 1787 2120 1825 ubi
2139 1799 2269 1838 pauca
2297 1793 2486 1836 oporteret

1406 1842 1631 1890 expendere.
1673 1841 1895 1890 Opponitur
1930 1848 2059 1878 autern
2093 1840 2402 1890 magnificentiae
2437 1852 2483 1879 ex

1406 1902 1513 1944 parte
1543 1894 1670 1944 operis
1699 1894 1841 1944 magni,
1862 1895 1967 1944 quod
1987 1894 2192 1944 praecipue
2211 1893 2372 1932 intendit
2399 1906 2482 1933 ma-

1407 1948 1585 1998 gnificus:
1625 1948 1852 1998 inquantum
1891 1947 2048 1995 scilicet,
2084 1948 2150 1986 ubi
2184 1954 2330 1997 oportet
2365 1948 2484 1986 multa

1407 2003 1631 2052 expendere,
1662 2002 1753 2040 nihil
1781 2009 1846 2039 aut
1867 2013 2012 2051 parum
2041 2001 2228 2051 expendit.

1461 2058 1521 2094 An
1543 2068 1706 2094 mnrium
1730 2067 1917 2094 mensuum
1937 2055 2044 2104 quod
2064 2063 2317 2105 consumptor
2336 2067 2383 2093 ex
2403 2055 2486 2105 ipsa

1408 2110 1535 2160 specie
1555 2118 1662 2148 actus
1681 2110 1889 2160 opponitur
1907 2109 2106 2159 parvifico,
2128 2110 2356 2159 inquantum
2383 2117 2487 2147 tran·

1407 2164 1553 2202 scendit
1580 2165 1751 2213 regulam
1781 2163 1950 2211 rationis,
1971 2176 1993 2201 a
2013 2176 2089 2213 qua
2108 2163 2316 2214 parvificus
2341 2163 2481 2201 deficit.

1407 2218 1512 2255 Nihil
1541 2226 1671 2256 tamen
1690 2218 1869 2268 prohibet
1889 2217 1981 2267 quin
2010 2218 2085 2255 hoc
2113 2217 2162 2256 ad
2182 2217 2303 2256 finem
2330 2216 2485 2255 alterius

1409 2271 1487 2309 vitii
1516 2271 1729 2309 ordinetur:
1759 2279 1852 2321 puta
1879 2271 2002 2309 inanis
2021 2271 2152 2320 gloria,
2177 2272 2240 2309 vel
2270 2271 2487 2310 cuiuscum-

1408 2337 1484 2375 que
1513 2325 1676 2362 alterius.

1462 2459 1490 2492 γ)
1509 2465 1549 2483 eo.
1563 2472 1582 2477 -
1601 2464 1638 2482 ex
1656 2464 1687 2483 eo
1707 2457 1735 2482 P.
