<?xml version="1.0" encoding="UTF-8"?>
<!DOCTYPE html PUBLIC "-//W3C//DTD XHTML 1.0 Transitional//EN"
    "http://www.w3.org/TR/xhtml1/DTD/xhtml1-transitional.dtd">
<html xmlns="http://www.w3.org/1999/xhtml" xml:lang="en" lang="en">
 <head>
  <title>
</title>
<meta http-equiv="Content-Type" content="text/html;charset=utf-8" />
  <meta name='ocr-system' content='tesseract 3.04.00' />
  <meta name='ocr-capabilities' content='ocr_page ocr_carea ocr_par ocr_line ocrx_word'/>
</head>
<body>
  <div class='ocr_page' id='page_1' title='image "./operaomniaiussui10thom/operaomniaiussui10thom_0445.png"; bbox 0 0 2768 4198; ppageno 0'>
   <div class='ocr_carea' id='block_1_1' title="bbox 44 754 257 804">
    <p class='ocr_par' dir='ltr' id='par_1_1' title="bbox 44 754 257 804">
     <span class='ocr_line' id='line_1_1' title="bbox 44 754 257 783; baseline -0.009 -5"><span class='ocrx_word' id='word_1_1' title='bbox 44 755 56 767; x_wconf 80' lang='grc'><em>·</em></span> <span class='ocrx_word' id='word_1_2' title='bbox 75 754 132 778; x_wconf 75' lang='lat' dir='ltr'>Gen.</span> <span class='ocrx_word' id='word_1_3' title='bbox 154 760 205 783; x_wconf 74' lang='lat' dir='ltr'>cap.</span> <span class='ocrx_word' id='word_1_4' title='bbox 225 761 257 782; x_wconf 79' lang='lat'>11,</span> 
     </span>
     <span class='ocr_line' id='line_1_2' title="bbox 45 781 143 804; baseline 0 0"><span class='ocrx_word' id='word_1_5' title='bbox 45 781 143 804; x_wconf 68' lang='lat' dir='ltr'>vemfi.</span> 
     </span>
    </p>
   </div>
   <div class='ocr_carea' id='block_1_2' title="bbox 0 1629 263 1671">
    <p class='ocr_par' dir='ltr' id='par_1_2' title="bbox 0 1617 328 1671">
     <span class='ocr_line' id='line_1_3' title="bbox 0 1629 263 1671; baseline -0.006 -7"><span class='ocrx_word' id='word_1_6' title='bbox 0 1629 4 1671; x_wconf 71' lang='grc' dir='ltr'><em>ᾗ</em></span> <span class='ocrx_word' id='word_1_7' title='bbox 47 1638 263 1669; x_wconf 61' lang='grc' dir='ltr'>ἐηιωιι</span> 
     </span>
    </p>
   </div>
   <div class='ocr_carea' id='block_1_3' title="bbox 53 2381 264 2410">
    <p class='ocr_par' dir='ltr' id='par_1_3' title="bbox 53 2381 264 2410">
     <span class='ocr_line' id='line_1_4' title="bbox 53 2381 264 2410; baseline -0.005 -6"><span class='ocrx_word' id='word_1_8' title='bbox 53 2381 64 2394; x_wconf 79' lang='grc'><em>·</em></span> <span class='ocrx_word' id='word_1_9' title='bbox 73 2381 157 2404; x_wconf 62' lang='lat' dir='ltr'>lamb.</span> <span class='ocrx_word' id='word_1_10' title='bbox 165 2387 195 2404; x_wconf 74' lang='grc' dir='ltr'>αι</span> <span class='ocrx_word' id='word_1_11' title='bbox 201 2381 264 2410; x_wconf 69' lang='lat' dir='ltr'>Aug.</span> 
     </span>
    </p>
   </div>
   <div class='ocr_carea' id='block_1_4' title="bbox 54 2759 267 2787">
    <p class='ocr_par' dir='ltr' id='par_1_4' title="bbox 54 2759 267 2787">
     <span class='ocr_line' id='line_1_5' title="bbox 54 2759 267 2787; baseline -0.009 -5"><span class='ocrx_word' id='word_1_12' title='bbox 54 2759 267 2787; x_wconf 55' lang='lat' dir='ltr'>&#39;amn-na.</span> 
     </span>
    </p>
   </div>
   <div class='ocr_carea' id='block_1_5' title="bbox 0 2863 269 2913">
    <p class='ocr_par' dir='ltr' id='par_1_5' title="bbox 0 2863 269 2913">
     <span class='ocr_line' id='line_1_6' title="bbox 0 2863 269 2913; baseline 0 -7"><span class='ocrx_word' id='word_1_13' title='bbox 0 2863 269 2913; x_wconf 8' lang='lat' dir='ltr'>effluo«</span> 
     </span>
    </p>
   </div>
   <div class='ocr_carea' id='block_1_6' title="bbox 946 297 1825 345">
    <p class='ocr_par' dir='ltr' id='par_1_6' title="bbox 946 297 1825 345">
     <span class='ocr_line' id='line_1_7' title="bbox 946 297 1825 345; baseline -0.001 -11"><span class='ocrx_word' id='word_1_14' title='bbox 946 297 1214 344; x_wconf 90' lang='lat' dir='ltr'>QUAESTIO</span> <span class='ocrx_word' id='word_1_15' title='bbox 1245 297 1436 345; x_wconf 89' lang='lat' dir='ltr'>CLXXV,</span> <span class='ocrx_word' id='word_1_16' title='bbox 1466 297 1764 335; x_wconf 90' lang='lat' dir='ltr'>ARTlCULUS</span> <span class='ocrx_word' id='word_1_17' title='bbox 1795 298 1825 334; x_wconf 90' lang='lat'>11</span> 
     </span>
    </p>
   </div>
   <div class='ocr_carea' id='block_1_7' title="bbox 285 378 1359 692">
    <p class='ocr_par' dir='ltr' id='par_1_7' title="bbox 286 378 1356 576">
     <span class='ocr_line' id='line_1_8' title="bbox 286 378 1354 427; baseline -0.002 -11"><span class='ocrx_word' id='word_1_18' title='bbox 286 380 377 417; x_wconf 76' lang='lat' dir='ltr'>bilia</span> <span class='ocrx_word' id='word_1_19' title='bbox 404 380 480 416; x_wconf 91' lang='lat' dir='ltr'>Dei</span> <span class='ocrx_word' id='word_1_20' title='bbox 499 390 572 427; x_wconf 85' lang='lat' dir='ltr'>per</span> <span class='ocrx_word' id='word_1_21' title='bbox 598 390 644 415; x_wconf 91' lang='lat' dir='ltr'>ea</span> <span class='ocrx_word' id='word_1_22' title='bbox 672 378 899 426; x_wconf 85' lang='lat' dir='ltr'>quaefacta</span> <span class='ocrx_word' id='word_1_23' title='bbox 917 382 1006 413; x_wconf 84' lang='lat' dir='ltr'>sunt</span> <span class='ocrx_word' id='word_1_24' title='bbox 1022 382 1034 397; x_wconf 73' lang='lat'><em>²</em></span> <span class='ocrx_word' id='word_1_25' title='bbox 1063 378 1354 426; x_wconf 86' lang='lat' dir='ltr'>conspiciuntur.</span> 
     </span>
     <span class='ocr_line' id='line_1_9' title="bbox 288 429 1356 479; baseline -0.003 -9"><span class='ocrx_word' id='word_1_26' title='bbox 288 433 364 470; x_wconf 89' lang='lat' dir='ltr'>Sed</span> <span class='ocrx_word' id='word_1_27' title='bbox 394 432 463 469; x_wconf 92' lang='lat' dir='ltr'>iste</span> <span class='ocrx_word' id='word_1_28' title='bbox 492 431 633 469; x_wconf 91' lang='lat' dir='ltr'>modus</span> <span class='ocrx_word' id='word_1_29' title='bbox 661 430 767 479; x_wconf 92' lang='lat' dir='ltr'>quod</span> <span class='ocrx_word' id='word_1_30' title='bbox 795 429 930 478; x_wconf 92' lang='lat' dir='ltr'>aliquis</span> <span class='ocrx_word' id='word_1_31' title='bbox 959 430 1129 467; x_wconf 86' lang='lat' dir='ltr'><strong>elevetur</strong></span> <span class='ocrx_word' id='word_1_32' title='bbox 1154 430 1203 468; x_wconf 92' lang='lat' dir='ltr'>ad</span> <span class='ocrx_word' id='word_1_33' title='bbox 1227 431 1356 467; x_wconf 90' lang='lat' dir='ltr'>divina</span> 
     </span>
     <span class='ocr_line' id='line_1_10' title="bbox 287 483 1355 530; baseline -0.003 -7"><span class='ocrx_word' id='word_1_34' title='bbox 287 498 376 523; x_wconf 90' lang='lat' dir='ltr'>curn</span> <span class='ocrx_word' id='word_1_35' title='bbox 403 485 656 522; x_wconf 87' lang='lat' dir='ltr'>abstractione</span> <span class='ocrx_word' id='word_1_36' title='bbox 686 495 708 520; x_wconf 91' lang='lat' dir='ltr'>a</span> <span class='ocrx_word' id='word_1_37' title='bbox 737 483 923 530; x_wconf 83' lang='lat' dir='ltr'>sensibus,</span> <span class='ocrx_word' id='word_1_38' title='bbox 949 495 1027 520; x_wconf 91' lang='lat' dir='ltr'>non</span> <span class='ocrx_word' id='word_1_39' title='bbox 1048 491 1104 520; x_wconf 89' lang='lat' dir='ltr'>est</span> <span class='ocrx_word' id='word_1_40' title='bbox 1122 484 1270 521; x_wconf 91' lang='lat' dir='ltr'>homini</span> <span class='ocrx_word' id='word_1_41' title='bbox 1291 496 1355 521; x_wconf 91' lang='lat' dir='ltr'>na-</span> 
     </span>
     <span class='ocr_line' id='line_1_11' title="bbox 286 538 428 576; baseline -0.007 0"><span class='ocrx_word' id='word_1_42' title='bbox 286 538 428 576; x_wconf 83' lang='lat' dir='ltr'>ruralis.</span> 
     </span>
    </p>

    <p class='ocr_par' dir='ltr' id='par_1_8' title="bbox 285 590 1359 692">
     <span class='ocr_line' id='line_1_12' title="bbox 340 590 1359 638; baseline -0.001 -10"><span class='ocrx_word' id='word_1_43' title='bbox 340 593 400 628; x_wconf 83' lang='lat' dir='ltr'>An</span> <span class='ocrx_word' id='word_1_44' title='bbox 428 602 620 628; x_wconf 80' lang='lat' dir='ltr'>SECUNDUM</span> <span class='ocrx_word' id='word_1_45' title='bbox 649 600 834 626; x_wconf 72' lang='lat' dir='ltr'>mei-:unum</span> <span class='ocrx_word' id='word_1_46' title='bbox 854 590 959 638; x_wconf 89' lang='lat' dir='ltr'>quod</span> <span class='ocrx_word' id='word_1_47' title='bbox 989 590 1038 627; x_wconf 91' lang='lat' dir='ltr'>ad</span> <span class='ocrx_word' id='word_1_48' title='bbox 1062 590 1226 627; x_wconf 88' lang='lat' dir='ltr'>modurn</span> <span class='ocrx_word' id='word_1_49' title='bbox 1247 598 1283 627; x_wconf 91' lang='lat' dir='ltr'>et</span> <span class='ocrx_word' id='word_1_50' title='bbox 1302 590 1359 627; x_wconf 92' lang='lat' dir='ltr'>di-</span> 
     </span>
     <span class='ocr_line' id='line_1_13' title="bbox 285 642 1359 692; baseline -0.001 -11"><span class='ocrx_word' id='word_1_51' title='bbox 285 644 467 692; x_wconf 88' lang='lat' dir='ltr'>gnitatern</span> <span class='ocrx_word' id='word_1_52' title='bbox 495 643 664 680; x_wconf 90' lang='lat' dir='ltr'>hominis</span> <span class='ocrx_word' id='word_1_53' title='bbox 692 642 855 691; x_wconf 85' lang='lat' dir='ltr'>pertinet</span> <span class='ocrx_word' id='word_1_54' title='bbox 881 643 988 691; x_wconf 90' lang='lat' dir='ltr'>quod</span> <span class='ocrx_word' id='word_1_55' title='bbox 1012 643 1061 680; x_wconf 92' lang='lat' dir='ltr'>ad</span> <span class='ocrx_word' id='word_1_56' title='bbox 1082 643 1214 680; x_wconf 89' lang='lat' dir='ltr'>divina</span> <span class='ocrx_word' id='word_1_57' title='bbox 1234 644 1359 680; x_wconf 92' lang='lat' dir='ltr'>eleve-</span> 
     </span>
    </p>
   </div>
   <div class='ocr_carea' id='block_1_8' title="bbox 285 696 1385 746">
    <p class='ocr_par' dir='ltr' id='par_1_9' title="bbox 285 696 1385 746">
     <span class='ocr_line' id='line_1_14' title="bbox 285 696 1385 746; baseline -0.001 -12"><span class='ocrx_word' id='word_1_58' title='bbox 285 705 358 743; x_wconf 90' lang='lat' dir='ltr'>tur,</span> <span class='ocrx_word' id='word_1_59' title='bbox 389 708 434 733; x_wconf 88' lang='lat' dir='ltr'>ex</span> <span class='ocrx_word' id='word_1_60' title='bbox 462 697 537 734; x_wconf 92' lang='lat' dir='ltr'>hoc</span> <span class='ocrx_word' id='word_1_61' title='bbox 566 697 650 746; x_wconf 90' lang='lat' dir='ltr'>ipso</span> <span class='ocrx_word' id='word_1_62' title='bbox 680 696 786 745; x_wconf 88' lang='lat' dir='ltr'>quod</span> <span class='ocrx_word' id='word_1_63' title='bbox 815 697 927 732; x_wconf 84' lang='lat' dir='ltr'>homo</span> <span class='ocrx_word' id='word_1_64' title='bbox 944 698 1078 744; x_wconf 89' lang='lat' dir='ltr'>factus</span> <span class='ocrx_word' id='word_1_65' title='bbox 1107 703 1161 734; x_wconf 90' lang='lat' dir='ltr'>est</span> <span class='ocrx_word' id='word_1_66' title='bbox 1187 698 1239 734; x_wconf 87' lang='lat' dir='ltr'>ad</span> <span class='ocrx_word' id='word_1_67' title='bbox 1265 697 1359 733; x_wconf 86' lang='lat' dir='ltr'>ima·</span> <span class='ocrx_word' id='word_1_68' title='bbox 1383 703 1385 709; x_wconf 91' lang='grc'><em>·</em></span> 
     </span>
    </p>
   </div>
   <div class='ocr_carea' id='block_1_9' title="bbox 285 749 2484 851">
    <p class='ocr_par' dir='ltr' id='par_1_10' title="bbox 285 749 2484 851">
     <span class='ocr_line' id='line_1_15' title="bbox 1383 749 2484 799; baseline -0.001 -12"><span class='ocrx_word' id='word_1_69' title='bbox 1383 749 1385 768; x_wconf 66' lang='lat'><strong>¹</strong></span> <span class='ocrx_word' id='word_1_70' title='bbox 1411 758 1534 787; x_wconf 88' lang='lat' dir='ltr'>vetur.</span> <span class='ocrx_word' id='word_1_71' title='bbox 1565 750 1676 797; x_wconf 87' lang='lat' dir='ltr'><strong>Quae</strong></span> <span class='ocrx_word' id='word_1_72' title='bbox 1705 750 1863 799; x_wconf 89' lang='lat' dir='ltr'>quidem</span> <span class='ocrx_word' id='word_1_73' title='bbox 1892 758 2080 798; x_wconf 90' lang='lat' dir='ltr'>quantum</span> <span class='ocrx_word' id='word_1_74' title='bbox 2110 750 2158 787; x_wconf 92' lang='lat' dir='ltr'>ad</span> <span class='ocrx_word' id='word_1_75' title='bbox 2187 750 2330 798; x_wconf 91' lang='lat' dir='ltr'>aliquid</span> <span class='ocrx_word' id='word_1_76' title='bbox 2358 757 2484 798; x_wconf 89' lang='lat' dir='ltr'>potest</span> 
     </span>
     <span class='ocr_line' id='line_1_16' title="bbox 285 803 1385 851; baseline -0.001 -10"><span class='ocrx_word' id='word_1_77' title='bbox 285 811 369 841; x_wconf 92' lang='lat' dir='ltr'>tum</span> <span class='ocrx_word' id='word_1_78' title='bbox 390 803 538 841; x_wconf 85' lang='lat' dir='ltr'>excedit</span> <span class='ocrx_word' id='word_1_79' title='bbox 565 804 778 840; x_wconf 86' lang='lat' dir='ltr'><strong>humanam</strong></span> <span class='ocrx_word' id='word_1_80' title='bbox 806 803 1037 850; x_wconf 87' lang='lat' dir='ltr'>facultatem,</span> <span class='ocrx_word' id='word_1_81' title='bbox 1067 803 1210 851; x_wconf 88' lang='lat' dir='ltr'>indiget</span> <span class='ocrx_word' id='word_1_82' title='bbox 1237 804 1358 840; x_wconf 93' lang='lat' dir='ltr'>homo</span> <span class='ocrx_word' id='word_1_83' title='bbox 1384 803 1385 812; x_wconf 62' lang='lat'>¹</span> 
     </span>
    </p>
   </div>
   <div class='ocr_carea' id='block_1_10' title="bbox 284 749 1358 906">
    <p class='ocr_par' dir='ltr' id='par_1_11' title="bbox 284 749 1358 906">
     <span class='ocr_line' id='line_1_17' title="bbox 284 749 1356 801; baseline 0 -15"><span class='ocrx_word' id='word_1_84' title='bbox 284 751 414 801; x_wconf 84' lang='lat' dir='ltr'>ginem</span> <span class='ocrx_word' id='word_1_85' title='bbox 436 751 511 787; x_wconf 89' lang='lat' dir='ltr'>Dei</span> <span class='ocrx_word' id='word_1_86' title='bbox 528 749 559 786; x_wconf 65' lang='lat'>²⁸.</span> <span class='ocrx_word' id='word_1_87' title='bbox 591 751 640 787; x_wconf 92' lang='lat' dir='ltr'>Et</span> <span class='ocrx_word' id='word_1_88' title='bbox 667 749 758 798; x_wconf 90' lang='lat' dir='ltr'>quia</span> <span class='ocrx_word' id='word_1_89' title='bbox 786 750 934 786; x_wconf 90' lang='lat' dir='ltr'>bonum</span> <span class='ocrx_word' id='word_1_90' title='bbox 965 749 1139 787; x_wconf 89' lang='lat' dir='ltr'>divinum</span> <span class='ocrx_word' id='word_1_91' title='bbox 1166 750 1204 787; x_wconf 89' lang='lat' dir='ltr'>in</span> <span class='ocrx_word' id='word_1_92' title='bbox 1232 749 1356 787; x_wconf 89' lang='lat' dir='ltr'>infini-</span> 
     </span>
     <span class='ocr_line' id='line_1_18' title="bbox 285 856 1358 906; baseline 0 -12"><span class='ocrx_word' id='word_1_93' title='bbox 285 865 328 894; x_wconf 91' lang='lat' dir='ltr'>ut</span> <span class='ocrx_word' id='word_1_94' title='bbox 356 857 690 906; x_wconf 89' lang='lat' dir='ltr'>supernaturaliter</span> <span class='ocrx_word' id='word_1_95' title='bbox 718 856 767 893; x_wconf 93' lang='lat' dir='ltr'>ad</span> <span class='ocrx_word' id='word_1_96' title='bbox 795 856 888 893; x_wconf 92' lang='lat' dir='ltr'>illud</span> <span class='ocrx_word' id='word_1_97' title='bbox 907 857 1055 893; x_wconf 92' lang='lat' dir='ltr'>bonum</span> <span class='ocrx_word' id='word_1_98' title='bbox 1077 856 1358 905; x_wconf 88' lang='lat' dir='ltr'>capessendum</span> 
     </span>
    </p>
   </div>
   <div class='ocr_carea' id='block_1_11' title="bbox 286 910 1360 1013">
    <p class='ocr_par' dir='ltr' id='par_1_12' title="bbox 286 910 1360 1013">
     <span class='ocr_line' id='line_1_19' title="bbox 287 910 1358 959; baseline -0.002 -11"><span class='ocrx_word' id='word_1_99' title='bbox 287 910 508 948; x_wconf 84' lang='lat' dir='ltr'>adiuvetur:</span> <span class='ocrx_word' id='word_1_100' title='bbox 538 910 644 959; x_wconf 91' lang='lat' dir='ltr'>quod</span> <span class='ocrx_word' id='word_1_101' title='bbox 672 910 715 947; x_wconf 90' lang='lat' dir='ltr'>fit</span> <span class='ocrx_word' id='word_1_102' title='bbox 742 922 811 958; x_wconf 93' lang='lat' dir='ltr'>per</span> <span class='ocrx_word' id='word_1_103' title='bbox 830 910 1107 958; x_wconf 90' lang='lat' dir='ltr'>quodcumque</span> <span class='ocrx_word' id='word_1_104' title='bbox 1127 910 1358 947; x_wconf 91' lang='lat' dir='ltr'>beneficium</span> 
     </span>
     <span class='ocr_line' id='line_1_20' title="bbox 286 963 1360 1013; baseline -0.001 -12"><span class='ocrx_word' id='word_1_105' title='bbox 286 964 441 1012; x_wconf 86' lang='lat' dir='ltr'>gratiae.</span> <span class='ocrx_word' id='word_1_106' title='bbox 470 964 583 1006; x_wconf 89' lang='lat' dir='ltr'>Unde</span> <span class='ocrx_word' id='word_1_107' title='bbox 611 964 719 1013; x_wconf 91' lang='lat' dir='ltr'>quod</span> <span class='ocrx_word' id='word_1_108' title='bbox 742 963 796 1000; x_wconf 92' lang='lat' dir='ltr'>sic</span> <span class='ocrx_word' id='word_1_109' title='bbox 816 964 986 1000; x_wconf 87' lang='lat' dir='ltr'>elevetur</span> <span class='ocrx_word' id='word_1_110' title='bbox 1005 975 1116 1000; x_wconf 90' lang='lat' dir='ltr'>mens</span> <span class='ocrx_word' id='word_1_111' title='bbox 1136 976 1158 1000; x_wconf 92' lang='lat' dir='ltr'>a</span> <span class='ocrx_word' id='word_1_112' title='bbox 1177 965 1262 1000; x_wconf 95' lang='lat' dir='ltr'>Deo</span> <span class='ocrx_word' id='word_1_113' title='bbox 1292 975 1360 1011; x_wconf 90' lang='lat' dir='ltr'>per</span> 
     </span>
    </p>
   </div>
   <div class='ocr_carea' id='block_1_12' title="bbox 343 1095 915 1129">
    <p class='ocr_par' dir='ltr' id='par_1_13' title="bbox 343 1095 915 1129">
     <span class='ocr_line' id='line_1_21' title="bbox 343 1095 915 1129; baseline -0.005 -7"><span class='ocrx_word' id='word_1_114' title='bbox 343 1097 364 1129; x_wconf 86' lang='grc' dir='ltr'>ε)</span> <span class='ocrx_word' id='word_1_115' title='bbox 384 1099 455 1122; x_wconf 85' lang='lat' dir='ltr'>sunt.</span> <span class='ocrx_word' id='word_1_116' title='bbox 467 1110 486 1116; x_wconf 94' lang='lat'><em>-</em></span> <span class='ocrx_word' id='word_1_117' title='bbox 505 1097 638 1121; x_wconf 81' lang='lat' dir='ltr'>inteltecta</span> <span class='ocrx_word' id='word_1_118' title='bbox 657 1096 755 1121; x_wconf 83' lang='lat' dir='ltr'>addunt</span> <span class='ocrx_word' id='word_1_119' title='bbox 773 1095 915 1120; x_wconf 86' lang='lat' dir='ltr'>PCGHsK.</span> 
     </span>
    </p>
   </div>
   <div class='ocr_carea' id='block_1_13' title="bbox 1253 1165 1465 1173">
    <p class='ocr_par' dir='ltr' id='par_1_14' title="bbox 1253 1165 1465 1173">
     <span class='ocr_line' id='line_1_22' title="bbox 1253 1165 1465 1173; baseline 0 3025"><span class='ocrx_word' id='word_1_120' title='bbox 1253 1165 1465 1173; x_wconf 95' lang='lat' dir='ltr'> </span> 
     </span>
    </p>
   </div>
   <div class='ocr_carea' id='block_1_14' title="bbox 1381 384 1387 1005">
    <p class='ocr_par' dir='ltr' id='par_1_15' title="bbox 1381 384 1387 1005">
     <span class='ocr_line' id='line_1_23' title="bbox 1381 384 1387 1005; baseline 0 0"><span class='ocrx_word' id='word_1_121' title='bbox 1381 384 1387 1005; x_wconf 95' lang='lat' dir='ltr'> </span> 
     </span>
    </p>
   </div>
   <div class='ocr_carea' id='block_1_15' title="bbox 2400 299 2476 344">
    <p class='ocr_par' dir='ltr' id='par_1_16' title="bbox 2400 299 2476 344">
     <span class='ocr_line' id='line_1_24' title="bbox 2400 299 2476 344; baseline 0.013 -10"><span class='ocrx_word' id='word_1_122' title='bbox 2400 299 2476 344; x_wconf 85' lang='lat'>403</span> 
     </span>
    </p>
   </div>
   <div class='ocr_carea' id='block_1_16' title="bbox 1410 377 2481 531">
    <p class='ocr_par' dir='ltr' id='par_1_17' title="bbox 1410 377 2481 531">
     <span class='ocr_line' id='line_1_25' title="bbox 1410 377 2480 426; baseline 0 -12"><span class='ocrx_word' id='word_1_123' title='bbox 1410 385 1574 426; x_wconf 92' lang='lat' dir='ltr'>raptum,</span> <span class='ocrx_word' id='word_1_124' title='bbox 1604 389 1684 414; x_wconf 91' lang='lat' dir='ltr'>non</span> <span class='ocrx_word' id='word_1_125' title='bbox 1713 385 1768 413; x_wconf 91' lang='lat' dir='ltr'>est</span> <span class='ocrx_word' id='word_1_126' title='bbox 1798 384 1930 414; x_wconf 88' lang='lat' dir='ltr'>contra</span> <span class='ocrx_word' id='word_1_127' title='bbox 1958 383 2156 424; x_wconf 89' lang='lat' dir='ltr'>naturam,</span> <span class='ocrx_word' id='word_1_128' title='bbox 2187 377 2255 414; x_wconf 90' lang='lat' dir='ltr'>sed</span> <span class='ocrx_word' id='word_1_129' title='bbox 2284 390 2399 426; x_wconf 89' lang='lat' dir='ltr'>supra</span> <span class='ocrx_word' id='word_1_130' title='bbox 2428 377 2480 414; x_wconf 82' lang='lat' dir='ltr'>fa-</span> 
     </span>
     <span class='ocr_line' id='line_1_26' title="bbox 1410 431 1787 467; baseline 0 0"><span class='ocrx_word' id='word_1_131' title='bbox 1410 431 1588 467; x_wconf 89' lang='lat' dir='ltr'>cultatem</span> <span class='ocrx_word' id='word_1_132' title='bbox 1618 438 1787 467; x_wconf 90' lang='lat' dir='ltr'>naturae.</span> 
     </span>
     <span class='ocr_line' id='line_1_27' title="bbox 1463 482 2481 531; baseline -0.001 -11"><span class='ocrx_word' id='word_1_133' title='bbox 1463 486 1523 520; x_wconf 84' lang='grc' dir='ltr'>Αι)</span> <span class='ocrx_word' id='word_1_134' title='bbox 1560 495 1721 521; x_wconf 78' lang='lat' dir='ltr'>TERTIUM</span> <span class='ocrx_word' id='word_1_135' title='bbox 1764 495 1951 521; x_wconf 80' lang='lat' dir='ltr'>DICENDUM</span> <span class='ocrx_word' id='word_1_136' title='bbox 1993 482 2100 531; x_wconf 92' lang='lat' dir='ltr'>quod</span> <span class='ocrx_word' id='word_1_137' title='bbox 2138 484 2300 520; x_wconf 90' lang='lat' dir='ltr'>verbum</span> <span class='ocrx_word' id='word_1_138' title='bbox 2340 485 2481 520; x_wconf 88' lang='lat' dir='ltr'>Darna-</span> 
     </span>
    </p>
   </div>
   <div class='ocr_carea' id='block_1_17' title="bbox 1382 537 2482 585">
    <p class='ocr_par' dir='ltr' id='par_1_18' title="bbox 1382 537 2482 585">
     <span class='ocr_line' id='line_1_28' title="bbox 1382 537 2482 585; baseline -0.001 -11"><span class='ocrx_word' id='word_1_139' title='bbox 1382 569 1383 585; x_wconf 50' lang='lat' dir='ltr'><strong>Q</strong></span> <span class='ocrx_word' id='word_1_140' title='bbox 1410 537 1513 574; x_wconf 91' lang='lat' dir='ltr'>sceni</span> <span class='ocrx_word' id='word_1_141' title='bbox 1535 544 1590 573; x_wconf 93' lang='lat' dir='ltr'>est</span> <span class='ocrx_word' id='word_1_142' title='bbox 1609 537 1896 585; x_wconf 87' lang='lat' dir='ltr'>intelligendum</span> <span class='ocrx_word' id='word_1_143' title='bbox 1926 544 2112 585; x_wconf 88' lang='lat' dir='ltr'>quantum</span> <span class='ocrx_word' id='word_1_144' title='bbox 2133 537 2181 573; x_wconf 91' lang='lat' dir='ltr'>ad</span> <span class='ocrx_word' id='word_1_145' title='bbox 2202 549 2248 573; x_wconf 91' lang='lat' dir='ltr'>ea</span> <span class='ocrx_word' id='word_1_146' title='bbox 2276 549 2374 585; x_wconf 89' lang='lat' dir='ltr'>quae</span> <span class='ocrx_word' id='word_1_147' title='bbox 2395 545 2482 573; x_wconf 90' lang='lat' dir='ltr'>sunt</span> 
     </span>
    </p>
   </div>
   <div class='ocr_carea' id='block_1_18' title="bbox 1410 590 2482 746">
    <p class='ocr_par' dir='ltr' id='par_1_19' title="bbox 1410 590 2482 746">
     <span class='ocr_line' id='line_1_29' title="bbox 1410 590 2482 639; baseline -0.001 -12"><span class='ocrx_word' id='word_1_148' title='bbox 1410 603 1480 639; x_wconf 89' lang='lat' dir='ltr'>per</span> <span class='ocrx_word' id='word_1_149' title='bbox 1515 591 1716 627; x_wconf 91' lang='lat' dir='ltr'>hominem</span> <span class='ocrx_word' id='word_1_150' title='bbox 1755 590 1939 627; x_wconf 88' lang='lat' dir='ltr'>facienda.</span> <span class='ocrx_word' id='word_1_151' title='bbox 1980 590 2179 637; x_wconf 90' lang='lat' dir='ltr'>Quantum</span> <span class='ocrx_word' id='word_1_152' title='bbox 2216 602 2312 627; x_wconf 90' lang='lat' dir='ltr'>vero</span> <span class='ocrx_word' id='word_1_153' title='bbox 2350 590 2398 627; x_wconf 91' lang='lat' dir='ltr'>ad</span> <span class='ocrx_word' id='word_1_154' title='bbox 2438 602 2482 626; x_wconf 92' lang='lat' dir='ltr'>ea</span> 
     </span>
     <span class='ocr_line' id='line_1_30' title="bbox 1412 643 2482 692; baseline -0.001 -12"><span class='ocrx_word' id='word_1_155' title='bbox 1412 655 1511 692; x_wconf 90' lang='lat' dir='ltr'>quae</span> <span class='ocrx_word' id='word_1_156' title='bbox 1540 644 1728 681; x_wconf 89' lang='lat' dir='ltr'>excedunt</span> <span class='ocrx_word' id='word_1_157' title='bbox 1756 643 1860 680; x_wconf 87' lang='lat' dir='ltr'>liberi</span> <span class='ocrx_word' id='word_1_158' title='bbox 1890 643 2031 680; x_wconf 90' lang='lat' dir='ltr'>arbitrii</span> <span class='ocrx_word' id='word_1_159' title='bbox 2059 643 2296 690; x_wconf 88' lang='lat' dir='ltr'>facultatem,</span> <span class='ocrx_word' id='word_1_160' title='bbox 2326 655 2482 680; x_wconf 92' lang='lat' dir='ltr'>necesse</span> 
     </span>
     <span class='ocr_line' id='line_1_31' title="bbox 1413 696 2482 746; baseline -0.002 -12"><span class='ocrx_word' id='word_1_161' title='bbox 1413 705 1468 734; x_wconf 88' lang='lat' dir='ltr'>est</span> <span class='ocrx_word' id='word_1_162' title='bbox 1496 697 1602 745; x_wconf 90' lang='lat' dir='ltr'>quod</span> <span class='ocrx_word' id='word_1_163' title='bbox 1630 698 1750 734; x_wconf 90' lang='lat' dir='ltr'>homo</span> <span class='ocrx_word' id='word_1_164' title='bbox 1785 697 1953 746; x_wconf 88' lang='lat' dir='ltr'>quadam</span> <span class='ocrx_word' id='word_1_165' title='bbox 1981 696 2126 734; x_wconf 84' lang='lat' dir='ltr'>fortiori</span> <span class='ocrx_word' id='word_1_166' title='bbox 2156 697 2379 745; x_wconf 89' lang='lat' dir='ltr'>operatione</span> <span class='ocrx_word' id='word_1_167' title='bbox 2409 697 2482 733; x_wconf 89' lang='lat' dir='ltr'>ele-</span> 
     </span>
    </p>
   </div>
   <div class='ocr_carea' id='block_1_19' title="bbox 1412 803 2483 1000">
    <p class='ocr_par' dir='ltr' id='par_1_20' title="bbox 1412 803 2483 1000">
     <span class='ocr_line' id='line_1_32' title="bbox 1413 803 2483 852; baseline -0.001 -12"><span class='ocrx_word' id='word_1_168' title='bbox 1413 803 1486 840; x_wconf 92' lang='lat' dir='ltr'>dici</span> <span class='ocrx_word' id='word_1_169' title='bbox 1515 804 1676 848; x_wconf 84' lang='lat' dir='ltr'>coactio,</span> <span class='ocrx_word' id='word_1_170' title='bbox 1706 803 1736 840; x_wconf 91' lang='lat' dir='ltr'>si</span> <span class='ocrx_word' id='word_1_171' title='bbox 1765 803 1907 840; x_wconf 91' lang='lat' dir='ltr'>scilicet</span> <span class='ocrx_word' id='word_1_172' title='bbox 1935 803 2149 840; x_wconf 89' lang='lat' dir='ltr'>attendatur</span> <span class='ocrx_word' id='word_1_173' title='bbox 2177 803 2319 841; x_wconf 91' lang='lat' dir='ltr'>modus</span> <span class='ocrx_word' id='word_1_174' title='bbox 2348 815 2483 852; x_wconf 89' lang='lat' dir='ltr'>opera-</span> 
     </span>
     <span class='ocr_line' id='line_1_33' title="bbox 1412 856 2483 905; baseline -0.001 -12"><span class='ocrx_word' id='word_1_175' title='bbox 1412 856 1546 893; x_wconf 85' lang='lat' dir='ltr'>tionis:</span> <span class='ocrx_word' id='word_1_176' title='bbox 1576 869 1655 893; x_wconf 92' lang='lat' dir='ltr'>non</span> <span class='ocrx_word' id='word_1_177' title='bbox 1684 865 1812 894; x_wconf 89' lang='lat' dir='ltr'>autern</span> <span class='ocrx_word' id='word_1_178' title='bbox 1842 857 1872 894; x_wconf 93' lang='lat' dir='ltr'>si</span> <span class='ocrx_word' id='word_1_179' title='bbox 1896 856 2111 894; x_wconf 87' lang='lat' dir='ltr'>attendatur</span> <span class='ocrx_word' id='word_1_180' title='bbox 2138 857 2322 894; x_wconf 87' lang='lat' dir='ltr'>terminus</span> <span class='ocrx_word' id='word_1_181' title='bbox 2348 868 2483 905; x_wconf 92' lang='lat' dir='ltr'>opera-</span> 
     </span>
     <span class='ocr_line' id='line_1_34' title="bbox 1412 909 2482 959; baseline -0.001 -12"><span class='ocrx_word' id='word_1_182' title='bbox 1412 910 1546 957; x_wconf 89' lang='lat' dir='ltr'>tionis,</span> <span class='ocrx_word' id='word_1_183' title='bbox 1577 910 1616 947; x_wconf 91' lang='lat' dir='ltr'>in</span> <span class='ocrx_word' id='word_1_184' title='bbox 1644 922 1761 959; x_wconf 91' lang='lat' dir='ltr'>quem</span> <span class='ocrx_word' id='word_1_185' title='bbox 1790 918 1923 947; x_wconf 89' lang='lat' dir='ltr'>natura</span> <span class='ocrx_word' id='word_1_186' title='bbox 1955 909 2123 947; x_wconf 88' lang='lat' dir='ltr'>hominis</span> <span class='ocrx_word' id='word_1_187' title='bbox 2151 918 2188 946; x_wconf 90' lang='lat' dir='ltr'>et</span> <span class='ocrx_word' id='word_1_188' title='bbox 2217 910 2297 947; x_wconf 90' lang='lat' dir='ltr'>eius</span> <span class='ocrx_word' id='word_1_189' title='bbox 2325 909 2482 947; x_wconf 89' lang='lat' dir='ltr'>intentio</span> 
     </span>
     <span class='ocr_line' id='line_1_35' title="bbox 1415 963 1625 1000; baseline 0 0"><span class='ocrx_word' id='word_1_190' title='bbox 1415 963 1625 1000; x_wconf 90' lang='lat' dir='ltr'>ordinatur.</span> 
     </span>
    </p>
   </div>
   <div class='ocr_carea' id='block_1_20' title="bbox 299 1222 2390 1354">
    <p class='ocr_par' dir='ltr' id='par_1_21' title="bbox 299 1222 2390 1354">
     <span class='ocr_line' id='line_1_36' title="bbox 1058 1222 1718 1264; baseline 0 0"><span class='ocrx_word' id='word_1_191' title='bbox 1058 1222 1380 1264; x_wconf 89' lang='lat' dir='ltr'>ARTICULUS</span> <span class='ocrx_word' id='word_1_192' title='bbox 1414 1222 1718 1264; x_wconf 89' lang='lat' dir='ltr'>SECUNDUS</span> 
     </span>
     <span class='ocr_line' id='line_1_37' title="bbox 299 1300 2390 1354; baseline 0 -4"><span class='ocrx_word' id='word_1_193' title='bbox 299 1324 319 1327; x_wconf 58' lang='lat'><em>„</em></span> <span class='ocrx_word' id='word_1_194' title='bbox 344 1300 543 1350; x_wconf 57' lang='lat' dir='ltr'>‘&#39;UTRUM</span> <span class='ocrx_word' id='word_1_195' title='bbox 566 1317 735 1348; x_wconf 81' lang='lat' dir='ltr'>RAPTUs</span> <span class='ocrx_word' id='word_1_196' title='bbox 758 1316 890 1348; x_wconf 77' lang='lat' dir='ltr'>MAGls</span> <span class='ocrx_word' id='word_1_197' title='bbox 913 1315 1159 1347; x_wconf 69' lang='lat' dir='ltr'><strong>PERTINEAT</strong></span> <span class='ocrx_word' id='word_1_198' title='bbox 1183 1316 1241 1346; x_wconf 87' lang='lat' dir='ltr'>AD</span> <span class='ocrx_word' id='word_1_199' title='bbox 1266 1316 1345 1346; x_wconf 87' lang='lat' dir='ltr'>VIM</span> <span class='ocrx_word' id='word_1_200' title='bbox 1368 1316 1667 1347; x_wconf 82' lang='lat' dir='ltr'><strong>APPETITIVAM</strong></span> <span class='ocrx_word' id='word_1_201' title='bbox 1691 1316 1818 1354; x_wconf 81' lang='lat' dir='ltr'>QUAM</span> <span class='ocrx_word' id='word_1_202' title='bbox 1844 1317 1902 1347; x_wconf 82' lang='lat' dir='ltr'>AD</span> <span class='ocrx_word' id='word_1_203' title='bbox 1929 1317 2006 1348; x_wconf 83' lang='lat' dir='ltr'>VIM</span> <span class='ocrx_word' id='word_1_204' title='bbox 2032 1317 2390 1350; x_wconf 79' lang='lat' dir='ltr'>COGNOSCITWAM</span> 
     </span>
    </p>
   </div>
   <div class='ocr_carea' id='block_1_21' title="bbox 969 1394 1803 1427">
    <p class='ocr_par' dir='ltr' id='par_1_22' title="bbox 969 1394 1803 1427">
     <span class='ocr_line' id='line_1_38' title="bbox 969 1394 1803 1427; baseline 0 -8"><span class='ocrx_word' id='word_1_205' title='bbox 969 1395 993 1419; x_wconf 81' lang='lat'>1·</span> <span class='ocrx_word' id='word_1_206' title='bbox 1012 1395 1066 1425; x_wconf 74' lang='lat'>11⁵⁰,</span> <span class='ocrx_word' id='word_1_207' title='bbox 1087 1403 1132 1427; x_wconf 87' lang='lat' dir='ltr'>qu.</span> <span class='ocrx_word' id='word_1_208' title='bbox 1150 1402 1237 1423; x_wconf 83' lang='lat' dir='ltr'>xxvm,</span> <span class='ocrx_word' id='word_1_209' title='bbox 1256 1400 1302 1420; x_wconf 88' lang='lat' dir='ltr'>art.</span> <span class='ocrx_word' id='word_1_210' title='bbox 1323 1394 1353 1425; x_wconf 71' lang='lat'>35</span> <span class='ocrx_word' id='word_1_211' title='bbox 1374 1395 1393 1418; x_wconf 90' lang='lat'>11</span> <span class='ocrx_word' id='word_1_212' title='bbox 1412 1395 1450 1419; x_wconf 85' lang='lat' dir='ltr'>ad</span> <span class='ocrx_word' id='word_1_213' title='bbox 1471 1395 1547 1424; x_wconf 61' lang='lat' dir='ltr'>Cor„</span> <span class='ocrx_word' id='word_1_214' title='bbox 1568 1402 1624 1427; x_wconf 86' lang='lat' dir='ltr'>cap.</span> <span class='ocrx_word' id='word_1_215' title='bbox 1643 1402 1686 1424; x_wconf 82' lang='lat' dir='ltr'>x11,</span> <span class='ocrx_word' id='word_1_216' title='bbox 1707 1395 1765 1420; x_wconf 86' lang='lat' dir='ltr'>lect.</span> <span class='ocrx_word' id='word_1_217' title='bbox 1786 1403 1803 1420; x_wconf 92' lang='lat'>1.</span> 
     </span>
    </p>
   </div>
   <div class='ocr_carea' id='block_1_22' title="bbox 290 1474 1367 1846">
    <p class='ocr_par' dir='ltr' id='par_1_23' title="bbox 324 1474 1366 1523">
     <span class='ocr_line' id='line_1_39' title="bbox 324 1474 1366 1523; baseline -0.006 -7"><span class='ocrx_word' id='word_1_218' title='bbox 324 1494 329 1509; x_wconf 55' lang='lat'>‚</span> <span class='ocrx_word' id='word_1_219' title='bbox 374 1510 382 1519; x_wconf 50' lang='lat'>.</span> <span class='ocrx_word' id='word_1_220' title='bbox 472 1499 475 1504; x_wconf 72' lang='lat'><em>‹</em></span> <span class='ocrx_word' id='word_1_221' title='bbox 503 1489 525 1514; x_wconf 87' lang='lat' dir='ltr'>D</span> <span class='ocrx_word' id='word_1_222' title='bbox 541 1488 732 1514; x_wconf 78' lang='lat' dir='ltr'>SECUNDUM</span> <span class='ocrx_word' id='word_1_223' title='bbox 748 1487 802 1512; x_wconf 77' lang='lat' dir='ltr'>stc</span> <span class='ocrx_word' id='word_1_224' title='bbox 817 1486 1058 1512; x_wconf 70' lang='lat' dir='ltr'>Paocam’rUR.</span> <span class='ocrx_word' id='word_1_225' title='bbox 1078 1474 1240 1511; x_wconf 90' lang='lat' dir='ltr'>Videtur</span> <span class='ocrx_word' id='word_1_226' title='bbox 1259 1474 1366 1523; x_wconf 91' lang='lat' dir='ltr'>quod</span> 
     </span>
    </p>

    <p class='ocr_par' dir='ltr' id='par_1_24' title="bbox 290 1524 1367 1846">
     <span class='ocr_line' id='line_1_40' title="bbox 427 1527 1367 1586; baseline -0.003 -19"><span class='ocrx_word' id='word_1_227' title='bbox 427 1530 463 1586; x_wconf 99' lang='lat' dir='ltr'><strong>Q</strong></span> <span class='ocrx_word' id='word_1_228' title='bbox 503 1536 633 1579; x_wconf 85' lang='lat' dir='ltr'>raptus</span> <span class='ocrx_word' id='word_1_229' title='bbox 660 1528 780 1577; x_wconf 88' lang='lat' dir='ltr'>magis</span> <span class='ocrx_word' id='word_1_230' title='bbox 807 1528 994 1577; x_wconf 86' lang='lat' dir='ltr'>pertineat</span> <span class='ocrx_word' id='word_1_231' title='bbox 1017 1529 1066 1565; x_wconf 89' lang='lat' dir='ltr'>ad</span> <span class='ocrx_word' id='word_1_232' title='bbox 1084 1527 1165 1565; x_wconf 90' lang='lat' dir='ltr'>vim</span> <span class='ocrx_word' id='word_1_233' title='bbox 1195 1527 1367 1577; x_wconf 89' lang='lat' dir='ltr'>appetiti-</span> 
     </span>
     <span class='ocr_line' id='line_1_41' title="bbox 448 1580 1365 1631; baseline -0.005 -9"><span class='ocrx_word' id='word_1_234' title='bbox 448 1588 470 1622; x_wconf 53' lang='grc' dir='ltr'>’ἢ</span> <span class='ocrx_word' id='word_1_235' title='bbox 484 1580 489 1623; x_wconf 62' lang='grc' dir='ltr'>Ῐ</span> <span class='ocrx_word' id='word_1_236' title='bbox 502 1595 595 1620; x_wconf 87' lang='lat' dir='ltr'>vam</span> <span class='ocrx_word' id='word_1_237' title='bbox 610 1594 729 1631; x_wconf 91' lang='lat' dir='ltr'>quam</span> <span class='ocrx_word' id='word_1_238' title='bbox 744 1581 793 1619; x_wconf 91' lang='lat' dir='ltr'>ad</span> <span class='ocrx_word' id='word_1_239' title='bbox 808 1580 1120 1629; x_wconf 74' lang='lat' dir='ltr'>cognoscitivam&#39;.</span> <span class='ocrx_word' id='word_1_240' title='bbox 1141 1580 1242 1618; x_wconf 88' lang='lat' dir='ltr'>Dicit</span> <span class='ocrx_word' id='word_1_241' title='bbox 1262 1580 1365 1618; x_wconf 92' lang='lat' dir='ltr'>enim</span> 
     </span>
     <span class='ocr_line' id='line_1_42' title="bbox 390 1628 1367 1685; baseline -0.002 -12"><span class='ocrx_word' id='word_1_242' title='bbox 390 1631 435 1659; x_wconf 70' lang='grc'>””</span> <span class='ocrx_word' id='word_1_243' title='bbox 460 1628 491 1669; x_wconf 45' lang='grc' dir='ltr'>Χ</span> <span class='ocrx_word' id='word_1_244' title='bbox 504 1636 725 1685; x_wconf 86' lang='lat' dir='ltr'>Dionysius,</span> <span class='ocrx_word' id='word_1_245' title='bbox 747 1647 783 1672; x_wconf 77' lang='grc' dir='ltr'>ιν</span> <span class='ocrx_word' id='word_1_246' title='bbox 811 1647 895 1684; x_wconf 88' lang='lat' dir='ltr'>cap.</span> <span class='ocrx_word' id='word_1_247' title='bbox 916 1635 963 1672; x_wconf 84' lang='lat' dir='ltr'>de</span> <span class='ocrx_word' id='word_1_248' title='bbox 979 1635 1068 1671; x_wconf 81' lang='lat' dir='ltr'>Div.</span> <span class='ocrx_word' id='word_1_249' title='bbox 1088 1635 1208 1672; x_wconf 89' lang='lat' dir='ltr'>Nom.</span> <span class='ocrx_word' id='word_1_250' title='bbox 1229 1634 1268 1671; x_wconf 74' lang='lat' dir='ltr'>*z</span> <span class='ocrx_word' id='word_1_251' title='bbox 1297 1635 1367 1671; x_wconf 89' lang='lat' dir='ltr'>Est</span> 
     </span>
     <span class='ocr_line' id='line_1_43' title="bbox 290 1688 1365 1736; baseline -0.004 -8"><span class='ocrx_word' id='word_1_252' title='bbox 290 1696 417 1728; x_wconf 86' lang='lat' dir='ltr'>autem</span> <span class='ocrx_word' id='word_1_253' title='bbox 446 1689 606 1727; x_wconf 79' lang='lat' dir='ltr'>extasim</span> <span class='ocrx_word' id='word_1_254' title='bbox 630 1689 778 1736; x_wconf 86' lang='lat' dir='ltr'>faciens</span> <span class='ocrx_word' id='word_1_255' title='bbox 806 1688 954 1725; x_wconf 84' lang='lat' dir='ltr'>divinus</span> <span class='ocrx_word' id='word_1_256' title='bbox 981 1700 1104 1725; x_wconf 91' lang='lat' dir='ltr'>amor.</span> <span class='ocrx_word' id='word_1_257' title='bbox 1143 1688 1221 1725; x_wconf 91' lang='lat' dir='ltr'>Sed</span> <span class='ocrx_word' id='word_1_258' title='bbox 1254 1700 1365 1725; x_wconf 89' lang='lat' dir='ltr'>amor</span> 
     </span>
     <span class='ocr_line' id='line_1_44' title="bbox 290 1741 1362 1794; baseline -0.003 -14"><span class='ocrx_word' id='word_1_259' title='bbox 290 1743 454 1794; x_wconf 88' lang='lat' dir='ltr'>pertinet</span> <span class='ocrx_word' id='word_1_260' title='bbox 472 1743 522 1780; x_wconf 89' lang='lat' dir='ltr'>ad</span> <span class='ocrx_word' id='word_1_261' title='bbox 540 1742 622 1780; x_wconf 90' lang='lat' dir='ltr'>vim</span> <span class='ocrx_word' id='word_1_262' title='bbox 652 1741 911 1791; x_wconf 89' lang='lat' dir='ltr'>appetitivam.</span> <span class='ocrx_word' id='word_1_263' title='bbox 942 1742 1046 1790; x_wconf 87' lang='lat' dir='ltr'>Ergo</span> <span class='ocrx_word' id='word_1_264' title='bbox 1068 1749 1104 1778; x_wconf 92' lang='lat' dir='ltr'>et</span> <span class='ocrx_word' id='word_1_265' title='bbox 1123 1741 1260 1778; x_wconf 88' lang='lat' dir='ltr'>extasis</span> <span class='ocrx_word' id='word_1_266' title='bbox 1280 1741 1362 1778; x_wconf 91' lang='lat' dir='ltr'>sive</span> 
     </span>
     <span class='ocr_line' id='line_1_45' title="bbox 292 1804 437 1846; baseline -0.021 -10"><span class='ocrx_word' id='word_1_267' title='bbox 292 1804 437 1846; x_wconf 85' lang='lat' dir='ltr'>raptus.</span> 
     </span>
    </p>
   </div>
   <div class='ocr_carea' id='block_1_23' title="bbox 288 1483 501 1683">
    <p class='ocr_par' dir='ltr' id='par_1_25' title="bbox 288 1483 501 1683">
     <span class='ocr_line' id='line_1_46' title="bbox 288 1483 501 1683; baseline 0 -128"><span class='ocrx_word' id='word_1_268' title='bbox 288 1483 501 1683; x_wconf 95' lang='lat' dir='ltr'>   </span> 
     </span>
    </p>
   </div>
   <div class='ocr_carea' id='block_1_24' title="bbox 280 2007 1367 2164">
    <p class='ocr_par' dir='ltr' id='par_1_26' title="bbox 280 2007 1367 2164">
     <span class='ocr_line' id='line_1_47' title="bbox 292 2007 1367 2059; baseline -0.003 -13"><span class='ocrx_word' id='word_1_269' title='bbox 292 2021 403 2059; x_wconf 87' lang='lat' dir='ltr'>quem</span> <span class='ocrx_word' id='word_1_270' title='bbox 445 2007 606 2058; x_wconf 82' lang='lat' dir='ltr'>angelus</span> <span class='ocrx_word' id='word_1_271' title='bbox 637 2008 748 2045; x_wconf 78' lang='lat' dir='ltr'>solvit</span> <span class='ocrx_word' id='word_1_272' title='bbox 782 2008 936 2056; x_wconf 87' lang='lat' dir='ltr'>eiusque</span> <span class='ocrx_word' id='word_1_273' title='bbox 976 2012 1137 2045; x_wconf 87' lang='lat' dir='ltr'>mentem</span> <span class='ocrx_word' id='word_1_274' title='bbox 1173 2007 1210 2044; x_wconf 90' lang='lat' dir='ltr'>in</span> <span class='ocrx_word' id='word_1_275' title='bbox 1244 2008 1367 2044; x_wconf 82' lang='lat' dir='ltr'>extasi</span> 
     </span>
     <span class='ocr_line' id='line_1_48' title="bbox 292 2060 1363 2111; baseline -0.003 -11"><span class='ocrx_word' id='word_1_276' title='bbox 292 2062 430 2111; x_wconf 85' lang='lat' dir='ltr'>rapuit,</span> <span class='ocrx_word' id='word_1_277' title='bbox 459 2067 570 2099; x_wconf 90' lang='lat' dir='ltr'>extra</span> <span class='ocrx_word' id='word_1_278' title='bbox 587 2066 604 2082; x_wconf 63' lang='grc' dir='ltr'><strong>α</strong></span> <span class='ocrx_word' id='word_1_279' title='bbox 631 2073 671 2098; x_wconf 90' lang='lat' dir='ltr'>se</span> <span class='ocrx_word' id='word_1_280' title='bbox 698 2061 861 2110; x_wconf 85' lang='lat' dir='ltr'>quidem,</span> <span class='ocrx_word' id='word_1_281' title='bbox 889 2061 956 2098; x_wconf 88' lang='lat' dir='ltr'>sed</span> <span class='ocrx_word' id='word_1_282' title='bbox 980 2072 1097 2110; x_wconf 83' lang='lat' dir='ltr'>supra</span> <span class='ocrx_word' id='word_1_283' title='bbox 1125 2060 1363 2109; x_wconf 84' lang='lat' dir='ltr'>semetipsum</span> 
     </span>
     <span class='ocr_line' id='line_1_49' title="bbox 280 2113 1365 2164; baseline -0.003 -11"><span class='ocrx_word' id='word_1_284' title='bbox 280 2116 375 2164; x_wconf 87' lang='lat' dir='ltr'>suit.</span> <span class='ocrx_word' id='word_1_285' title='bbox 406 2115 485 2153; x_wconf 91' lang='lat' dir='ltr'>Sed</span> <span class='ocrx_word' id='word_1_286' title='bbox 513 2114 574 2152; x_wconf 90' lang='lat' dir='ltr'>ille</span> <span class='ocrx_word' id='word_1_287' title='bbox 603 2114 703 2151; x_wconf 92' lang='lat' dir='ltr'>filius</span> <span class='ocrx_word' id='word_1_288' title='bbox 730 2114 914 2163; x_wconf 87' lang='lat' dir='ltr'>prodigus</span> <span class='ocrx_word' id='word_1_289' title='bbox 941 2126 1011 2163; x_wconf 91' lang='lat' dir='ltr'>per</span> <span class='ocrx_word' id='word_1_290' title='bbox 1033 2113 1215 2152; x_wconf 85' lang='lat' dir='ltr'>affectum</span> <span class='ocrx_word' id='word_1_291' title='bbox 1244 2113 1282 2150; x_wconf 92' lang='lat' dir='ltr'>in</span> <span class='ocrx_word' id='word_1_292' title='bbox 1310 2114 1365 2151; x_wconf 91' lang='lat' dir='ltr'>in-</span> 
     </span>
    </p>
   </div>
   <div class='ocr_carea' id='block_1_25' title="bbox 349 2273 1365 2323">
    <p class='ocr_par' dir='ltr' id='par_1_27' title="bbox 349 2273 1365 2323">
     <span class='ocr_line' id='line_1_50' title="bbox 349 2273 1365 2323; baseline -0.002 -11"><span class='ocrx_word' id='word_1_293' title='bbox 349 2276 384 2312; x_wconf 88' lang='lat'>3.</span> <span class='ocrx_word' id='word_1_294' title='bbox 405 2276 641 2320; x_wconf 76' lang='lat' dir='ltr'>PRAETEREA,</span> <span class='ocrx_word' id='word_1_295' title='bbox 671 2287 788 2323; x_wconf 88' lang='lat' dir='ltr'>super</span> <span class='ocrx_word' id='word_1_296' title='bbox 815 2274 906 2311; x_wconf 92' lang='lat' dir='ltr'>illud</span> <span class='ocrx_word' id='word_1_297' title='bbox 929 2273 1072 2310; x_wconf 90' lang='lat' dir='ltr'>Psalmi</span> <span class='ocrx_word' id='word_1_298' title='bbox 1091 2273 1122 2320; x_wconf 71' lang='lat'>²¹⁶,</span> <span class='ocrx_word' id='word_1_299' title='bbox 1152 2275 1198 2310; x_wconf 91' lang='lat' dir='ltr'>In</span> <span class='ocrx_word' id='word_1_300' title='bbox 1220 2280 1265 2319; x_wconf 90' lang='lat' dir='ltr'>te,</span> <span class='ocrx_word' id='word_1_301' title='bbox 1285 2274 1365 2310; x_wconf 91' lang='lat' dir='ltr'>Do-</span> 
     </span>
    </p>
   </div>
   <div class='ocr_carea' id='block_1_26' title="bbox 292 2327 1393 2377">
    <p class='ocr_par' dir='ltr' id='par_1_28' title="bbox 292 2327 1393 2377">
     <span class='ocr_line' id='line_1_51' title="bbox 292 2327 1393 2377; baseline -0.003 -11"><span class='ocrx_word' id='word_1_302' title='bbox 292 2329 406 2375; x_wconf 87' lang='lat' dir='ltr'>mine,</span> <span class='ocrx_word' id='word_1_303' title='bbox 434 2329 596 2377; x_wconf 81' lang='lat' dir='ltr'>speravi,</span> <span class='ocrx_word' id='word_1_304' title='bbox 627 2339 702 2364; x_wconf 88' lang='lat' dir='ltr'>non</span> <span class='ocrx_word' id='word_1_305' title='bbox 731 2327 947 2375; x_wconf 84' lang='lat' dir='ltr'>confundar</span> <span class='ocrx_word' id='word_1_306' title='bbox 974 2327 1011 2363; x_wconf 90' lang='lat' dir='ltr'>in</span> <span class='ocrx_word' id='word_1_307' title='bbox 1035 2332 1244 2372; x_wconf 89' lang='lat' dir='ltr'>aeternum,</span> <span class='ocrx_word' id='word_1_308' title='bbox 1276 2327 1366 2364; x_wconf 91' lang='lat' dir='ltr'>dicit</span> <span class='ocrx_word' id='word_1_309' title='bbox 1391 2363 1393 2376; x_wconf 30' lang='lat'>1</span> 
     </span>
    </p>
   </div>
   <div class='ocr_carea' id='block_1_27' title="bbox 280 2380 1367 2590">
    <p class='ocr_par' dir='ltr' id='par_1_29' title="bbox 280 2380 1367 2590">
     <span class='ocr_line' id='line_1_52' title="bbox 293 2380 1363 2430; baseline -0.002 -11"><span class='ocrx_word' id='word_1_310' title='bbox 293 2382 432 2420; x_wconf 90' lang='lat' dir='ltr'>Glossa</span> <span class='ocrx_word' id='word_1_311' title='bbox 455 2381 494 2428; x_wconf 86' lang='lat'>*,</span> <span class='ocrx_word' id='word_1_312' title='bbox 525 2381 564 2418; x_wconf 91' lang='lat' dir='ltr'>in</span> <span class='ocrx_word' id='word_1_313' title='bbox 597 2381 832 2430; x_wconf 86' lang='lat' dir='ltr'>expositione</span> <span class='ocrx_word' id='word_1_314' title='bbox 868 2380 984 2417; x_wconf 88' lang='lat' dir='ltr'>tituli:</span> <span class='ocrx_word' id='word_1_315' title='bbox 1021 2381 1176 2417; x_wconf 90' lang='lat' dir='ltr'>Extasis</span> <span class='ocrx_word' id='word_1_316' title='bbox 1202 2392 1363 2430; x_wconf 84' lang='lat' dir='ltr'>graece,</span> 
     </span>
     <span class='ocr_line' id='line_1_53' title="bbox 293 2434 1365 2482; baseline -0.002 -10"><span class='ocrx_word' id='word_1_317' title='bbox 293 2435 407 2473; x_wconf 87' lang='lat' dir='ltr'>latine</span> <span class='ocrx_word' id='word_1_318' title='bbox 434 2435 571 2472; x_wconf 88' lang='lat' dir='ltr'>dicitur·</span> <span class='ocrx_word' id='word_1_319' title='bbox 589 2447 763 2472; x_wconf 89' lang='lat' dir='ltr'>excessus</span> <span class='ocrx_word' id='word_1_320' title='bbox 782 2435 938 2471; x_wconf 88' lang='lat' dir='ltr'>mentis.-</span> <span class='ocrx_word' id='word_1_321' title='bbox 966 2434 1032 2482; x_wconf 87' lang='lat' dir='ltr'>qui</span> <span class='ocrx_word' id='word_1_322' title='bbox 1045 2435 1101 2482; x_wconf 90' lang='lat' dir='ltr'>fit</span> <span class='ocrx_word' id='word_1_323' title='bbox 1120 2435 1266 2471; x_wconf 84' lang='lat' dir='ltr'>duobus</span> <span class='ocrx_word' id='word_1_324' title='bbox 1285 2446 1365 2470; x_wconf 90' lang='lat' dir='ltr'>mo-</span> 
     </span>
     <span class='ocr_line' id='line_1_54' title="bbox 280 2487 1367 2537; baseline -0.002 -11"><span class='ocrx_word' id='word_1_325' title='bbox 280 2489 361 2533; x_wconf 79' lang='lat' dir='ltr'>dis,</span> <span class='ocrx_word' id='word_1_326' title='bbox 394 2488 453 2525; x_wconf 83' lang='lat' dir='ltr'>vel</span> <span class='ocrx_word' id='word_1_327' title='bbox 475 2499 623 2536; x_wconf 78' lang='lat' dir='ltr'>pavore</span> <span class='ocrx_word' id='word_1_328' title='bbox 650 2494 908 2534; x_wconf 85' lang='lat' dir='ltr'>terrenorum,</span> <span class='ocrx_word' id='word_1_329' title='bbox 938 2487 999 2523; x_wconf 79' lang='lat' dir='ltr'>vel</span> <span class='ocrx_word' id='word_1_330' title='bbox 1026 2493 1148 2524; x_wconf 89' lang='lat' dir='ltr'>mente</span> <span class='ocrx_word' id='word_1_331' title='bbox 1176 2493 1286 2537; x_wconf 85' lang='lat' dir='ltr'>rapta</span> <span class='ocrx_word' id='word_1_332' title='bbox 1315 2488 1367 2524; x_wconf 88' lang='lat' dir='ltr'>ad</span> 
     </span>
     <span class='ocr_line' id='line_1_55' title="bbox 291 2540 1366 2590; baseline -0.002 -11"><span class='ocrx_word' id='word_1_333' title='bbox 291 2553 457 2590; x_wconf 83' lang='lat' dir='ltr'>superna</span> <span class='ocrx_word' id='word_1_334' title='bbox 477 2547 512 2578; x_wconf 90' lang='lat' dir='ltr'>et</span> <span class='ocrx_word' id='word_1_335' title='bbox 530 2541 756 2589; x_wconf 87' lang='lat' dir='ltr'>inferiorum</span> <span class='ocrx_word' id='word_1_336' title='bbox 780 2542 906 2578; x_wconf 83' lang='lat' dir='ltr'>oblita.</span> <span class='ocrx_word' id='word_1_337' title='bbox 938 2540 1016 2578; x_wconf 89' lang='lat' dir='ltr'>Sed</span> <span class='ocrx_word' id='word_1_338' title='bbox 1044 2553 1168 2589; x_wconf 92' lang='lat' dir='ltr'>pavor</span> <span class='ocrx_word' id='word_1_339' title='bbox 1195 2549 1366 2578; x_wconf 89' lang='lat' dir='ltr'>terreno-</span> 
     </span>
    </p>
   </div>
   <div class='ocr_carea' id='block_1_28' title="bbox 293 2588 1393 2643">
    <p class='ocr_par' dir='ltr' id='par_1_30' title="bbox 293 2588 1393 2643">
     <span class='ocr_line' id='line_1_56' title="bbox 293 2588 1393 2643; baseline -0.002 -11"><span class='ocrx_word' id='word_1_340' title='bbox 293 2608 380 2632; x_wconf 91' lang='lat' dir='ltr'>rum</span> <span class='ocrx_word' id='word_1_341' title='bbox 419 2595 468 2632; x_wconf 90' lang='lat' dir='ltr'>ad</span> <span class='ocrx_word' id='word_1_342' title='bbox 506 2593 688 2631; x_wconf 83' lang='lat' dir='ltr'>affectum</span> <span class='ocrx_word' id='word_1_343' title='bbox 725 2595 899 2643; x_wconf 88' lang='lat' dir='ltr'>pertinet.</span> <span class='ocrx_word' id='word_1_344' title='bbox 939 2595 1042 2641; x_wconf 89' lang='lat' dir='ltr'>Ergo</span> <span class='ocrx_word' id='word_1_345' title='bbox 1081 2594 1197 2631; x_wconf 89' lang='lat' dir='ltr'>etiam</span> <span class='ocrx_word' id='word_1_346' title='bbox 1236 2588 1393 2643; x_wconf 56' lang='lat' dir='ltr'>raptus*</span> 
     </span>
    </p>
   </div>
   <div class='ocr_carea' id='block_1_29' title="bbox 293 2646 1366 3230">
    <p class='ocr_par' dir='ltr' id='par_1_31' title="bbox 293 2646 1366 2740">
     <span class='ocr_line' id='line_1_57' title="bbox 294 2646 1366 2696; baseline -0.002 -11"><span class='ocrx_word' id='word_1_347' title='bbox 294 2647 432 2686; x_wconf 90' lang='lat' dir='ltr'>mentis</span> <span class='ocrx_word' id='word_1_348' title='bbox 461 2647 510 2684; x_wconf 92' lang='lat' dir='ltr'>ad</span> <span class='ocrx_word' id='word_1_349' title='bbox 539 2659 717 2696; x_wconf 91' lang='lat' dir='ltr'>superna,</span> <span class='ocrx_word' id='word_1_350' title='bbox 743 2647 809 2696; x_wconf 92' lang='lat' dir='ltr'>qui</span> <span class='ocrx_word' id='word_1_351' title='bbox 829 2659 875 2684; x_wconf 91' lang='lat' dir='ltr'>ex</span> <span class='ocrx_word' id='word_1_352' title='bbox 894 2646 1073 2696; x_wconf 91' lang='lat' dir='ltr'>opposito</span> <span class='ocrx_word' id='word_1_353' title='bbox 1093 2648 1258 2696; x_wconf 87' lang='lat' dir='ltr'>ponitur,</span> <span class='ocrx_word' id='word_1_354' title='bbox 1281 2660 1366 2696; x_wconf 92' lang='lat' dir='ltr'>per-</span> 
     </span>
     <span class='ocr_line' id='line_1_58' title="bbox 293 2700 686 2740; baseline -0.005 -1"><span class='ocrx_word' id='word_1_355' title='bbox 293 2701 388 2740; x_wconf 90' lang='lat' dir='ltr'>tinet</span> <span class='ocrx_word' id='word_1_356' title='bbox 415 2701 465 2738; x_wconf 94' lang='lat' dir='ltr'>ad</span> <span class='ocrx_word' id='word_1_357' title='bbox 493 2700 686 2738; x_wconf 84' lang='lat' dir='ltr'>affectum.</span> 
     </span>
    </p>

    <p class='ocr_par' dir='ltr' id='par_1_32' title="bbox 293 2753 1366 3068">
     <span class='ocr_line' id='line_1_59' title="bbox 349 2753 1365 2803; baseline -0.002 -11"><span class='ocrx_word' id='word_1_358' title='bbox 349 2755 424 2792; x_wconf 81' lang='lat' dir='ltr'>SED</span> <span class='ocrx_word' id='word_1_359' title='bbox 444 2766 592 2791; x_wconf 77' lang='lat' dir='ltr'><strong>CONTRA</strong></span> <span class='ocrx_word' id='word_1_360' title='bbox 611 2765 678 2791; x_wconf 83' lang='lat' dir='ltr'>EST</span> <span class='ocrx_word' id='word_1_361' title='bbox 697 2754 802 2802; x_wconf 92' lang='lat' dir='ltr'>quod</span> <span class='ocrx_word' id='word_1_362' title='bbox 822 2766 938 2802; x_wconf 88' lang='lat' dir='ltr'>super</span> <span class='ocrx_word' id='word_1_363' title='bbox 956 2753 1048 2790; x_wconf 91' lang='lat' dir='ltr'>illud</span> <span class='ocrx_word' id='word_1_364' title='bbox 1068 2753 1212 2790; x_wconf 86' lang='lat' dir='ltr'>Psalmi</span> <span class='ocrx_word' id='word_1_365' title='bbox 1226 2753 1257 2800; x_wconf 62' lang='lat'>²¹²,</span> <span class='ocrx_word' id='word_1_366' title='bbox 1278 2755 1365 2803; x_wconf 83' lang='lat' dir='ltr'>Ego</span> 
     </span>
     <span class='ocr_line' id='line_1_60' title="bbox 294 2807 1366 2852; baseline -0.002 -7"><span class='ocrx_word' id='word_1_367' title='bbox 294 2808 378 2845; x_wconf 84' lang='lat' dir='ltr'>dixi</span> <span class='ocrx_word' id='word_1_368' title='bbox 403 2808 441 2844; x_wconf 87' lang='lat' dir='ltr'>in</span> <span class='ocrx_word' id='word_1_369' title='bbox 469 2819 624 2844; x_wconf 86' lang='lat' dir='ltr'>excessu</span> <span class='ocrx_word' id='word_1_370' title='bbox 652 2819 749 2852; x_wconf 90' lang='lat' dir='ltr'>meo,</span> <span class='ocrx_word' id='word_1_371' title='bbox 784 2807 914 2844; x_wconf 91' lang='lat' dir='ltr'>Omnis</span> <span class='ocrx_word' id='word_1_372' title='bbox 940 2807 1052 2843; x_wconf 85' lang='lat' dir='ltr'>homo</span> <span class='ocrx_word' id='word_1_373' title='bbox 1076 2807 1255 2852; x_wconf 87' lang='lat' dir='ltr'>mendax,</span> <span class='ocrx_word' id='word_1_374' title='bbox 1277 2807 1366 2844; x_wconf 92' lang='lat' dir='ltr'>dicit</span> 
     </span>
     <span class='ocr_line' id='line_1_61' title="bbox 295 2860 1366 2908; baseline -0.002 -10"><span class='ocrx_word' id='word_1_375' title='bbox 295 2862 433 2899; x_wconf 90' lang='lat' dir='ltr'>Glossa</span> <span class='ocrx_word' id='word_1_376' title='bbox 451 2861 489 2897; x_wconf 76' lang='lat' dir='ltr'>*z</span> <span class='ocrx_word' id='word_1_377' title='bbox 519 2861 670 2899; x_wconf 85' lang='lat' dir='ltr'>Dicitur</span> <span class='ocrx_word' id='word_1_378' title='bbox 687 2861 748 2897; x_wconf 89' lang='lat' dir='ltr'>hic</span> <span class='ocrx_word' id='word_1_379' title='bbox 767 2860 917 2906; x_wconf 86' lang='lat' dir='ltr'>extasis,</span> <span class='ocrx_word' id='word_1_380' title='bbox 947 2871 1034 2896; x_wconf 90' lang='lat' dir='ltr'>cum</span> <span class='ocrx_word' id='word_1_381' title='bbox 1063 2871 1168 2896; x_wconf 91' lang='lat' dir='ltr'>mens</span> <span class='ocrx_word' id='word_1_382' title='bbox 1196 2872 1270 2896; x_wconf 89' lang='lat' dir='ltr'>non</span> <span class='ocrx_word' id='word_1_383' title='bbox 1293 2872 1366 2908; x_wconf 88' lang='lat' dir='ltr'>pa-</span> 
     </span>
     <span class='ocr_line' id='line_1_62' title="bbox 293 2913 1366 2962; baseline -0.001 -11"><span class='ocrx_word' id='word_1_384' title='bbox 293 2926 387 2952; x_wconf 80' lang='lat' dir='ltr'>vore</span> <span class='ocrx_word' id='word_1_385' title='bbox 413 2915 614 2959; x_wconf 80' lang='lat' dir='ltr'>alienatur,</span> <span class='ocrx_word' id='word_1_386' title='bbox 634 2914 700 2951; x_wconf 89' lang='lat' dir='ltr'>sed</span> <span class='ocrx_word' id='word_1_387' title='bbox 717 2913 846 2962; x_wconf 89' lang='lat' dir='ltr'>aliqua</span> <span class='ocrx_word' id='word_1_388' title='bbox 866 2913 1110 2961; x_wconf 84' lang='lat' dir='ltr'>inspiratione</span> <span class='ocrx_word' id='word_1_389' title='bbox 1128 2913 1366 2950; x_wconf 81' lang='lat' dir='ltr'>revelationis</span> 
     </span>
     <span class='ocr_line' id='line_1_63' title="bbox 293 2965 1363 3014; baseline -0.001 -9"><span class='ocrx_word' id='word_1_390' title='bbox 293 2979 444 3005; x_wconf 81' lang='lat' dir='ltr'>sursum</span> <span class='ocrx_word' id='word_1_391' title='bbox 472 2968 688 3004; x_wconf 88' lang='lat' dir='ltr'>assumitur.</span> <span class='ocrx_word' id='word_1_392' title='bbox 721 2968 797 3004; x_wconf 91' lang='lat' dir='ltr'>Sed</span> <span class='ocrx_word' id='word_1_393' title='bbox 818 2966 1000 3003; x_wconf 90' lang='lat' dir='ltr'>revelatio</span> <span class='ocrx_word' id='word_1_394' title='bbox 1030 2965 1192 3014; x_wconf 87' lang='lat' dir='ltr'>pertinet</span> <span class='ocrx_word' id='word_1_395' title='bbox 1210 2967 1260 3003; x_wconf 90' lang='lat' dir='ltr'>ad</span> <span class='ocrx_word' id='word_1_396' title='bbox 1283 2966 1363 3004; x_wconf 91' lang='lat' dir='ltr'>vim</span> 
     </span>
     <span class='ocr_line' id='line_1_64' title="bbox 294 3018 1191 3068; baseline -0.003 -10"><span class='ocrx_word' id='word_1_397' title='bbox 294 3020 578 3058; x_wconf 87' lang='lat' dir='ltr'>intellectivam.</span> <span class='ocrx_word' id='word_1_398' title='bbox 610 3021 712 3068; x_wconf 90' lang='lat' dir='ltr'>Ergo</span> <span class='ocrx_word' id='word_1_399' title='bbox 743 3019 878 3057; x_wconf 87' lang='lat' dir='ltr'>extasis</span> <span class='ocrx_word' id='word_1_400' title='bbox 895 3018 910 3049; x_wconf 75' lang='grc' dir='ltr'><strong>β</strong></span> <span class='ocrx_word' id='word_1_401' title='bbox 938 3020 1020 3056; x_wconf 89' lang='lat' dir='ltr'>sive</span> <span class='ocrx_word' id='word_1_402' title='bbox 1049 3027 1191 3067; x_wconf 90' lang='lat' dir='ltr'>raptus.</span> 
     </span>
    </p>

    <p class='ocr_par' dir='ltr' id='par_1_33' title="bbox 296 3072 1365 3230">
     <span class='ocr_line' id='line_1_65' title="bbox 350 3072 1365 3122; baseline -0.002 -11"><span class='ocrx_word' id='word_1_403' title='bbox 350 3075 578 3111; x_wconf 66' lang='lat' dir='ltr'>REspoNnno</span> <span class='ocrx_word' id='word_1_404' title='bbox 606 3086 792 3111; x_wconf 71' lang='lat' dir='ltr'>mcaNDUM</span> <span class='ocrx_word' id='word_1_405' title='bbox 820 3073 927 3122; x_wconf 92' lang='lat' dir='ltr'>quod</span> <span class='ocrx_word' id='word_1_406' title='bbox 955 3074 1002 3110; x_wconf 91' lang='lat' dir='ltr'>de</span> <span class='ocrx_word' id='word_1_407' title='bbox 1025 3079 1135 3120; x_wconf 89' lang='lat' dir='ltr'>raptu</span> <span class='ocrx_word' id='word_1_408' title='bbox 1164 3072 1365 3120; x_wconf 91' lang='lat' dir='ltr'>dupliciter</span> 
     </span>
     <span class='ocr_line' id='line_1_66' title="bbox 296 3125 1364 3176; baseline -0.001 -13"><span class='ocrx_word' id='word_1_409' title='bbox 296 3127 402 3174; x_wconf 88' lang='lat' dir='ltr'>loqui</span> <span class='ocrx_word' id='word_1_410' title='bbox 429 3139 646 3176; x_wconf 89' lang='lat' dir='ltr'>possumus.</span> <span class='ocrx_word' id='word_1_411' title='bbox 677 3128 765 3165; x_wconf 93' lang='lat' dir='ltr'>Uno</span> <span class='ocrx_word' id='word_1_412' title='bbox 795 3127 934 3173; x_wconf 88' lang='lat' dir='ltr'>modo,</span> <span class='ocrx_word' id='word_1_413' title='bbox 965 3133 1152 3174; x_wconf 89' lang='lat' dir='ltr'>quantum</span> <span class='ocrx_word' id='word_1_414' title='bbox 1181 3125 1231 3162; x_wconf 92' lang='lat' dir='ltr'>ad</span> <span class='ocrx_word' id='word_1_415' title='bbox 1259 3125 1296 3162; x_wconf 93' lang='lat' dir='ltr'>id</span> <span class='ocrx_word' id='word_1_416' title='bbox 1325 3125 1364 3163; x_wconf 90' lang='lat' dir='ltr'>in</span> 
     </span>
     <span class='ocr_line' id='line_1_67' title="bbox 297 3179 1363 3230; baseline 0 -14"><span class='ocrx_word' id='word_1_417' title='bbox 297 3179 402 3228; x_wconf 93' lang='lat' dir='ltr'>quod</span> <span class='ocrx_word' id='word_1_418' title='bbox 430 3180 564 3229; x_wconf 88' lang='lat' dir='ltr'>aliquis</span> <span class='ocrx_word' id='word_1_419' title='bbox 594 3181 747 3230; x_wconf 89' lang='lat' dir='ltr'>rapitur.</span> <span class='ocrx_word' id='word_1_420' title='bbox 787 3181 836 3217; x_wconf 90' lang='lat' dir='ltr'>Et</span> <span class='ocrx_word' id='word_1_421' title='bbox 864 3179 939 3227; x_wconf 92' lang='lat' dir='ltr'>sic,</span> <span class='ocrx_word' id='word_1_422' title='bbox 968 3179 1121 3228; x_wconf 90' lang='lat' dir='ltr'>proprie</span> <span class='ocrx_word' id='word_1_423' title='bbox 1149 3180 1363 3227; x_wconf 87' lang='lat' dir='ltr'>loquendo,</span> 
     </span>
    </p>
   </div>
   <div class='ocr_carea' id='block_1_30' title="bbox 297 3231 1391 3283">
    <p class='ocr_par' dir='ltr' id='par_1_34' title="bbox 297 3231 1391 3283">
     <span class='ocr_line' id='line_1_68' title="bbox 297 3231 1391 3283; baseline 0 -15"><span class='ocrx_word' id='word_1_424' title='bbox 297 3240 427 3280; x_wconf 88' lang='lat' dir='ltr'>raptus</span> <span class='ocrx_word' id='word_1_425' title='bbox 454 3245 533 3270; x_wconf 90' lang='lat' dir='ltr'>non</span> <span class='ocrx_word' id='word_1_426' title='bbox 551 3241 678 3282; x_wconf 90' lang='lat' dir='ltr'>potest</span> <span class='ocrx_word' id='word_1_427' title='bbox 704 3233 893 3282; x_wconf 90' lang='lat' dir='ltr'>pertinere</span> <span class='ocrx_word' id='word_1_428' title='bbox 922 3232 971 3269; x_wconf 91' lang='lat' dir='ltr'>ad</span> <span class='ocrx_word' id='word_1_429' title='bbox 999 3232 1079 3269; x_wconf 91' lang='lat' dir='ltr'>vim</span> <span class='ocrx_word' id='word_1_430' title='bbox 1100 3231 1361 3280; x_wconf 86' lang='lat' dir='ltr'>appetitivam,</span> <span class='ocrx_word' id='word_1_431' title='bbox 1390 3275 1391 3283; x_wconf 12' lang='grc' dir='ltr'>ἵ</span> 
     </span>
    </p>
   </div>
   <div class='ocr_carea' id='block_1_31' title="bbox 297 3284 1364 3494">
    <p class='ocr_par' dir='ltr' id='par_1_35' title="bbox 297 3284 1364 3494">
     <span class='ocr_line' id='line_1_69' title="bbox 297 3284 1364 3335; baseline 0 -14"><span class='ocrx_word' id='word_1_432' title='bbox 297 3285 364 3322; x_wconf 93' lang='lat' dir='ltr'>sed</span> <span class='ocrx_word' id='word_1_433' title='bbox 394 3285 518 3322; x_wconf 90' lang='lat' dir='ltr'>solum</span> <span class='ocrx_word' id='word_1_434' title='bbox 547 3287 596 3323; x_wconf 90' lang='lat' dir='ltr'>ad</span> <span class='ocrx_word' id='word_1_435' title='bbox 625 3287 939 3335; x_wconf 88' lang='lat' dir='ltr'>cognoscitivam.</span> <span class='ocrx_word' id='word_1_436' title='bbox 970 3285 1123 3322; x_wconf 91' lang='lat' dir='ltr'>Dictum</span> <span class='ocrx_word' id='word_1_437' title='bbox 1146 3294 1202 3322; x_wconf 89' lang='lat' dir='ltr'>est</span> <span class='ocrx_word' id='word_1_438' title='bbox 1226 3284 1364 3322; x_wconf 75' lang='lat' dir='ltr'>enirn*</span> 
     </span>
     <span class='ocr_line' id='line_1_70' title="bbox 297 3337 1363 3389; baseline 0 -15"><span class='ocrx_word' id='word_1_439' title='bbox 297 3337 403 3386; x_wconf 91' lang='lat' dir='ltr'>quod</span> <span class='ocrx_word' id='word_1_440' title='bbox 432 3345 562 3387; x_wconf 90' lang='lat' dir='ltr'>raptus</span> <span class='ocrx_word' id='word_1_441' title='bbox 590 3346 646 3376; x_wconf 88' lang='lat' dir='ltr'>est</span> <span class='ocrx_word' id='word_1_442' title='bbox 679 3348 829 3389; x_wconf 89' lang='lat' dir='ltr'>praeter</span> <span class='ocrx_word' id='word_1_443' title='bbox 855 3339 1052 3389; x_wconf 88' lang='lat' dir='ltr'>propriam</span> <span class='ocrx_word' id='word_1_444' title='bbox 1081 3338 1363 3375; x_wconf 88' lang='lat' dir='ltr'>inclinationem</span> 
     </span>
     <span class='ocr_line' id='line_1_71' title="bbox 297 3391 1363 3442; baseline 0 -14"><span class='ocrx_word' id='word_1_445' title='bbox 297 3391 378 3428; x_wconf 91' lang='lat' dir='ltr'>eius</span> <span class='ocrx_word' id='word_1_446' title='bbox 406 3391 512 3439; x_wconf 90' lang='lat' dir='ltr'>quod</span> <span class='ocrx_word' id='word_1_447' title='bbox 542 3392 695 3440; x_wconf 88' lang='lat' dir='ltr'>rapitur.</span> <span class='ocrx_word' id='word_1_448' title='bbox 725 3395 810 3442; x_wconf 91' lang='lat' dir='ltr'>Ipse</span> <span class='ocrx_word' id='word_1_449' title='bbox 838 3401 967 3430; x_wconf 89' lang='lat' dir='ltr'>autem</span> <span class='ocrx_word' id='word_1_450' title='bbox 988 3400 1115 3429; x_wconf 90' lang='lat' dir='ltr'>motus</span> <span class='ocrx_word' id='word_1_451' title='bbox 1135 3391 1363 3440; x_wconf 90' lang='lat' dir='ltr'>appetitivae</span> 
     </span>
     <span class='ocr_line' id='line_1_72' title="bbox 297 3444 1359 3494; baseline 0.001 -14"><span class='ocrx_word' id='word_1_452' title='bbox 297 3444 445 3481; x_wconf 92' lang='lat' dir='ltr'>virtutis</span> <span class='ocrx_word' id='word_1_453' title='bbox 466 3451 523 3480; x_wconf 92' lang='lat' dir='ltr'>est</span> <span class='ocrx_word' id='word_1_454' title='bbox 540 3444 731 3492; x_wconf 85' lang='lat' dir='ltr'>quaedam</span> <span class='ocrx_word' id='word_1_455' title='bbox 759 3446 952 3484; x_wconf 86' lang='lat' dir='ltr'>inclinatio</span> <span class='ocrx_word' id='word_1_456' title='bbox 980 3446 1019 3483; x_wconf 93' lang='lat' dir='ltr'>in</span> <span class='ocrx_word' id='word_1_457' title='bbox 1038 3446 1187 3482; x_wconf 91' lang='lat' dir='ltr'>bonum</span> <span class='ocrx_word' id='word_1_458' title='bbox 1216 3444 1359 3494; x_wconf 87' lang='lat' dir='ltr'>appeti-</span> 
     </span>
    </p>
   </div>
   <div class='ocr_carea' id='block_1_32' title="bbox 351 3559 802 3663">
    <p class='ocr_par' dir='ltr' id='par_1_36' title="bbox 351 3559 802 3663">
     <span class='ocr_line' id='line_1_73' title="bbox 352 3559 760 3590; baseline 0.002 -7"><span class='ocrx_word' id='word_1_459' title='bbox 352 3560 379 3590; x_wconf 89' lang='grc' dir='ltr'>α)</span> <span class='ocrx_word' id='word_1_460' title='bbox 399 3561 490 3584; x_wconf 83' lang='lat' dir='ltr'>extra.</span> <span class='ocrx_word' id='word_1_461' title='bbox 504 3571 522 3579; x_wconf 85' lang='lat'>—-</span> <span class='ocrx_word' id='word_1_462' title='bbox 540 3566 592 3584; x_wconf 83' lang='lat' dir='ltr'>non</span> <span class='ocrx_word' id='word_1_463' title='bbox 612 3562 696 3584; x_wconf 76' lang='lat' dir='ltr'>extra</span> <span class='ocrx_word' id='word_1_464' title='bbox 714 3559 760 3585; x_wconf 86' lang='lat' dir='ltr'>Pa.</span> 
     </span>
     <span class='ocr_line' id='line_1_74' title="bbox 352 3594 802 3627; baseline 0.002 -8"><span class='ocrx_word' id='word_1_465' title='bbox 352 3594 377 3627; x_wconf 75' lang='grc' dir='ltr'>β)</span> <span class='ocrx_word' id='word_1_466' title='bbox 397 3595 510 3620; x_wconf 78' lang='lat' dir='ltr'>extasis.</span> <span class='ocrx_word' id='word_1_467' title='bbox 521 3608 541 3613; x_wconf 95' lang='lat'>-</span> <span class='ocrx_word' id='word_1_468' title='bbox 559 3598 586 3619; x_wconf 82' lang='lat' dir='ltr'>et</span> <span class='ocrx_word' id='word_1_469' title='bbox 602 3595 707 3620; x_wconf 79' lang='lat' dir='ltr'>extasis</span> <span class='ocrx_word' id='word_1_470' title='bbox 726 3595 802 3620; x_wconf 82' lang='lat' dir='ltr'>PCH.</span> 
     </span>
     <span class='ocr_line' id='line_1_75' title="bbox 351 3629 750 3663; baseline -0.003 -8"><span class='ocrx_word' id='word_1_471' title='bbox 351 3630 377 3663; x_wconf 83' lang='grc' dir='ltr'>γ)</span> <span class='ocrx_word' id='word_1_472' title='bbox 396 3630 517 3655; x_wconf 73' lang='lat' dir='ltr'>alicuius.</span> <span class='ocrx_word' id='word_1_473' title='bbox 529 3644 549 3649; x_wconf 95' lang='lat'>—</span> <span class='ocrx_word' id='word_1_474' title='bbox 565 3629 663 3662; x_wconf 72' lang='lat' dir='ltr'>aliquis</span> <span class='ocrx_word' id='word_1_475' title='bbox 680 3630 750 3663; x_wconf 86' lang='lat' dir='ltr'>BpC.</span> 
     </span>
    </p>
   </div>
   <div class='ocr_carea' id='block_1_33' title="bbox 1392 1474 2490 1791">
    <p class='ocr_par' dir='ltr' id='par_1_37' title="bbox 1392 1474 2486 1578">
     <span class='ocr_line' id='line_1_76' title="bbox 1392 1474 2486 1525; baseline 0.003 -15"><span class='ocrx_word' id='word_1_476' title='bbox 1392 1511 1394 1525; x_wconf 54' lang='grc' dir='ltr'>Ι</span> <span class='ocrx_word' id='word_1_477' title='bbox 1420 1474 1505 1511; x_wconf 93' lang='lat' dir='ltr'>bile.</span> <span class='ocrx_word' id='word_1_478' title='bbox 1526 1474 1651 1521; x_wconf 91' lang='lat' dir='ltr'>Unde,</span> <span class='ocrx_word' id='word_1_479' title='bbox 1672 1475 1826 1523; x_wconf 89' lang='lat' dir='ltr'>proprie</span> <span class='ocrx_word' id='word_1_480' title='bbox 1846 1476 2055 1524; x_wconf 91' lang='lat' dir='ltr'>loquendo,</span> <span class='ocrx_word' id='word_1_481' title='bbox 2073 1489 2117 1513; x_wconf 89' lang='lat' dir='ltr'>ex</span> <span class='ocrx_word' id='word_1_482' title='bbox 2137 1477 2211 1514; x_wconf 90' lang='lat' dir='ltr'>hoc</span> <span class='ocrx_word' id='word_1_483' title='bbox 2236 1478 2342 1525; x_wconf 92' lang='lat' dir='ltr'>quod</span> <span class='ocrx_word' id='word_1_484' title='bbox 2366 1478 2486 1514; x_wconf 92' lang='lat' dir='ltr'>homo</span> 
     </span>
     <span class='ocr_line' id='line_1_77' title="bbox 1419 1527 2486 1578; baseline 0.004 -15"><span class='ocrx_word' id='word_1_485' title='bbox 1419 1527 1561 1576; x_wconf 91' lang='lat' dir='ltr'>appetit</span> <span class='ocrx_word' id='word_1_486' title='bbox 1581 1527 1734 1576; x_wconf 89' lang='lat' dir='ltr'>aliquid,</span> <span class='ocrx_word' id='word_1_487' title='bbox 1756 1540 1834 1564; x_wconf 90' lang='lat' dir='ltr'>non</span> <span class='ocrx_word' id='word_1_488' title='bbox 1864 1528 2017 1577; x_wconf 90' lang='lat' dir='ltr'>rapitur,</span> <span class='ocrx_word' id='word_1_489' title='bbox 2039 1530 2108 1566; x_wconf 90' lang='lat' dir='ltr'>sed</span> <span class='ocrx_word' id='word_1_490' title='bbox 2136 1542 2204 1578; x_wconf 92' lang='lat' dir='ltr'>per</span> <span class='ocrx_word' id='word_1_491' title='bbox 2228 1543 2268 1567; x_wconf 91' lang='lat' dir='ltr'>se</span> <span class='ocrx_word' id='word_1_492' title='bbox 2297 1538 2486 1567; x_wconf 88' lang='lat' dir='ltr'>movetur.</span> 
     </span>
    </p>

    <p class='ocr_par' dir='ltr' id='par_1_38' title="bbox 1419 1580 2490 1791">
     <span class='ocr_line' id='line_1_78' title="bbox 1473 1580 2489 1633; baseline 0.003 -16"><span class='ocrx_word' id='word_1_493' title='bbox 1473 1580 1560 1618; x_wconf 91' lang='lat' dir='ltr'>Alio</span> <span class='ocrx_word' id='word_1_494' title='bbox 1590 1580 1711 1618; x_wconf 90' lang='lat' dir='ltr'>modo</span> <span class='ocrx_word' id='word_1_495' title='bbox 1739 1589 1865 1630; x_wconf 91' lang='lat' dir='ltr'>potest</span> <span class='ocrx_word' id='word_1_496' title='bbox 1894 1582 2126 1620; x_wconf 91' lang='lat' dir='ltr'>considerari</span> <span class='ocrx_word' id='word_1_497' title='bbox 2147 1591 2276 1632; x_wconf 91' lang='lat' dir='ltr'>raptus</span> <span class='ocrx_word' id='word_1_498' title='bbox 2304 1591 2489 1633; x_wconf 92' lang='lat' dir='ltr'>quantum</span> 
     </span>
     <span class='ocr_line' id='line_1_79' title="bbox 1419 1634 2487 1685; baseline 0.003 -14"><span class='ocrx_word' id='word_1_499' title='bbox 1419 1634 1469 1671; x_wconf 91' lang='lat' dir='ltr'>ad</span> <span class='ocrx_word' id='word_1_500' title='bbox 1497 1647 1608 1671; x_wconf 88' lang='lat' dir='ltr'>suam</span> <span class='ocrx_word' id='word_1_501' title='bbox 1639 1647 1807 1671; x_wconf 88' lang='lat' dir='ltr'>causam.</span> <span class='ocrx_word' id='word_1_502' title='bbox 1847 1636 1897 1672; x_wconf 92' lang='lat' dir='ltr'>Et</span> <span class='ocrx_word' id='word_1_503' title='bbox 1925 1636 1977 1672; x_wconf 90' lang='lat' dir='ltr'>sic</span> <span class='ocrx_word' id='word_1_504' title='bbox 2005 1644 2132 1685; x_wconf 89' lang='lat' dir='ltr'>potest</span> <span class='ocrx_word' id='word_1_505' title='bbox 2159 1637 2301 1674; x_wconf 91' lang='lat' dir='ltr'>habere</span> <span class='ocrx_word' id='word_1_506' title='bbox 2331 1649 2487 1674; x_wconf 88' lang='lat' dir='ltr'>causam</span> 
     </span>
     <span class='ocr_line' id='line_1_80' title="bbox 1420 1688 2490 1739; baseline 0.002 -15"><span class='ocrx_word' id='word_1_507' title='bbox 1420 1699 1465 1724; x_wconf 92' lang='lat' dir='ltr'>ex</span> <span class='ocrx_word' id='word_1_508' title='bbox 1493 1695 1599 1736; x_wconf 89' lang='lat' dir='ltr'>parte</span> <span class='ocrx_word' id='word_1_509' title='bbox 1629 1688 1858 1738; x_wconf 90' lang='lat' dir='ltr'>appetitivae</span> <span class='ocrx_word' id='word_1_510' title='bbox 1886 1689 2046 1726; x_wconf 91' lang='lat' dir='ltr'>virtutis.</span> <span class='ocrx_word' id='word_1_511' title='bbox 2086 1690 2143 1726; x_wconf 90' lang='lat' dir='ltr'>Ex</span> <span class='ocrx_word' id='word_1_512' title='bbox 2171 1690 2246 1727; x_wconf 91' lang='lat' dir='ltr'>hoc</span> <span class='ocrx_word' id='word_1_513' title='bbox 2275 1690 2377 1727; x_wconf 92' lang='lat' dir='ltr'>enim</span> <span class='ocrx_word' id='word_1_514' title='bbox 2407 1690 2490 1739; x_wconf 90' lang='lat' dir='ltr'>ipso</span> 
     </span>
     <span class='ocr_line' id='line_1_81' title="bbox 1419 1741 2488 1791; baseline 0.003 -14"><span class='ocrx_word' id='word_1_515' title='bbox 1419 1741 1526 1789; x_wconf 91' lang='lat' dir='ltr'>quod</span> <span class='ocrx_word' id='word_1_516' title='bbox 1555 1741 1744 1790; x_wconf 90' lang='lat' dir='ltr'>appetitus</span> <span class='ocrx_word' id='word_1_517' title='bbox 1778 1741 1827 1778; x_wconf 90' lang='lat' dir='ltr'>ad</span> <span class='ocrx_word' id='word_1_518' title='bbox 1856 1742 1998 1791; x_wconf 90' lang='lat' dir='ltr'>aliquid</span> <span class='ocrx_word' id='word_1_519' title='bbox 2025 1743 2278 1780; x_wconf 89' lang='lat' dir='ltr'>vehementer</span> <span class='ocrx_word' id='word_1_520' title='bbox 2306 1743 2488 1790; x_wconf 89' lang='lat' dir='ltr'>afficitur,</span> 
     </span>
    </p>
   </div>
   <div class='ocr_carea' id='block_1_34' title="bbox 291 1794 2490 2002">
    <p class='ocr_par' dir='ltr' id='par_1_39' title="bbox 1391 1794 2490 1843">
     <span class='ocr_line' id='line_1_82' title="bbox 1391 1794 2490 1843; baseline 0.001 -12"><span class='ocrx_word' id='word_1_521' title='bbox 1391 1823 1393 1836; x_wconf 31' lang='grc'><strong>1</strong></span> <span class='ocrx_word' id='word_1_522' title='bbox 1418 1801 1545 1843; x_wconf 89' lang='lat' dir='ltr'>potest</span> <span class='ocrx_word' id='word_1_523' title='bbox 1565 1794 1784 1843; x_wconf 90' lang='lat' dir='ltr'>contingere</span> <span class='ocrx_word' id='word_1_524' title='bbox 1804 1795 1910 1843; x_wconf 94' lang='lat' dir='ltr'>quod</span> <span class='ocrx_word' id='word_1_525' title='bbox 1931 1808 1976 1832; x_wconf 87' lang='lat' dir='ltr'>ex</span> <span class='ocrx_word' id='word_1_526' title='bbox 1991 1795 2174 1833; x_wconf 90' lang='lat' dir='ltr'>violentia</span> <span class='ocrx_word' id='word_1_527' title='bbox 2192 1797 2351 1834; x_wconf 86' lang='lat' dir='ltr'>affectus</span> <span class='ocrx_word' id='word_1_528' title='bbox 2370 1798 2490 1833; x_wconf 92' lang='lat' dir='ltr'>homo</span> 
     </span>
    </p>

    <p class='ocr_par' dir='ltr' id='par_1_40' title="bbox 291 1846 1393 2002">
     <span class='ocr_line' id='line_1_83' title="bbox 346 1846 1393 1897; baseline -0.004 -10"><span class='ocrx_word' id='word_1_529' title='bbox 346 1862 382 1887; x_wconf 88' lang='lat'>2.</span> <span class='ocrx_word' id='word_1_530' title='bbox 404 1850 646 1895; x_wconf 79' lang='lat' dir='ltr'>PRAETEREA,</span> <span class='ocrx_word' id='word_1_531' title='bbox 677 1847 885 1896; x_wconf 89' lang='lat' dir='ltr'>Gregorius</span> <span class='ocrx_word' id='word_1_532' title='bbox 915 1847 1014 1894; x_wconf 90' lang='lat' dir='ltr'>dicit,</span> <span class='ocrx_word' id='word_1_533' title='bbox 1044 1847 1083 1884; x_wconf 93' lang='lat' dir='ltr'>in</span> <span class='ocrx_word' id='word_1_534' title='bbox 1103 1849 1135 1884; x_wconf 91' lang='grc' dir='ltr'>ΙΙ</span> <span class='ocrx_word' id='word_1_535' title='bbox 1155 1847 1311 1897; x_wconf 81' lang='lat' dir='ltr'>Dialog.</span> <span class='ocrx_word' id='word_1_536' title='bbox 1332 1846 1363 1894; x_wconf 82' lang='lat'>*,</span> <span class='ocrx_word' id='word_1_537' title='bbox 1391 1876 1393 1894; x_wconf 34' lang='grc' dir='ltr'><em>ᾗ</em></span> 
     </span>
     <span class='ocr_line' id='line_1_84' title="bbox 291 1896 1393 1952; baseline -0.004 -12"><span class='ocrx_word' id='word_1_538' title='bbox 291 1902 400 1952; x_wconf 91' lang='lat' dir='ltr'>quod</span> <span class='ocrx_word' id='word_1_539' title='bbox 428 1902 490 1939; x_wconf 92' lang='lat' dir='ltr'>ille</span> <span class='ocrx_word' id='word_1_540' title='bbox 517 1902 583 1950; x_wconf 86' lang='lat' dir='ltr'>qui</span> <span class='ocrx_word' id='word_1_541' title='bbox 609 1913 751 1950; x_wconf 88' lang='lat' dir='ltr'>porcos</span> <span class='ocrx_word' id='word_1_542' title='bbox 773 1901 901 1950; x_wconf 80' lang='lat' dir='ltr'>pavit,</span> <span class='ocrx_word' id='word_1_543' title='bbox 931 1901 1136 1950; x_wconf 82' lang='lat' dir='ltr'>vagatione</span> <span class='ocrx_word' id='word_1_544' title='bbox 1167 1901 1301 1937; x_wconf 88' lang='lat' dir='ltr'>mentis</span> <span class='ocrx_word' id='word_1_545' title='bbox 1332 1896 1393 1952; x_wconf 52' lang='lat' dir='ltr'>ets</span> 
     </span>
     <span class='ocr_line' id='line_1_85' title="bbox 291 1954 1393 2002; baseline -0.005 -8"><span class='ocrx_word' id='word_1_546' title='bbox 291 1955 554 1994; x_wconf 87' lang='lat' dir='ltr'>immunditiae</span> <span class='ocrx_word' id='word_1_547' title='bbox 585 1956 655 1991; x_wconf 89' lang='lat' dir='ltr'>sub</span> <span class='ocrx_word' id='word_1_548' title='bbox 682 1955 877 2002; x_wconf 67' lang='lat' dir='ltr'>semetipffl</span> <span class='ocrx_word' id='word_1_549' title='bbox 906 1954 1056 1991; x_wconf 85' lang='lat' dir='ltr'>cecidit.-</span> <span class='ocrx_word' id='word_1_550' title='bbox 1090 1955 1223 1990; x_wconf 87' lang='lat' dir='ltr'>Petrus</span> <span class='ocrx_word' id='word_1_551' title='bbox 1252 1965 1362 1999; x_wconf 85' lang='lat' dir='ltr'>vero,</span> <span class='ocrx_word' id='word_1_552' title='bbox 1391 1959 1393 1998; x_wconf 64' lang='grc' dir='ltr'><em>ξ</em></span> 
     </span>
    </p>
   </div>
   <div class='ocr_carea' id='block_1_35' title="bbox 1419 1847 2490 2004">
    <p class='ocr_par' dir='ltr' id='par_1_41' title="bbox 1419 1847 2490 2004">
     <span class='ocr_line' id='line_1_86' title="bbox 1419 1847 2009 1886; baseline 0.003 -2"><span class='ocrx_word' id='word_1_553' title='bbox 1419 1848 1467 1884; x_wconf 93' lang='lat' dir='ltr'>ab</span> <span class='ocrx_word' id='word_1_554' title='bbox 1498 1848 1676 1884; x_wconf 91' lang='lat' dir='ltr'>omnibus</span> <span class='ocrx_word' id='word_1_555' title='bbox 1705 1847 1785 1884; x_wconf 91' lang='lat' dir='ltr'>aliis</span> <span class='ocrx_word' id='word_1_556' title='bbox 1815 1847 2009 1886; x_wconf 87' lang='lat' dir='ltr'>alienetur.</span> 
     </span>
     <span class='ocr_line' id='line_1_87' title="bbox 1474 1901 2488 1951; baseline 0.001 -14"><span class='ocrx_word' id='word_1_557' title='bbox 1474 1901 1600 1937; x_wconf 87' lang='lat' dir='ltr'>Habet</span> <span class='ocrx_word' id='word_1_558' title='bbox 1639 1901 1753 1938; x_wconf 89' lang='lat' dir='ltr'>etiam</span> <span class='ocrx_word' id='word_1_559' title='bbox 1793 1901 1972 1938; x_wconf 86' lang='lat' dir='ltr'>effectum</span> <span class='ocrx_word' id='word_1_560' title='bbox 2011 1902 2049 1939; x_wconf 93' lang='lat' dir='ltr'>in</span> <span class='ocrx_word' id='word_1_561' title='bbox 2086 1903 2293 1951; x_wconf 88' lang='lat' dir='ltr'>appetitiva</span> <span class='ocrx_word' id='word_1_562' title='bbox 2329 1903 2488 1939; x_wconf 89' lang='lat' dir='ltr'>virtute:</span> 
     </span>
     <span class='ocr_line' id='line_1_88' title="bbox 1420 1954 2490 2004; baseline 0.001 -14"><span class='ocrx_word' id='word_1_563' title='bbox 1420 1966 1509 1990; x_wconf 91' lang='lat' dir='ltr'>cum</span> <span class='ocrx_word' id='word_1_564' title='bbox 1547 1954 1686 1991; x_wconf 88' lang='lat' dir='ltr'>scilicet</span> <span class='ocrx_word' id='word_1_565' title='bbox 1720 1954 1856 2003; x_wconf 89' lang='lat' dir='ltr'>aliquis</span> <span class='ocrx_word' id='word_1_566' title='bbox 1894 1955 2101 1992; x_wconf 89' lang='lat' dir='ltr'>delectatur</span> <span class='ocrx_word' id='word_1_567' title='bbox 2137 1956 2176 1992; x_wconf 91' lang='lat' dir='ltr'>in</span> <span class='ocrx_word' id='word_1_568' title='bbox 2208 1956 2267 1993; x_wconf 92' lang='lat' dir='ltr'>his</span> <span class='ocrx_word' id='word_1_569' title='bbox 2305 1956 2354 1993; x_wconf 86' lang='lat' dir='ltr'>ad</span> <span class='ocrx_word' id='word_1_570' title='bbox 2391 1967 2490 2004; x_wconf 91' lang='lat' dir='ltr'>quae</span> 
     </span>
    </p>
   </div>
   <div class='ocr_carea' id='block_1_36' title="bbox 1390 1480 1395 2071">
    <p class='ocr_par' dir='ltr' id='par_1_42' title="bbox 1390 1480 1395 2071">
     <span class='ocr_line' id='line_1_89' title="bbox 1390 1480 1395 2071; baseline 0 0"><span class='ocrx_word' id='word_1_571' title='bbox 1390 1480 1395 2071; x_wconf 95' lang='lat' dir='ltr'> </span> 
     </span>
    </p>
   </div>
   <div class='ocr_carea' id='block_1_37' title="bbox 1420 2007 2491 2059">
    <p class='ocr_par' dir='ltr' id='par_1_43' title="bbox 1420 2007 2491 2059">
     <span class='ocr_line' id='line_1_90' title="bbox 1420 2007 2491 2059; baseline 0.003 -16"><span class='ocrx_word' id='word_1_572' title='bbox 1420 2007 1574 2055; x_wconf 89' lang='lat' dir='ltr'>rapitur.</span> <span class='ocrx_word' id='word_1_573' title='bbox 1605 2007 1716 2044; x_wconf 87' lang='lat' dir='ltr'>Unde</span> <span class='ocrx_word' id='word_1_574' title='bbox 1738 2015 1774 2044; x_wconf 91' lang='lat' dir='ltr'>et</span> <span class='ocrx_word' id='word_1_575' title='bbox 1793 2010 2002 2057; x_wconf 88' lang='lat' dir='ltr'>Apostolus</span> <span class='ocrx_word' id='word_1_576' title='bbox 2023 2009 2146 2046; x_wconf 81' lang='lat' dir='ltr'>dixit*</span> <span class='ocrx_word' id='word_1_577' title='bbox 2166 2022 2205 2046; x_wconf 91' lang='lat' dir='ltr'>se</span> <span class='ocrx_word' id='word_1_578' title='bbox 2226 2017 2390 2059; x_wconf 82' lang='lat' dir='ltr'>raptum,</span> <span class='ocrx_word' id='word_1_579' title='bbox 2413 2021 2491 2046; x_wconf 91' lang='lat' dir='ltr'>non</span> 
     </span>
    </p>
   </div>
   <div class='ocr_carea' id='block_1_38' title="bbox 1391 2061 2490 2111">
    <p class='ocr_par' dir='ltr' id='par_1_44' title="bbox 1391 2061 2490 2111">
     <span class='ocr_line' id='line_1_91' title="bbox 1391 2061 2490 2111; baseline -0.001 -12"><span class='ocrx_word' id='word_1_580' title='bbox 1391 2075 1393 2099; x_wconf 80' lang='grc' dir='ltr'>ῑ</span> <span class='ocrx_word' id='word_1_581' title='bbox 1419 2061 1546 2097; x_wconf 86' lang='grc'><strong>50111111</strong></span> <span class='ocrx_word' id='word_1_582' title='bbox 1574 2061 1626 2098; x_wconf 88' lang='lat' dir='ltr'>ad</span> <span class='ocrx_word' id='word_1_583' title='bbox 1651 2061 1800 2098; x_wconf 86' lang='lat' dir='ltr'>tertium</span> <span class='ocrx_word' id='word_1_584' title='bbox 1824 2062 1983 2108; x_wconf 86' lang='lat' dir='ltr'>caelum,</span> <span class='ocrx_word' id='word_1_585' title='bbox 2013 2062 2121 2110; x_wconf 92' lang='lat' dir='ltr'>quod</span> <span class='ocrx_word' id='word_1_586' title='bbox 2149 2063 2312 2111; x_wconf 90' lang='lat' dir='ltr'>pertinet</span> <span class='ocrx_word' id='word_1_587' title='bbox 2331 2063 2380 2100; x_wconf 87' lang='lat' dir='ltr'>ad</span> <span class='ocrx_word' id='word_1_588' title='bbox 2401 2075 2490 2099; x_wconf 93' lang='lat' dir='ltr'>con-</span> 
     </span>
    </p>
   </div>
   <div class='ocr_carea' id='block_1_39' title="bbox 292 2114 2490 2272">
    <p class='ocr_par' dir='ltr' id='par_1_45' title="bbox 292 2114 2490 2272">
     <span class='ocr_line' id='line_1_92' title="bbox 1391 2114 2490 2170; baseline 0.002 -20"><span class='ocrx_word' id='word_1_589' title='bbox 1391 2143 1393 2170; x_wconf 62' lang='lat'>3</span> <span class='ocrx_word' id='word_1_590' title='bbox 1418 2114 1709 2162; x_wconf 90' lang='lat' dir='ltr'>templationem</span> <span class='ocrx_word' id='word_1_591' title='bbox 1730 2114 1956 2152; x_wconf 89' lang='lat' dir='ltr'>intellectus:</span> <span class='ocrx_word' id='word_1_592' title='bbox 1978 2115 2047 2152; x_wconf 89' lang='lat' dir='ltr'>sed</span> <span class='ocrx_word' id='word_1_593' title='bbox 2067 2115 2182 2153; x_wconf 92' lang='lat' dir='ltr'>etiam</span> <span class='ocrx_word' id='word_1_594' title='bbox 2199 2117 2236 2152; x_wconf 91' lang='lat' dir='ltr'>in</span> <span class='ocrx_word' id='word_1_595' title='bbox 2252 2116 2490 2161; x_wconf 85' lang='lat' dir='ltr'>Paradisum,</span> 
     </span>
     <span class='ocr_line' id='line_1_93' title="bbox 292 2167 1393 2217; baseline -0.003 -11"><span class='ocrx_word' id='word_1_596' title='bbox 292 2169 432 2207; x_wconf 81' lang='lat' dir='ltr'>seriora</span> <span class='ocrx_word' id='word_1_597' title='bbox 467 2168 636 2217; x_wconf 90' lang='lat' dir='ltr'>dilapsus</span> <span class='ocrx_word' id='word_1_598' title='bbox 671 2175 738 2204; x_wconf 92' lang='lat' dir='ltr'>est.</span> <span class='ocrx_word' id='word_1_599' title='bbox 778 2169 881 2216; x_wconf 88' lang='lat' dir='ltr'>Ergo</span> <span class='ocrx_word' id='word_1_600' title='bbox 921 2167 1034 2204; x_wconf 90' lang='lat' dir='ltr'>etiam</span> <span class='ocrx_word' id='word_1_601' title='bbox 1070 2174 1107 2204; x_wconf 89' lang='lat' dir='ltr'>et</span> <span class='ocrx_word' id='word_1_602' title='bbox 1135 2167 1186 2204; x_wconf 92' lang='lat' dir='ltr'>illi</span> <span class='ocrx_word' id='word_1_603' title='bbox 1214 2167 1279 2216; x_wconf 91' lang='lat' dir='ltr'>qui</span> <span class='ocrx_word' id='word_1_604' title='bbox 1309 2174 1393 2204; x_wconf 76' lang='lat' dir='ltr'>ra-³</span> 
     </span>
     <span class='ocr_line' id='line_1_94' title="bbox 292 2220 1393 2272; baseline -0.003 -12"><span class='ocrx_word' id='word_1_605' title='bbox 292 2223 448 2272; x_wconf 91' lang='lat' dir='ltr'>piuntur</span> <span class='ocrx_word' id='word_1_606' title='bbox 475 2221 514 2259; x_wconf 91' lang='lat' dir='ltr'>in</span> <span class='ocrx_word' id='word_1_607' title='bbox 537 2221 748 2270; x_wconf 82' lang='lat' dir='ltr'>superiora,</span> <span class='ocrx_word' id='word_1_608' title='bbox 778 2233 847 2270; x_wconf 90' lang='lat' dir='ltr'>per</span> <span class='ocrx_word' id='word_1_609' title='bbox 864 2220 1046 2257; x_wconf 83' lang='lat' dir='ltr'>affectum</span> <span class='ocrx_word' id='word_1_610' title='bbox 1066 2221 1141 2257; x_wconf 91' lang='lat' dir='ltr'>hoc</span> <span class='ocrx_word' id='word_1_611' title='bbox 1159 2221 1364 2269; x_wconf 90' lang='lat' dir='ltr'>patiuntur.</span> <span class='ocrx_word' id='word_1_612' title='bbox 1391 2233 1393 2235; x_wconf 90' lang='lat'>·</span> 
     </span>
    </p>
   </div>
   <div class='ocr_carea' id='block_1_40' title="bbox 1419 2168 2492 2642">
    <p class='ocr_par' dir='ltr' id='par_1_46' title="bbox 1420 2168 2021 2216">
     <span class='ocr_line' id='line_1_95' title="bbox 1420 2168 2021 2216; baseline 0.002 -12"><span class='ocrx_word' id='word_1_613' title='bbox 1420 2168 1528 2215; x_wconf 90' lang='lat' dir='ltr'>quod</span> <span class='ocrx_word' id='word_1_614' title='bbox 1556 2168 1718 2216; x_wconf 89' lang='lat' dir='ltr'>pertinet</span> <span class='ocrx_word' id='word_1_615' title='bbox 1748 2168 1797 2204; x_wconf 91' lang='lat' dir='ltr'>ad</span> <span class='ocrx_word' id='word_1_616' title='bbox 1827 2169 2021 2205; x_wconf 84' lang='lat' dir='ltr'>affectum.</span> 
     </span>
    </p>

    <p class='ocr_par' dir='ltr' id='par_1_47' title="bbox 1419 2222 2492 2642">
     <span class='ocr_line' id='line_1_96' title="bbox 1473 2222 2492 2270; baseline 0.001 -13"><span class='ocrx_word' id='word_1_617' title='bbox 1473 2223 1531 2257; x_wconf 82' lang='lat' dir='ltr'>Ao</span> <span class='ocrx_word' id='word_1_618' title='bbox 1562 2232 1700 2257; x_wconf 73' lang='lat' dir='ltr'>PR1MUM</span> <span class='ocrx_word' id='word_1_619' title='bbox 1729 2233 1828 2258; x_wconf 84' lang='lat' dir='ltr'>ERGO</span> <span class='ocrx_word' id='word_1_620' title='bbox 1857 2234 2042 2259; x_wconf 78' lang='lat' dir='ltr'>mCENDUM</span> <span class='ocrx_word' id='word_1_621' title='bbox 2080 2222 2185 2269; x_wconf 91' lang='lat' dir='ltr'>quod</span> <span class='ocrx_word' id='word_1_622' title='bbox 2221 2229 2349 2270; x_wconf 87' lang='lat' dir='ltr'>raptus</span> <span class='ocrx_word' id='word_1_623' title='bbox 2387 2222 2492 2258; x_wconf 91' lang='lat' dir='ltr'>addit</span> 
     </span>
     <span class='ocr_line' id='line_1_97' title="bbox 1420 2273 2491 2323; baseline 0.002 -14"><span class='ocrx_word' id='word_1_624' title='bbox 1420 2273 1561 2322; x_wconf 89' lang='lat' dir='ltr'>aliquid</span> <span class='ocrx_word' id='word_1_625' title='bbox 1583 2286 1698 2322; x_wconf 91' lang='lat' dir='ltr'>supra</span> <span class='ocrx_word' id='word_1_626' title='bbox 1718 2275 1890 2312; x_wconf 89' lang='lat' dir='ltr'>extasim.</span> <span class='ocrx_word' id='word_1_627' title='bbox 1920 2276 2023 2311; x_wconf 93' lang='lat' dir='ltr'>Nam</span> <span class='ocrx_word' id='word_1_628' title='bbox 2047 2275 2182 2311; x_wconf 89' lang='lat' dir='ltr'>extasis</span> <span class='ocrx_word' id='word_1_629' title='bbox 2202 2275 2383 2323; x_wconf 90' lang='lat' dir='ltr'>importat</span> <span class='ocrx_word' id='word_1_630' title='bbox 2403 2275 2491 2311; x_wconf 91' lang='lat' dir='ltr'>sim-</span> 
     </span>
     <span class='ocr_line' id='line_1_98' title="bbox 1419 2327 2492 2377; baseline 0.001 -14"><span class='ocrx_word' id='word_1_631' title='bbox 1419 2327 1564 2375; x_wconf 91' lang='lat' dir='ltr'>pliciter</span> <span class='ocrx_word' id='word_1_632' title='bbox 1593 2339 1791 2364; x_wconf 89' lang='lat' dir='ltr'>excessum</span> <span class='ocrx_word' id='word_1_633' title='bbox 1821 2341 1842 2364; x_wconf 91' lang='lat' dir='ltr'>a</span> <span class='ocrx_word' id='word_1_634' title='bbox 1872 2328 2010 2377; x_wconf 91' lang='lat' dir='ltr'>seipso,</span> <span class='ocrx_word' id='word_1_635' title='bbox 2042 2328 2255 2365; x_wconf 91' lang='lat' dir='ltr'>secundum</span> <span class='ocrx_word' id='word_1_636' title='bbox 2285 2340 2402 2376; x_wconf 91' lang='lat' dir='ltr'>quem</span> <span class='ocrx_word' id='word_1_637' title='bbox 2423 2328 2492 2364; x_wconf 91' lang='lat' dir='ltr'>sci-</span> 
     </span>
     <span class='ocr_line' id='line_1_99' title="bbox 1419 2380 2490 2430; baseline 0.001 -14"><span class='ocrx_word' id='word_1_638' title='bbox 1419 2380 1506 2417; x_wconf 90' lang='lat' dir='ltr'>licet</span> <span class='ocrx_word' id='word_1_639' title='bbox 1541 2380 1675 2429; x_wconf 91' lang='lat' dir='ltr'>aliquis</span> <span class='ocrx_word' id='word_1_640' title='bbox 1714 2389 1817 2417; x_wconf 85' lang='lat' dir='ltr'>extra</span> <span class='ocrx_word' id='word_1_641' title='bbox 1851 2394 1961 2418; x_wconf 90' lang='lat' dir='ltr'>suam</span> <span class='ocrx_word' id='word_1_642' title='bbox 1998 2381 2280 2418; x_wconf 87' lang='lat' dir='ltr'>ordinationem</span> <span class='ocrx_word' id='word_1_643' title='bbox 2315 2381 2490 2430; x_wconf 91' lang='lat' dir='ltr'>ponitur:</span> 
     </span>
     <span class='ocr_line' id='line_1_100' title="bbox 1419 2433 2490 2483; baseline 0.001 -13"><span class='ocrx_word' id='word_1_644' title='bbox 1419 2433 1488 2471; x_wconf 93' lang='lat' dir='ltr'>sed</span> <span class='ocrx_word' id='word_1_645' title='bbox 1527 2441 1657 2482; x_wconf 89' lang='lat' dir='ltr'>raptus</span> <span class='ocrx_word' id='word_1_646' title='bbox 1695 2446 1811 2483; x_wconf 90' lang='lat' dir='ltr'>supra</span> <span class='ocrx_word' id='word_1_647' title='bbox 1847 2435 1922 2471; x_wconf 92' lang='lat' dir='ltr'>hoc</span> <span class='ocrx_word' id='word_1_648' title='bbox 1960 2434 2065 2472; x_wconf 91' lang='lat' dir='ltr'>addit</span> <span class='ocrx_word' id='word_1_649' title='bbox 2106 2434 2329 2471; x_wconf 90' lang='lat' dir='ltr'>violentiam</span> <span class='ocrx_word' id='word_1_650' title='bbox 2373 2447 2490 2483; x_wconf 90' lang='lat' dir='ltr'>quan-</span> 
     </span>
     <span class='ocr_line' id='line_1_101' title="bbox 1422 2487 2490 2537; baseline 0 -13"><span class='ocrx_word' id='word_1_651' title='bbox 1422 2487 1524 2524; x_wconf 91' lang='lat' dir='ltr'>dam.</span> <span class='ocrx_word' id='word_1_652' title='bbox 1563 2488 1694 2524; x_wconf 88' lang='lat' dir='ltr'>Potest</span> <span class='ocrx_word' id='word_1_653' title='bbox 1728 2488 1840 2535; x_wconf 88' lang='lat' dir='ltr'>igitur</span> <span class='ocrx_word' id='word_1_654' title='bbox 1875 2489 2012 2524; x_wconf 89' lang='lat' dir='ltr'>extasis</span> <span class='ocrx_word' id='word_1_655' title='bbox 2047 2488 2095 2524; x_wconf 92' lang='lat' dir='ltr'>ad</span> <span class='ocrx_word' id='word_1_656' title='bbox 2128 2488 2207 2524; x_wconf 90' lang='lat' dir='ltr'>vim</span> <span class='ocrx_word' id='word_1_657' title='bbox 2246 2487 2490 2537; x_wconf 90' lang='lat' dir='ltr'>appetitivam</span> 
     </span>
     <span class='ocr_line' id='line_1_102' title="bbox 1420 2540 2492 2590; baseline 0.001 -14"><span class='ocrx_word' id='word_1_658' title='bbox 1420 2540 1629 2589; x_wconf 89' lang='lat' dir='ltr'>pertinere:</span> <span class='ocrx_word' id='word_1_659' title='bbox 1659 2548 1750 2589; x_wconf 92' lang='lat' dir='ltr'>puta</span> <span class='ocrx_word' id='word_1_660' title='bbox 1771 2553 1859 2578; x_wconf 92' lang='lat' dir='ltr'>cum</span> <span class='ocrx_word' id='word_1_661' title='bbox 1884 2541 2042 2578; x_wconf 90' lang='lat' dir='ltr'>alicuius</span> <span class='ocrx_word' id='word_1_662' title='bbox 2061 2546 2076 2568; x_wconf 72' lang='grc' dir='ltr'><strong>Υ</strong></span> <span class='ocrx_word' id='word_1_663' title='bbox 2105 2541 2293 2590; x_wconf 89' lang='lat' dir='ltr'>appetitus</span> <span class='ocrx_word' id='word_1_664' title='bbox 2317 2541 2435 2578; x_wconf 89' lang='lat' dir='ltr'>tendit</span> <span class='ocrx_word' id='word_1_665' title='bbox 2455 2541 2492 2577; x_wconf 92' lang='lat' dir='ltr'>in</span> 
     </span>
     <span class='ocr_line' id='line_1_103' title="bbox 1421 2594 2490 2642; baseline 0 -12"><span class='ocrx_word' id='word_1_666' title='bbox 1421 2606 1467 2630; x_wconf 92' lang='lat' dir='ltr'>ea</span> <span class='ocrx_word' id='word_1_667' title='bbox 1503 2606 1604 2642; x_wconf 91' lang='lat' dir='ltr'>quae</span> <span class='ocrx_word' id='word_1_668' title='bbox 1643 2602 1746 2631; x_wconf 89' lang='lat' dir='ltr'>extra</span> <span class='ocrx_word' id='word_1_669' title='bbox 1778 2594 1905 2642; x_wconf 91' lang='lat' dir='ltr'>ipsum</span> <span class='ocrx_word' id='word_1_670' title='bbox 1940 2602 2037 2631; x_wconf 90' lang='lat' dir='ltr'>sunt.</span> <span class='ocrx_word' id='word_1_671' title='bbox 2078 2594 2127 2630; x_wconf 91' lang='lat' dir='ltr'>Et</span> <span class='ocrx_word' id='word_1_672' title='bbox 2164 2594 2377 2631; x_wconf 89' lang='lat' dir='ltr'>secundum</span> <span class='ocrx_word' id='word_1_673' title='bbox 2416 2595 2490 2630; x_wconf 87' lang='lat' dir='ltr'>hoe</span> 
     </span>
    </p>
   </div>
   <div class='ocr_carea' id='block_1_41' title="bbox 1392 2646 2490 2802">
    <p class='ocr_par' dir='ltr' id='par_1_48' title="bbox 1392 2646 2490 2802">
     <span class='ocr_line' id='line_1_104' title="bbox 1392 2646 2490 2696; baseline 0 -13"><span class='ocrx_word' id='word_1_674' title='bbox 1392 2690 1394 2696; x_wconf 24' lang='lat' dir='ltr'>y</span> <span class='ocrx_word' id='word_1_675' title='bbox 1421 2646 1630 2695; x_wconf 89' lang='lat' dir='ltr'>Dionysius</span> <span class='ocrx_word' id='word_1_676' title='bbox 1660 2647 1749 2684; x_wconf 92' lang='lat' dir='ltr'>dicit</span> <span class='ocrx_word' id='word_1_677' title='bbox 1768 2647 1873 2696; x_wconf 90' lang='lat' dir='ltr'>quod</span> <span class='ocrx_word' id='word_1_678' title='bbox 1902 2647 2049 2684; x_wconf 83' lang='lat' dir='ltr'>divinus</span> <span class='ocrx_word' id='word_1_679' title='bbox 2068 2659 2180 2683; x_wconf 88' lang='lat' dir='ltr'>amor</span> <span class='ocrx_word' id='word_1_680' title='bbox 2190 2647 2294 2694; x_wconf 89' lang='lat' dir='ltr'>facit</span> <span class='ocrx_word' id='word_1_681' title='bbox 2311 2648 2490 2683; x_wconf 88' lang='lat' dir='ltr'>extasim:</span> 
     </span>
     <span class='ocr_line' id='line_1_105' title="bbox 1392 2698 2490 2749; baseline -0.001 -12"><span class='ocrx_word' id='word_1_682' title='bbox 1392 2698 1394 2717; x_wconf 70' lang='lat'><em>³</em></span> <span class='ocrx_word' id='word_1_683' title='bbox 1420 2700 1647 2749; x_wconf 90' lang='lat' dir='ltr'>inquantum</span> <span class='ocrx_word' id='word_1_684' title='bbox 1677 2701 1817 2737; x_wconf 89' lang='lat' dir='ltr'>scilicet</span> <span class='ocrx_word' id='word_1_685' title='bbox 1854 2701 1941 2737; x_wconf 86' lang='lat' dir='ltr'>facit</span> <span class='ocrx_word' id='word_1_686' title='bbox 1973 2700 2184 2748; x_wconf 90' lang='lat' dir='ltr'>appetitum</span> <span class='ocrx_word' id='word_1_687' title='bbox 2212 2700 2378 2736; x_wconf 89' lang='lat' dir='ltr'>hominis</span> <span class='ocrx_word' id='word_1_688' title='bbox 2411 2708 2490 2736; x_wconf 88' lang='lat' dir='ltr'>ten-</span> 
     </span>
     <span class='ocr_line' id='line_1_106' title="bbox 1392 2752 2488 2802; baseline 0 -12"><span class='ocrx_word' id='word_1_689' title='bbox 1392 2759 1394 2784; x_wconf 53' lang='grc'>1</span> <span class='ocrx_word' id='word_1_690' title='bbox 1421 2753 1512 2790; x_wconf 82' lang='grc'><strong>(1616</strong></span> <span class='ocrx_word' id='word_1_691' title='bbox 1541 2754 1580 2790; x_wconf 88' lang='grc'>111</span> <span class='ocrx_word' id='word_1_692' title='bbox 1609 2766 1668 2790; x_wconf 84' lang='grc'>165</span> <span class='ocrx_word' id='word_1_693' title='bbox 1697 2761 1855 2790; x_wconf 87' lang='grc'><strong>31113135.</strong></span> <span class='ocrx_word' id='word_1_694' title='bbox 1886 2753 1998 2790; x_wconf 91' lang='lat' dir='ltr'>Unde</span> <span class='ocrx_word' id='word_1_695' title='bbox 2027 2761 2161 2802; x_wconf 91' lang='lat' dir='ltr'>postea</span> <span class='ocrx_word' id='word_1_696' title='bbox 2189 2753 2317 2790; x_wconf 90' lang='lat' dir='ltr'>subdit</span> <span class='ocrx_word' id='word_1_697' title='bbox 2335 2752 2356 2774; x_wconf 75' lang='lat'>’¹‘</span> <span class='ocrx_word' id='word_1_698' title='bbox 2384 2753 2488 2801; x_wconf 91' lang='lat' dir='ltr'>quod</span> 
     </span>
    </p>
   </div>
   <div class='ocr_carea' id='block_1_42' title="bbox 1413 2807 2492 3387">
    <p class='ocr_par' dir='ltr' id='par_1_49' title="bbox 1413 2807 2492 3068">
     <span class='ocr_line' id='line_1_107' title="bbox 1420 2807 2489 2855; baseline -0.001 -12"><span class='ocrx_word' id='word_1_699' title='bbox 1420 2807 1533 2844; x_wconf 89' lang='lat' dir='ltr'>etiam</span> <span class='ocrx_word' id='word_1_700' title='bbox 1553 2807 1630 2855; x_wconf 83' lang='lat' dir='ltr'>ipse</span> <span class='ocrx_word' id='word_1_701' title='bbox 1647 2808 1763 2852; x_wconf 91' lang='lat' dir='ltr'>Deus,</span> <span class='ocrx_word' id='word_1_702' title='bbox 1786 2808 1852 2855; x_wconf 87' lang='lat' dir='ltr'>qui</span> <span class='ocrx_word' id='word_1_703' title='bbox 1869 2812 1923 2843; x_wconf 89' lang='lat' dir='ltr'>est</span> <span class='ocrx_word' id='word_1_704' title='bbox 1940 2807 2109 2843; x_wconf 87' lang='lat' dir='ltr'>omnium</span> <span class='ocrx_word' id='word_1_705' title='bbox 2128 2818 2256 2851; x_wconf 89' lang='lat' dir='ltr'>causa,</span> <span class='ocrx_word' id='word_1_706' title='bbox 2280 2818 2354 2854; x_wconf 85' lang='lat' dir='ltr'>per</span> <span class='ocrx_word' id='word_1_707' title='bbox 2371 2807 2489 2842; x_wconf 82' lang='lat' dir='ltr'>abun-</span> 
     </span>
     <span class='ocr_line' id='line_1_108' title="bbox 1420 2858 2492 2908; baseline -0.002 -11"><span class='ocrx_word' id='word_1_708' title='bbox 1420 2861 1588 2897; x_wconf 88' lang='lat' dir='ltr'>dantiam</span> <span class='ocrx_word' id='word_1_709' title='bbox 1627 2860 1816 2897; x_wconf 81' lang='lat' dir='ltr'>amativae</span> <span class='ocrx_word' id='word_1_710' title='bbox 1848 2858 1861 2881; x_wconf 65' lang='grc' dir='ltr'><strong>ὅ</strong></span> <span class='ocrx_word' id='word_1_711' title='bbox 1899 2861 2071 2897; x_wconf 89' lang='lat' dir='ltr'>bonitatis</span> <span class='ocrx_word' id='word_1_712' title='bbox 2108 2865 2217 2896; x_wconf 88' lang='lat' dir='ltr'>extra</span> <span class='ocrx_word' id='word_1_713' title='bbox 2255 2860 2416 2908; x_wconf 85' lang='lat' dir='ltr'>seipsum</span> <span class='ocrx_word' id='word_1_714' title='bbox 2438 2860 2492 2906; x_wconf 84' lang='lat' dir='ltr'>fit</span> 
     </span>
     <span class='ocr_line' id='line_1_109' title="bbox 1413 2913 2487 2962; baseline -0.002 -12"><span class='ocrx_word' id='word_1_715' title='bbox 1413 2925 1486 2962; x_wconf 86' lang='lat' dir='ltr'>per</span> <span class='ocrx_word' id='word_1_716' title='bbox 1499 2914 1779 2962; x_wconf 75' lang='lat' dir='ltr'>providentiam</span> <span class='ocrx_word' id='word_1_717' title='bbox 1804 2914 1856 2950; x_wconf 88' lang='lat' dir='ltr'>ad</span> <span class='ocrx_word' id='word_1_718' title='bbox 1872 2914 2001 2950; x_wconf 89' lang='lat' dir='ltr'>omnia</span> <span class='ocrx_word' id='word_1_719' title='bbox 2030 2913 2238 2950; x_wconf 89' lang='lat' dir='ltr'>existentia.</span> <span class='ocrx_word' id='word_1_720' title='bbox 2255 2934 2279 2940; x_wconf 95' lang='lat'>-</span> <span class='ocrx_word' id='word_1_721' title='bbox 2300 2913 2487 2959; x_wconf 91' lang='lat' dir='ltr'>Quamvis</span> 
     </span>
     <span class='ocr_line' id='line_1_110' title="bbox 1421 2966 2488 3015; baseline -0.001 -12"><span class='ocrx_word' id='word_1_722' title='bbox 1421 2967 1536 3004; x_wconf 90' lang='lat' dir='ltr'>etiam</span> <span class='ocrx_word' id='word_1_723' title='bbox 1571 2966 1601 3003; x_wconf 90' lang='lat' dir='ltr'>si</span> <span class='ocrx_word' id='word_1_724' title='bbox 1631 2978 1808 3015; x_wconf 89' lang='lat' dir='ltr'>expresse</span> <span class='ocrx_word' id='word_1_725' title='bbox 1845 2967 1920 3003; x_wconf 94' lang='lat' dir='ltr'>hoc</span> <span class='ocrx_word' id='word_1_726' title='bbox 1955 2966 2143 3004; x_wconf 89' lang='lat' dir='ltr'>diceretur</span> <span class='ocrx_word' id='word_1_727' title='bbox 2175 2968 2222 3004; x_wconf 92' lang='lat' dir='ltr'>de</span> <span class='ocrx_word' id='word_1_728' title='bbox 2251 2973 2380 3014; x_wconf 89' lang='lat' dir='ltr'>raptu,</span> <span class='ocrx_word' id='word_1_729' title='bbox 2411 2977 2488 3002; x_wconf 91' lang='lat' dir='ltr'>non</span> 
     </span>
     <span class='ocr_line' id='line_1_111' title="bbox 1421 3020 2486 3068; baseline -0.001 -12"><span class='ocrx_word' id='word_1_730' title='bbox 1421 3020 1681 3067; x_wconf 88' lang='lat' dir='ltr'>designaretur</span> <span class='ocrx_word' id='word_1_731' title='bbox 1709 3020 1779 3057; x_wconf 90' lang='lat' dir='ltr'>nisi</span> <span class='ocrx_word' id='word_1_732' title='bbox 1809 3020 1914 3068; x_wconf 91' lang='lat' dir='ltr'>quod</span> <span class='ocrx_word' id='word_1_733' title='bbox 1943 3032 2054 3056; x_wconf 92' lang='lat' dir='ltr'>amor</span> <span class='ocrx_word' id='word_1_734' title='bbox 2082 3027 2180 3056; x_wconf 90' lang='lat' dir='ltr'>esset</span> <span class='ocrx_word' id='word_1_735' title='bbox 2209 3032 2322 3056; x_wconf 90' lang='lat' dir='ltr'>causa</span> <span class='ocrx_word' id='word_1_736' title='bbox 2346 3026 2486 3067; x_wconf 91' lang='lat' dir='ltr'>raptus.</span> 
     </span>
    </p>

    <p class='ocr_par' dir='ltr' id='par_1_50' title="bbox 1417 3071 2489 3387">
     <span class='ocr_line' id='line_1_112' title="bbox 1473 3071 2489 3121; baseline -0.001 -12"><span class='ocrx_word' id='word_1_737' title='bbox 1473 3075 1531 3110; x_wconf 84' lang='lat' dir='ltr'>AD</span> <span class='ocrx_word' id='word_1_738' title='bbox 1552 3085 1743 3110; x_wconf 80' lang='lat' dir='ltr'>SECUNDUM</span> <span class='ocrx_word' id='word_1_739' title='bbox 1770 3084 1955 3110; x_wconf 80' lang='lat' dir='ltr'>DICENDUM</span> <span class='ocrx_word' id='word_1_740' title='bbox 1984 3073 2088 3121; x_wconf 92' lang='lat' dir='ltr'>quod</span> <span class='ocrx_word' id='word_1_741' title='bbox 2108 3073 2146 3109; x_wconf 91' lang='lat' dir='ltr'>in</span> <span class='ocrx_word' id='word_1_742' title='bbox 2166 3073 2324 3109; x_wconf 92' lang='lat' dir='ltr'>homine</span> <span class='ocrx_word' id='word_1_743' title='bbox 2345 3080 2401 3108; x_wconf 91' lang='lat' dir='ltr'>est</span> <span class='ocrx_word' id='word_1_744' title='bbox 2421 3071 2489 3108; x_wconf 90' lang='lat' dir='ltr'>du-</span> 
     </span>
     <span class='ocr_line' id='line_1_113' title="bbox 1418 3125 2489 3175; baseline -0.001 -13"><span class='ocrx_word' id='word_1_745' title='bbox 1418 3127 1503 3174; x_wconf 86' lang='lat' dir='ltr'>plex</span> <span class='ocrx_word' id='word_1_746' title='bbox 1532 3126 1740 3175; x_wconf 89' lang='lat' dir='ltr'>appetitus:</span> <span class='ocrx_word' id='word_1_747' title='bbox 1770 3126 1910 3163; x_wconf 91' lang='lat' dir='ltr'>scilicet</span> <span class='ocrx_word' id='word_1_748' title='bbox 1938 3126 2186 3164; x_wconf 90' lang='lat' dir='ltr'>intellectivus</span> <span class='ocrx_word' id='word_1_749' title='bbox 2205 3131 2230 3173; x_wconf 69' lang='lat'>⁸,</span> <span class='ocrx_word' id='word_1_750' title='bbox 2260 3125 2324 3174; x_wconf 90' lang='lat' dir='ltr'>qui</span> <span class='ocrx_word' id='word_1_751' title='bbox 2354 3125 2489 3162; x_wconf 90' lang='lat' dir='ltr'>dicitur</span> 
     </span>
     <span class='ocr_line' id='line_1_114' title="bbox 1417 3178 2488 3228; baseline -0.001 -12"><span class='ocrx_word' id='word_1_752' title='bbox 1417 3180 1614 3225; x_wconf 90' lang='lat' dir='ltr'>voluntas;</span> <span class='ocrx_word' id='word_1_753' title='bbox 1637 3187 1675 3215; x_wconf 89' lang='lat' dir='ltr'>et</span> <span class='ocrx_word' id='word_1_754' title='bbox 1693 3179 1908 3226; x_wconf 90' lang='lat' dir='ltr'>sensitivus,</span> <span class='ocrx_word' id='word_1_755' title='bbox 1929 3179 1994 3228; x_wconf 90' lang='lat' dir='ltr'>qui</span> <span class='ocrx_word' id='word_1_756' title='bbox 2015 3179 2148 3216; x_wconf 90' lang='lat' dir='ltr'>dicitur</span> <span class='ocrx_word' id='word_1_757' title='bbox 2166 3178 2398 3215; x_wconf 91' lang='lat' dir='ltr'>sensualitas.</span> <span class='ocrx_word' id='word_1_758' title='bbox 2420 3179 2488 3215; x_wconf 90' lang='lat' dir='ltr'>Est</span> 
     </span>
     <span class='ocr_line' id='line_1_115' title="bbox 1418 3231 2487 3281; baseline 0 -13"><span class='ocrx_word' id='word_1_759' title='bbox 1418 3239 1547 3269; x_wconf 91' lang='lat' dir='ltr'>autem</span> <span class='ocrx_word' id='word_1_760' title='bbox 1567 3231 1768 3281; x_wconf 91' lang='lat' dir='ltr'>proprium</span> <span class='ocrx_word' id='word_1_761' title='bbox 1787 3232 1935 3269; x_wconf 90' lang='lat' dir='ltr'>homini</span> <span class='ocrx_word' id='word_1_762' title='bbox 1954 3240 1996 3269; x_wconf 91' lang='lat' dir='ltr'>ut</span> <span class='ocrx_word' id='word_1_763' title='bbox 2016 3232 2205 3281; x_wconf 87' lang='lat' dir='ltr'>appetitus</span> <span class='ocrx_word' id='word_1_764' title='bbox 2224 3231 2379 3268; x_wconf 84' lang='lat' dir='ltr'>inferior</span> <span class='ocrx_word' id='word_1_765' title='bbox 2398 3233 2487 3268; x_wconf 93' lang='lat' dir='ltr'>sub-</span> 
     </span>
     <span class='ocr_line' id='line_1_116' title="bbox 1419 3284 2487 3334; baseline 0 -13"><span class='ocrx_word' id='word_1_766' title='bbox 1419 3285 1528 3322; x_wconf 92' lang='lat' dir='ltr'>datur</span> <span class='ocrx_word' id='word_1_767' title='bbox 1556 3285 1738 3334; x_wconf 91' lang='lat' dir='ltr'>appetitui</span> <span class='ocrx_word' id='word_1_768' title='bbox 1767 3285 1965 3334; x_wconf 91' lang='lat' dir='ltr'>superiori,</span> <span class='ocrx_word' id='word_1_769' title='bbox 1996 3293 2033 3321; x_wconf 91' lang='lat' dir='ltr'>et</span> <span class='ocrx_word' id='word_1_770' title='bbox 2060 3285 2234 3333; x_wconf 92' lang='lat' dir='ltr'>superior</span> <span class='ocrx_word' id='word_1_771' title='bbox 2258 3293 2414 3321; x_wconf 89' lang='lat' dir='ltr'>moveat</span> <span class='ocrx_word' id='word_1_772' title='bbox 2433 3284 2487 3321; x_wconf 94' lang='lat' dir='ltr'>in-</span> 
     </span>
     <span class='ocr_line' id='line_1_117' title="bbox 1417 3338 2486 3387; baseline 0 -13"><span class='ocrx_word' id='word_1_773' title='bbox 1417 3338 1608 3374; x_wconf 86' lang='lat' dir='ltr'>feriorem.</span> <span class='ocrx_word' id='word_1_774' title='bbox 1639 3338 1850 3387; x_wconf 90' lang='lat' dir='ltr'>Dupliciter</span> <span class='ocrx_word' id='word_1_775' title='bbox 1870 3350 1959 3386; x_wconf 88' lang='lat' dir='ltr'>ergo</span> <span class='ocrx_word' id='word_1_776' title='bbox 1988 3339 2108 3374; x_wconf 92' lang='lat' dir='ltr'>homo</span> <span class='ocrx_word' id='word_1_777' title='bbox 2138 3338 2351 3375; x_wconf 89' lang='lat' dir='ltr'>secundum</span> <span class='ocrx_word' id='word_1_778' title='bbox 2370 3350 2486 3386; x_wconf 94' lang='lat' dir='ltr'>appe-</span> 
     </span>
    </p>
   </div>
   <div class='ocr_carea' id='block_1_43' title="bbox 1389 2267 1397 3460">
    <p class='ocr_par' dir='ltr' id='par_1_51' title="bbox 1389 2267 1397 3460">
     <span class='ocr_line' id='line_1_118' title="bbox 1389 2267 1397 3460; baseline 0 0"><span class='ocrx_word' id='word_1_779' title='bbox 1389 2267 1397 3460; x_wconf 95' lang='lat' dir='ltr'> </span> 
     </span>
    </p>
   </div>
   <div class='ocr_carea' id='block_1_44' title="bbox 1417 3391 2483 3440">
    <p class='ocr_par' dir='ltr' id='par_1_52' title="bbox 1417 3391 2483 3440">
     <span class='ocr_line' id='line_1_119' title="bbox 1417 3391 2483 3440; baseline -0.001 -12"><span class='ocrx_word' id='word_1_780' title='bbox 1417 3391 1527 3428; x_wconf 90' lang='lat' dir='ltr'>titum</span> <span class='ocrx_word' id='word_1_781' title='bbox 1569 3398 1695 3440; x_wconf 90' lang='lat' dir='ltr'>potest</span> <span class='ocrx_word' id='word_1_782' title='bbox 1730 3391 1813 3428; x_wconf 90' lang='lat' dir='ltr'>fieri</span> <span class='ocrx_word' id='word_1_783' title='bbox 1852 3399 1955 3428; x_wconf 91' lang='lat' dir='ltr'>extra</span> <span class='ocrx_word' id='word_1_784' title='bbox 1993 3391 2174 3439; x_wconf 91' lang='lat' dir='ltr'>seipsum.</span> <span class='ocrx_word' id='word_1_785' title='bbox 2219 3391 2306 3428; x_wconf 90' lang='lat' dir='ltr'>Uno</span> <span class='ocrx_word' id='word_1_786' title='bbox 2345 3391 2483 3438; x_wconf 81' lang='lat' dir='ltr'>modo,</span> 
     </span>
    </p>
   </div>
   <div class='ocr_carea' id='block_1_45' title="bbox 1389 3444 2486 3493">
    <p class='ocr_par' dir='ltr' id='par_1_53' title="bbox 1389 3444 2486 3493">
     <span class='ocr_line' id='line_1_120' title="bbox 1389 3444 2486 3493; baseline 0.001 -13"><span class='ocrx_word' id='word_1_787' title='bbox 1389 3462 1391 3490; x_wconf 62' lang='lat'>5</span> <span class='ocrx_word' id='word_1_788' title='bbox 1418 3444 1572 3493; x_wconf 92' lang='lat' dir='ltr'>quando</span> <span class='ocrx_word' id='word_1_789' title='bbox 1602 3444 1790 3493; x_wconf 87' lang='lat' dir='ltr'>appetitus</span> <span class='ocrx_word' id='word_1_790' title='bbox 1818 3444 2068 3482; x_wconf 88' lang='lat' dir='ltr'>intellectivus</span> <span class='ocrx_word' id='word_1_791' title='bbox 2101 3444 2263 3481; x_wconf 90' lang='lat' dir='ltr'>totaliter</span> <span class='ocrx_word' id='word_1_792' title='bbox 2291 3444 2328 3481; x_wconf 92' lang='lat' dir='ltr'>in</span> <span class='ocrx_word' id='word_1_793' title='bbox 2358 3444 2486 3481; x_wconf 90' lang='lat' dir='ltr'>divina</span> 
     </span>
    </p>
   </div>
   <div class='ocr_carea' id='block_1_46' title="bbox 1419 3559 2485 3664">
    <p class='ocr_par' dir='ltr' id='par_1_54' title="bbox 1419 3559 2485 3664">
     <span class='ocr_line' id='line_1_121' title="bbox 1439 3559 2485 3601; baseline 0 -17"><span class='ocrx_word' id='word_1_794' title='bbox 1439 3596 1444 3601; x_wconf 35' lang='grc' dir='ltr'>ι</span> <span class='ocrx_word' id='word_1_795' title='bbox 1471 3559 1496 3593; x_wconf 82' lang='grc' dir='ltr'>ὃ)</span> <span class='ocrx_word' id='word_1_796' title='bbox 1516 3561 1659 3586; x_wconf 80' lang='lat' dir='ltr'>amativae.</span> <span class='ocrx_word' id='word_1_797' title='bbox 1671 3574 1691 3579; x_wconf 98' lang='lat'><em>-</em></span> <span class='ocrx_word' id='word_1_798' title='bbox 1710 3560 1848 3585; x_wconf 83' lang='lat' dir='ltr'>maximae</span> <span class='ocrx_word' id='word_1_799' title='bbox 1873 3561 1928 3589; x_wconf 79' lang='lat' dir='ltr'>AL,</span> <span class='ocrx_word' id='word_1_800' title='bbox 1947 3560 2083 3585; x_wconf 80' lang='lat' dir='ltr'>amicitiae</span> <span class='ocrx_word' id='word_1_801' title='bbox 2107 3561 2138 3590; x_wconf 91' lang='lat' dir='ltr'>D,</span> <span class='ocrx_word' id='word_1_802' title='bbox 2157 3560 2243 3585; x_wconf 81' lang='lat' dir='ltr'>amati</span> <span class='ocrx_word' id='word_1_803' title='bbox 2267 3564 2307 3585; x_wconf 75' lang='lat' dir='ltr'>est</span> <span class='ocrx_word' id='word_1_804' title='bbox 2331 3561 2364 3591; x_wconf 88' lang='lat' dir='ltr'>H,</span> <span class='ocrx_word' id='word_1_805' title='bbox 2383 3563 2485 3584; x_wconf 88' lang='lat' dir='ltr'>amato-</span> 
     </span>
     <span class='ocr_line' id='line_1_122' title="bbox 1419 3596 2107 3664; baseline -0.001 -8"><span class='ocrx_word' id='word_1_806' title='bbox 1419 3596 1696 3664; x_wconf 44' lang='lat' dir='ltr'>rmeefiiitellectivus.</span> <span class='ocrx_word' id='word_1_807' title='bbox 1711 3644 1729 3648; x_wconf 90' lang='lat'>—</span> <span class='ocrx_word' id='word_1_808' title='bbox 1748 3631 1895 3657; x_wconf 84' lang='lat' dir='ltr'>intellectus</span> <span class='ocrx_word' id='word_1_809' title='bbox 1911 3630 2107 3663; x_wconf 84' lang='lat' dir='ltr'>ABDEF(1L?).</span> 
     </span>
    </p>
   </div>
   <div class='ocr_carea' id='block_1_47' title="bbox 2518 2010 2730 2065">
    <p class='ocr_par' dir='ltr' id='par_1_55' title="bbox 2518 2010 2730 2065">
     <span class='ocr_line' id='line_1_123' title="bbox 2518 2010 2730 2038; baseline -0.005 -6"><span class='ocrx_word' id='word_1_810' title='bbox 2518 2011 2529 2022; x_wconf 73' lang='lat'>⁸</span> <span class='ocrx_word' id='word_1_811' title='bbox 2538 2010 2559 2032; x_wconf 86' lang='lat'>11</span> <span class='ocrx_word' id='word_1_812' title='bbox 2566 2010 2671 2036; x_wconf 53' lang='grc' dir='ltr'>πάθοι,</span> <span class='ocrx_word' id='word_1_813' title='bbox 2679 2016 2730 2038; x_wconf 74' lang='lat' dir='ltr'>esp.</span> 
     </span>
     <span class='ocr_line' id='line_1_124' title="bbox 2518 2043 2707 2065; baseline -0.005 -6"><span class='ocrx_word' id='word_1_814' title='bbox 2518 2043 2557 2065; x_wconf 85' lang='lat' dir='ltr'>xn,</span> <span class='ocrx_word' id='word_1_815' title='bbox 2576 2043 2634 2059; x_wconf 77' lang='lat' dir='ltr'>vers.</span> <span class='ocrx_word' id='word_1_816' title='bbox 2649 2043 2670 2064; x_wconf 64' lang='grc' dir='ltr'>π,</span> <span class='ocrx_word' id='word_1_817' title='bbox 2684 2044 2707 2063; x_wconf 89' lang='lat'>4.</span> 
     </span>
    </p>
   </div>
   <div class='ocr_carea' id='block_1_48' title="bbox 2518 2753 2595 2775">
    <p class='ocr_par' dir='ltr' id='par_1_56' title="bbox 2518 2753 2595 2775">
     <span class='ocr_line' id='line_1_125' title="bbox 2518 2753 2595 2775; baseline 0 0"><span class='ocrx_word' id='word_1_818' title='bbox 2518 2755 2528 2765; x_wconf 78' lang='lat'>¹⁸</span> <span class='ocrx_word' id='word_1_819' title='bbox 2538 2753 2595 2775; x_wconf 78' lang='lat' dir='ltr'>lbid.</span> 
     </span>
    </p>
   </div>
  </div>
 </body>
</html>
