2768 4198
73 918 83 927 ⁸
97 917 132 939 Cf.
148 922 210 938 num.
226 921 263 937 vn.

73 1090 281 1121 ⁸DeReg.1ur.,reg.

71 1123 173 1143 xxvu,1n
185 1116 263 1138 Sexto.
273 1126 283 1130 -

70 1142 282 1196 affigam.

74 1317 83 1325 ⁸
96 1315 130 1336 Cf.
151 1320 214 1336 num.
231 1319 281 1335 vni.

74 1845 83 1854 ⁸
97 1843 132 1865 Cf.
148 1849 211 1864 num.
227 1849 258 1864 ix.

74 2379 84 2388 ⁸
98 2377 133 2399 Cf.
149 2383 212 2399 num.
228 2383 249 2398 x.

77 2557 86 2567 ⁸
100 2555 146 2583 Qu.
162 2561 203 2581 ιιι,
218 2558 258 2576 art.
271 2561 286 2576 1.

76 2954 85 2963 ·
100 2953 156 2974 lbid.

80 3133 89 3143 ’
110 3132 206 3154 Aristot.
227 3131 288 3159 Phy-

79 3159 119 3180 εἰς.
141 3158 223 3207 111)..Ῑὲ
239 3164 265 3206 qia-
283 3175 287 3179 .

77 3191 191 3234 fallat.
226 3201 230 3206 ’
285 3202 288 3205 ·

81 3309 89 3317 ·
104 3306 138 3328 Cf.
156 3312 218 3328 num.
235 3312 266 3327 xi.

81 3352 90 3362 ⁸
105 3351 211 3373 Conclus.
227 3357 245 3379 3.

310 295 384 332 232

310 375 406 412 nerit
422 375 482 412 uir
502 374 671 423 puellam
691 372 888 422 virginem,
910 381 1006 417 quae
1034 379 1107 404 non
1128 367 1239 403 habet
1264 376 1373 413 spon-

309 440 404 473 sum,
430 434 466 464 et
491 426 769 476 apprehendens
788 422 1029 460 concubuerit
1046 431 1131 456 cum
1161 419 1237 464 illa,
1258 423 1294 454 et
1315 429 1375 453 res

310 482 361 518 ad
388 481 564 517 iudicium
592 479 753 523 venerit,
783 476 885 513 dabit
911 475 976 522 qui
1002 472 1180 509 dormivit
1214 483 1300 507 cum
1329 481 1374 506 ea

306 535 410 583 patri
430 533 581 582 puellae
599 537 611 553 ⁸
640 528 912 579 quinquaginta
931 526 1040 563 siclos
1068 524 1229 574 argenti,
1251 529 1286 560 et
1307 524 1374 560 ha-

977 287 1243 336 QUAESTIO
1273 286 1411 332 CLIV,
1441 284 1739 322 ARTICULUS
1767 284 1817 320 Vl

1429 364 1527 400 bebit
1553 375 1637 400 eam
1659 375 1842 400 uxorem:
1871 369 1907 400 et
1933 364 2021 412 quia
2046 363 2260 400 humiliavit
2285 363 2401 409 illam,
2423 374 2498 399 non

1422 417 1563 465 poterit
1597 417 1781 453 dimittere
1813 428 1899 454 eam
1927 417 2069 454 cunctis
2105 417 2234 454 diebus
2261 417 2360 453 vitae
2395 427 2498 453 suae.

1429 469 1478 506 Et
1506 470 1581 505 hoc
1619 468 1725 515 ideo,
1756 481 1803 506 ne
1834 470 2005 507 videatur
2042 470 2245 507 ludibrium
2268 470 2429 518 secisse,
2459 476 2501 505 ut

1428 521 1662 570 Augustinus
1691 522 1780 559 dicit
1797 522 1828 559 ²¹².

365 647 386 679 ε)
402 646 480 679 patri
497 646 611 677 puellae.
629 658 648 663 -
666 643 726 667 Om.
746 642 786 674 pG
806 646 830 665 et
849 648 874 665 α.
887 654 906 659 -
925 640 974 664 Pro
992 640 1079 669 stelas,
1099 639 1178 664 ciclos
1202 637 1339 667 ADFHIK,
1358 637 1471 662 sciculos
1490 637 1521 662 L.

986 727 1319 760 Commenta-ia
1342 725 1594 758 cardinalis
1617 725 1819 758 Caietani

340 832 359 852 N
372 821 503 851 articulo
517 825 603 849 sexto
617 817 758 847 eiusdem
772 814 1376 856 centesimaequinquagesimaequartae

313 834 542 906 Iquaestionis‚
560 861 695 892 dubium
710 860 877 900 multiplex
900 859 1038 891 occurrit
1055 858 1136 889 circa
1150 858 1290 898 speciem
1308 864 1373 888 stu-

308 910 366 950 pri.
390 909 531 939 Primum
547 906 564 924 *
589 912 635 936 est
650 905 725 946 quia
748 904 920 935 differentia
944 904 1011 934 eius
1027 913 1093 933 non
1116 903 1241 933 videtur
1263 902 1377 932 habere

307 954 415 984 locum
439 952 471 981 in
495 950 601 991 puella
624 957 809 990 spontanea,
834 950 872 979 de
891 949 1054 979 voluntate
1071 955 1249 988 parentum,
1267 946 1311 977 sic
1327 956 1376 976 ac-

308 998 450 1038 quirente
474 996 583 1026 dotem
607 1004 665 1035 pro
690 994 906 1025 matrimonio.
930 993 1018 1023 Talis
1042 992 1127 1023 enim
1151 1002 1188 1022 ex
1207 998 1318 1032 stupro
1342 990 1377 1021 fit

308 1041 442 1072 habilior
461 1040 500 1070 ad
517 1038 768 1070 matrimonium.
793 1039 859 1069 Nec
876 1038 955 1078 patri
972 1036 1006 1068 fit
1022 1037 1150 1067 iniuria:
1176 1036 1251 1077 quia
1266 1036 1377 1067 scienti

309 1091 340 1116 et
363 1086 480 1116 volenti
504 1094 566 1114 non
580 1083 626 1124 fit
649 1084 771 1114 iniuria
787 1083 813 1113 *.

365 1130 400 1159 In
416 1128 548 1159 muliere
564 1137 696 1168 quoque
710 1127 830 1168 virgine
847 1126 954 1157 aetatis
970 1125 1174 1166 grandaevae,
1192 1131 1268 1165 puta
1285 1124 1376 1166 quin-

309 1173 458 1215 quaginta
482 1182 657 1208 annorum,
682 1181 764 1213 quae
787 1171 925 1212 amplius
955 1180 1021 1201 non
1045 1176 1092 1200 est
1115 1169 1226 1199 habilis
1249 1178 1376 1209 genera-

309 1218 408 1254 tioni,
433 1227 490 1248 nec
523 1224 568 1247 est
598 1217 656 1247 sub
688 1216 830 1247 custodia
854 1215 1004 1252 alicuius,
1028 1214 1138 1245 locum
1163 1224 1229 1244 non
1254 1213 1377 1244 videtur

309 1263 423 1293 habere
446 1261 524 1292 ratio
550 1261 660 1301 stupri.

366 1307 404 1337 11.
437 1306 619 1337 Secundum
650 1305 779 1336 dubium
800 1304 817 1323 *
841 1311 904 1340 est,
932 1313 972 1334 an
1003 1302 1181 1338 masculus,
1214 1302 1375 1342 perdendo

310 1361 402 1382 suam
425 1350 653 1390 virginitatem,
679 1356 756 1390 puta
785 1348 888 1389 prima
911 1347 1119 1378 seminatione
1143 1357 1200 1377 sua
1223 1356 1376 1377 concum-

309 1397 386 1426 bens
411 1405 485 1426 cum
508 1393 689 1430 meretrice,
714 1392 893 1424 committat
921 1399 1088 1432 peccatum
1111 1391 1238 1422 alterius
1262 1390 1376 1431 speciei

310 1451 327 1470 a
351 1439 486 1480 simplici
510 1438 729 1474 fornicatione,
754 1444 832 1478 puta
856 1437 887 1467 in
908 1436 1011 1477 specie
1027 1436 1139 1476 stupri.
1164 1436 1204 1466 Et
1228 1443 1273 1467 est
1297 1435 1376 1466 ratio

311 1484 398 1515 dubii
422 1483 507 1525 quia,
532 1483 557 1513 si
581 1493 666 1521 non,
691 1489 874 1523 sequeretur
897 1481 987 1522 quod
1010 1490 1074 1511 non
1100 1490 1212 1511 omnes
1234 1480 1377 1511 luxuriae

310 1528 429 1569 species
452 1538 484 1558 se
508 1533 649 1558 tenerent
672 1536 709 1557 ex
731 1534 818 1569 parte
835 1525 1001 1566 utriusque
1017 1533 1124 1556 sexus:
1142 1525 1298 1566 quoniam
1313 1531 1377 1555 stu—

310 1573 358 1614 pri
383 1573 501 1613 species
525 1582 562 1603 ex
585 1579 673 1612 parte
696 1571 832 1602 feminae
855 1577 981 1602 tantum
1002 1569 1205 1600 inveniretur.
1230 1587 1249 1591 -
1272 1569 1313 1600 Et
1332 1579 1377 1600 se-

310 1624 460 1658 queretur
475 1617 563 1657 quod
587 1616 748 1647 masculus
771 1622 851 1646 esset
875 1625 972 1655 capax
987 1614 1134 1645 aureolae
1158 1613 1304 1654 propriae
1319 1613 1379 1643 vir-

310 1662 438 1702 ginum,
463 1667 494 1691 et
517 1670 583 1691 non
606 1659 672 1691 vitii
696 1660 815 1700 proprii
839 1659 979 1700 oppositi
1002 1658 1171 1699 virginitati
1195 1658 1254 1688 sub
1279 1658 1377 1698 stupri

311 1706 414 1748 specie
438 1706 569 1736 locatae.

365 1750 398 1781 Si
422 1750 476 1786 sic,
500 1755 627 1790 oportet
651 1748 768 1779 salvare
791 1748 824 1778 in
848 1747 901 1778 tali
926 1754 1054 1787 peccato
1078 1746 1286 1777 differentiam
1302 1756 1378 1777 con-

310 1794 484 1826 stitutivam
508 1793 618 1833 stupri.
643 1793 741 1830 Quod
764 1802 829 1822 non
853 1797 993 1831 apparet.

367 1839 418 1869 111.
445 1839 586 1868 Tertium
602 1837 731 1867 dubium
745 1836 761 1855 *
777 1843 833 1872 est,
850 1845 890 1866 an
911 1835 1024 1866 mulier
1039 1835 1127 1874 virgo
1144 1844 1226 1876 quae
1243 1834 1378 1875 seipsam

310 1882 485 1923 polluendo
500 1891 666 1912 veneream
681 1880 838 1921 experitur
854 1879 1107 1915 delectationem,
1126 1886 1234 1920 peccet
1249 1885 1378 1919 peccato

310 1927 419 1967 stupri.
451 1926 492 1956 Et
515 1932 561 1956 est
584 1925 662 1956 ratio
687 1925 774 1955 dubii
803 1924 878 1964 quia
901 1923 1062 1964 virginitas
1086 1933 1152 1954 non
1176 1923 1318 1964 perditur
1341 1922 1379 1952 ir-

309 1970 521 2012 reparabiliter
544 1977 574 2000 et
597 1968 703 2000 illicite
727 1969 786 1999 nisi
811 1978 866 2009 per
889 1975 1046 2008 stuprum,
1069 1968 1181 1998 saltem
1197 1968 1229 1998 in
1245 1967 1378 1998 femina:

309 2026 384 2047 cum
408 2022 555 2055 stuprum
578 2014 693 2045 directe
709 2013 878 2054 virginitati
902 2013 935 2043 in
952 2012 1085 2044 muliere
1101 2019 1296 2054 opponatur.
1321 2012 1380 2042 Per

311 2070 441 2091 omnem
457 2067 565 2090 autem
577 2058 788 2089 voluntariam
805 2057 1017 2098 pollutionem
1035 2064 1120 2088 extra
1136 2056 1379 2088 matrimonium

311 2104 530 2135 advenientem
551 2103 673 2143 virgini,
689 2103 831 2143 perditur
853 2101 1092 2142 irreparabiliter
1115 2109 1146 2134 et
1165 2101 1272 2133 illicite
1286 2101 1379 2141 virgi-

311 2149 391 2180 nitas
415 2147 565 2178 mulieris.
590 2147 674 2188 Ergo
699 2155 745 2178 est
768 2154 926 2188 stuprum.

367 2192 402 2223 In
426 2192 613 2233 oppositum
643 2197 751 2222 autem
779 2197 825 2221 est
853 2190 927 2232 quia
957 2199 1013 2230 per
1041 2191 1136 2222 talem
1165 2190 1379 2231 pollutionem

311 2247 378 2268 non
394 2236 535 2277 perditur
549 2235 733 2276 virginitatis
749 2235 959 2275 signaculum,
974 2235 1064 2266 cuius
1081 2235 1257 2276 privatione
1273 2235 1380 2265 minus

312 2281 424 2312 habilis
447 2281 587 2312 redditur
610 2280 723 2311 mulier
747 2281 787 2310 ad
808 2279 1004 2320 coniugium.
1029 2279 1103 2311 Sine
1119 2280 1178 2310 hac
1195 2286 1303 2309 autem
1319 2279 1379 2319 pri—

311 2326 438 2357 vatione
462 2335 528 2356 non
551 2324 762 2356 committitur
785 2331 942 2364 stuprum.

369 2369 421 2401 IV.
450 2369 610 2407 Quartum
634 2369 763 2400 dubium
784 2368 801 2387 *
831 2369 905 2399 huic
935 2369 1027 2399 tertio
1057 2377 1217 2398 annexum
1244 2374 1307 2399 est:
1340 2378 1379 2398 an

312 2413 439 2445 illicitus
457 2414 644 2444 concubitus
661 2423 734 2444 cum
752 2412 883 2443 muliere
898 2413 1027 2453 integra,
1049 2412 1172 2454 polluta
1195 2419 1302 2443 tamen
1325 2422 1381 2452 per

313 2458 480 2489 mollitiem
505 2468 559 2488 seu
584 2457 781 2493 sodomiam,
806 2457 845 2488 sit
868 2464 1024 2498 stuprum.
1057 2457 1097 2487 Et
1120 2463 1166 2487 est
1189 2456 1268 2487 ratio
1293 2455 1381 2487 dubii

313 2503 388 2544 quia
412 2503 500 2543 quod
524 2511 589 2532 non
613 2502 652 2532 sit
675 2509 836 2542 stuprum,
861 2508 991 2542 apparet
1015 2511 1051 2532 ex
1075 2511 1114 2532 eo
1137 2501 1226 2542 quod
1249 2500 1292 2531 ibi
1316 2511 1380 2531 non

313 2555 359 2578 est
382 2546 510 2587 virginis
534 2546 715 2577 defloratio:
744 2546 819 2587 quia
842 2556 907 2576 non
932 2554 979 2577 est
1001 2546 1109 2586 virgo,
1135 2552 1170 2576 ut
1194 2555 1230 2576 ex
1254 2555 1349 2586 supra
1364 2545 1381 2564 *

313 2592 403 2622 dictis
427 2591 465 2621 de
485 2591 659 2630 virginitate
683 2597 778 2631 patet.
802 2608 823 2613 -
847 2590 888 2621 Et
903 2590 1118 2621 confirmatur.
1145 2590 1228 2627 Quia
1246 2600 1320 2621 cum
1336 2589 1380 2620 di-

312 2636 401 2672 citur,
427 2635 579 2676 Stuprum
605 2640 650 2666 est
674 2635 785 2666 illicita
802 2636 939 2676 virginis
954 2635 1136 2675 defloratio,
1161 2642 1215 2665 aut
1237 2634 1270 2675 ly
1287 2635 1380 2675 virgo

312 2687 358 2711 est
382 2689 501 2710 nomen
524 2679 656 2716 virtutis,
682 2686 736 2710 aut
760 2679 910 2710 naturalis
934 2686 1043 2710 status.
1068 2678 1101 2710 Si
1120 2685 1166 2709 est
1186 2689 1304 2709 nomen
1322 2679 1380 2708 vir-

312 2724 397 2761 tutis,
422 2724 554 2754 habetur
576 2724 751 2755 intentum:
776 2723 851 2764 quia
875 2723 928 2754 illa
952 2724 1018 2754 non
1034 2731 1080 2755 est
1096 2723 1185 2763 virgo
1206 2723 1382 2754 formaliter

312 2779 369 2800 nec
386 2768 594 2799 materialiter.
615 2768 649 2799 Si
665 2769 815 2799 naturalis
831 2774 940 2804 status,
958 2768 1102 2809 sequitur
1116 2769 1206 2808 quod
1222 2775 1380 2808 stuprum,

312 2814 401 2854 quod
423 2813 536 2844 directe
553 2812 582 2843 ei
597 2813 783 2853 opponitur,
800 2822 866 2843 non
883 2819 931 2843 est
945 2813 1074 2844 vitium:
1095 2813 1251 2853 quoniam
1266 2812 1380 2843 vitium

312 2858 488 2899 opponitur
511 2857 631 2894 virtuti,
657 2867 722 2888 non
747 2857 879 2888 naturali
905 2857 1015 2894 statui,
1042 2856 1101 2888 nisi
1125 2864 1160 2888 ut
1183 2864 1229 2888 est
1251 2857 1380 2888 materia

311 2902 443 2933 virtutis.
476 2901 537 2933 Sed
562 2902 622 2932 hoc
647 2901 706 2932 dici
731 2912 796 2932 non
820 2908 925 2942 potest
952 2902 1129 2933 secundum
1153 2902 1301 2932 Auctoris
1325 2901 1381 2931 do-

313 2946 455 2982 ctrinam,
473 2945 604 2976 dicentis
616 2946 632 2964 *
656 2946 867 2986 integritatem
891 2946 991 2976 carnis
1009 2956 1073 2976 non
1090 2945 1149 2976 nisi
1167 2956 1222 2987 per
1237 2946 1381 2977 accidens

313 3002 345 3022 se
362 2991 477 3021 habere
494 2990 533 3020 ad
548 2990 776 3030 virginitatem:
802 2996 924 3021 constat
947 3000 1086 3031 namque
1110 2991 1199 3031 quod
1226 2990 1299 3021 vitia
1317 3000 1380 3020 non

314 3041 589 3075 contraponuntur
611 3034 717 3065 virtuti
741 3035 918 3065 secundum
938 3045 974 3066 ea
997 3045 1079 3076 quae
1103 3045 1159 3075 per
1181 3035 1325 3066 accidens
1350 3044 1382 3065 se

314 3080 429 3110 habent
444 3079 484 3110 ad
500 3079 664 3116 virtutem;
690 3079 778 3110 aliter
802 3086 904 3110 essent
927 3079 1050 3111 infinita
1068 3079 1142 3111 vitia
1158 3086 1267 3111 contra
1284 3089 1381 3110 unam

314 3125 472 3161 virtutem,
497 3133 535 3155 eo
560 3124 647 3165 quod
671 3124 797 3165 infinita
821 3125 879 3155 uni
901 3125 1050 3155 accidunt
1064 3123 1091 3154 *.

371 3169 405 3198 In
437 3168 625 3210 oppositum
654 3175 760 3200 autem
789 3175 836 3199 est
865 3168 940 3210 quia
970 3169 1002 3199 in
1030 3168 1084 3200 tali
1109 3168 1194 3200 coitu
1223 3169 1382 3200 invenitur

316 3219 487 3254 utrumque
503 3212 543 3243 ad
559 3212 658 3252 stupri
675 3211 881 3243 differentiam
896 3220 1052 3253 spectans:
1074 3212 1191 3244 scilicet
1206 3219 1236 3245 et
1251 3213 1381 3244 violatio

317 3257 468 3296 signaculi
491 3256 666 3297 virginalis;
691 3264 721 3288 et
744 3257 858 3288 iniuria
882 3264 1028 3298 paternae
1052 3257 1224 3288 custodiae.

372 3301 409 3331 V.
436 3301 588 3338 Quintum
612 3301 742 3332 dubium
758 3301 776 3321 ’⁸‘
796 3308 845 3332 est
868 3311 904 3332 ex
928 3302 1083 3338 Muttine,
1108 3302 1140 3332 in
1165 3312 1220 3343 qu.
1243 3302 1284 3333 de
1308 3302 1382 3334 Stu-

318 3354 376 3384 pro
392 3344 422 3380 *,
446 3345 571 3377 volente
599 3346 687 3386 quod
715 3353 861 3387 stuprum
886 3356 951 3377 non
975 3347 1105 3378 sortitur
1127 3347 1284 3378 rationem
1306 3357 1381 3379 suae

318 3388 431 3428 speciei
455 3398 492 3419 ex
514 3389 660 3420 adiuncta
691 3398 859 3430 parentum
887 3391 1039 3422 custodia.
1074 3391 1158 3429 Quia
1188 3391 1292 3432 posita
1315 3391 1383 3423 sola

318 3431 423 3462 illicita
446 3433 602 3464 ablatione
625 3434 808 3474 virginitatis
832 3445 887 3476 per
912 3436 1043 3472 coitum,
1069 3436 1201 3477 ponitur
1219 3443 1381 3477 stuprum:

319 3482 349 3506 et
372 3485 408 3506 ea
431 3483 570 3515 remota,
595 3487 800 3518 quocumque
829 3479 892 3510 alio
921 3480 1044 3520 posito,
1074 3491 1139 3510 non
1163 3480 1294 3521 ponitur
1317 3486 1381 3511 stu-

319 3530 423 3594 grgm.
449 3520 532 3570 lirgo
557 3522 595 3551 ad
619 3522 718 3561 stupri
743 3523 897 3553 rationem
917 3531 964 3555 sat
987 3531 1033 3555 est
1057 3525 1163 3555 illicita
1187 3535 1243 3565 per
1262 3525 1380 3556 coitum

342 3574 357 3594 e
382 3570 492 3594 orano.

376 3609 571 3639 Antecedens
587 3619 644 3648 pro
665 3608 765 3648 prima
785 3617 870 3649 parte
887 3612 1048 3650 probatur.
1072 3612 1103 3643 Si
1120 3621 1258 3652 ponatur
1279 3613 1382 3653 puella

1431 813 1498 843 sine
1522 812 1677 849 custodia,
1703 813 1868 844 defloratio
1884 813 1969 844 illius
1993 824 2059 844 non
2076 821 2157 845 esset
2171 814 2306 856 simplex
2322 814 2501 847 fornicatio,

1430 867 1496 888 non
1513 857 1715 894 adulterium,
1733 867 1800 888 non
1816 864 1936 898 raptus,
1952 867 2019 888 non
2034 858 2183 890 incestus.
2205 859 2292 899 Ergo
2307 866 2465 900 stuprum.
2483 877 2504 883 -

1431 902 1548 939 Quoad
1578 903 1752 932 secundam
1779 912 1873 939 vero,
1904 902 1981 943 quia
2009 902 2199 934 concubitus
2228 913 2304 934 cum
2335 904 2441 944 puella
2471 905 2504 935 in

1431 947 1529 977 domo
1554 946 1650 987 patris
1669 946 1734 977 iam
1757 953 1907 987 stuprata,
1932 956 1998 977 non
2023 954 2070 978 est
2092 947 2151 977 uisi
2167 947 2302 988 simplex
2326 947 2502 980 fornicatio.

1485 991 1539 1022 Vl.
1563 991 1614 1021 Ad
1638 991 1828 1022 evidentiam
1851 991 1979 1028 horum,
1997 991 2162 1022 sciendum
2179 999 2226 1023 est
2248 993 2338 1033 quod
2362 994 2504 1024 naturale

1429 1035 1571 1066 luxuriae
1595 1045 1695 1076 genus
1718 1035 1751 1066 in
1775 1035 1876 1076 stupri
1899 1036 2039 1076 speciem
2063 1036 2196 1067 trahitur
2218 1046 2275 1076 per
2298 1038 2439 1069 naturale
2463 1038 2503 1068 si-

1428 1080 1602 1120 gnaculum
1626 1079 1812 1120 virginitatis
1834 1079 1960 1111 mulieri
1985 1080 2173 1111 attributum
2203 1081 2263 1111 sub
2292 1082 2426 1112 naturali
2451 1092 2503 1113 cu-

1430 1124 1533 1155 stodia
1557 1131 1734 1165 parentum.
1761 1125 1806 1155 lta
1829 1125 1918 1166 quod
1942 1124 2078 1155 naturali
2102 1125 2267 1165 signaculo
2292 1135 2357 1156 non
2378 1135 2434 1166 per
2457 1136 2505 1157 ac—

1430 1169 1553 1204 cidens,
1578 1169 1634 1199 sed
1664 1168 1846 1199 naturaliter
1877 1169 2008 1200 debetur
2032 1177 2163 1209 paterna
2187 1169 2349 1206 custodia,
2375 1178 2504 1211 propter

1429 1212 1645 1244 infirmitatem
1677 1213 1866 1244 muliebrem
1894 1213 1926 1244 in
1951 1214 2170 1244 conservando
2201 1214 2369 1254 proprium
2396 1215 2502 1246 decus.

1430 1258 1563 1298 Propter
1585 1258 1674 1298 quod
1699 1258 1814 1289 dicitur
1829 1258 1930 1289 Eccli.
1947 1268 1990 1288 vn
2007 1268 2074 1298 cap.
2090 1258 2121 1288 *z
2145 1258 2251 1289 Filiae
2267 1259 2321 1290 tibi
2335 1264 2429 1290 sunt:
2452 1269 2505 1290 cu—

1428 1303 1512 1333 stodi
1535 1312 1652 1343 corpus
1671 1312 1796 1334 earum.
1819 1302 1861 1333 Et
1879 1302 2035 1344 quoniam
2055 1302 2131 1333 haec
2147 1302 2283 1334 naturali
2299 1303 2412 1335 ordine
2428 1313 2503 1336 con-

1430 1356 1509 1377 nexa
1532 1354 1615 1384 sunt,
1642 1354 1677 1377 ut
1700 1346 1817 1378 scilicet
1841 1347 1984 1378 custodia
2008 1354 2137 1388 paterna
2162 1346 2327 1388 signaculo
2346 1347 2428 1379 adsit
2442 1348 2504 1380 vir-

1429 1391 1540 1432 gineo;
1572 1398 1602 1422 et
1631 1401 1647 1421 e
1672 1397 1790 1428 contra,
1815 1391 1970 1432 quoniam
2000 1392 2177 1423 secundum
2205 1398 2335 1424 naturae
2357 1391 2505 1425 ordinem

1430 1436 1490 1466 sub
1514 1435 1617 1466 mariti
1641 1445 1715 1466 cura
1739 1443 1770 1467 et
1792 1436 1860 1467 iure
1884 1436 2000 1467 mulier
2022 1436 2171 1477 deinceps
2194 1446 2262 1467 esse
2285 1436 2398 1474 debet,
2421 1446 2505 1478 quae

1430 1480 1463 1511 in
1479 1480 1676 1511 adiutorium
1692 1480 1732 1511 ad
1746 1481 1964 1520 generandum
1983 1481 2096 1521 procul
2111 1481 2210 1512 dubio
2227 1488 2330 1512 creata
2345 1488 2406 1512 est:
2431 1481 2504 1513 ideo

1432 1525 1596 1556 defloratio
1621 1524 1750 1565 virginis
1780 1532 1865 1556 extra
1889 1525 2076 1566 coniugium
2108 1524 2240 1556 offendit
2263 1526 2395 1567 quidem
2419 1526 2504 1561 duo.

1431 1569 1549 1600 scilicet
1572 1569 1773 1610 signaculum
1796 1569 1981 1610 virginitatis
2006 1577 2036 1600 et
2059 1577 2224 1610 paternam
2248 1571 2440 1607 custodiam.
2464 1571 2507 1602 al-

1432 1620 1536 1644 terum
1559 1614 1592 1644 in
1617 1612 1744 1650 femina,
1769 1614 1904 1645 alterum
1928 1614 1960 1644 in
1984 1621 2123 1656 parente.
2149 1614 2210 1646 Sed
2234 1614 2391 1656 quoniam
2415 1623 2504 1647 natu-

1432 1657 1504 1688 ralis
1529 1664 1575 1688 est
1598 1658 1754 1689 connexio
1782 1658 1863 1689 inter
1886 1660 1960 1695 ista,
1985 1658 2059 1689 ideo
2088 1669 2154 1689 non
2178 1669 2215 1689 ex
2238 1659 2337 1690 altero
2361 1666 2504 1697 tantum,

1432 1703 1487 1733 sed
1511 1709 1647 1743 utroque
1667 1702 1773 1739 simul,
1791 1702 1964 1734 differentia
1988 1703 2117 1744 propria
2141 1703 2242 1744 stupri
2266 1704 2422 1734 sumenda
2445 1710 2502 1736 est.

1432 1747 1473 1778 Et
1496 1756 1571 1777 cum
1594 1756 1698 1778 unum
1715 1757 1827 1778 eorum
1852 1747 1976 1784 dicitur,
1993 1748 2130 1779 alterum
2146 1747 2430 1788 cointelligendum
2447 1756 2503 1780 est.

1432 1791 1565 1822 Paterna
1589 1800 1729 1832 namque
1751 1791 1897 1823 custodia
1921 1801 1987 1823 non
2007 1793 2250 1834 cuiuscumque,
2271 1793 2327 1824 sed
2349 1793 2506 1833 signaculi

1431 1834 1592 1875 virginalis
1616 1842 1671 1867 est.
1703 1836 1786 1866 Nam
1817 1835 1899 1867 sicut
1930 1836 2066 1868 naturali
2097 1836 2209 1868 ordine
2235 1837 2332 1879 patris
2356 1845 2403 1869 est
2425 1837 2508 1870 alere

1432 1878 1532 1909 filiam
1555 1886 1586 1909 et
1608 1879 1774 1919 providere
1790 1879 1835 1910 illi
1853 1890 1956 1921 usque
1972 1881 2012 1910 ad
2028 1880 2156 1921 nuptias
2170 1880 2341 1918 inclusive;
2365 1881 2408 1913 ita
2427 1881 2507 1913 eius-

1433 1924 1507 1954 dem
1530 1930 1577 1954 est
1601 1923 1760 1955 custodire
1785 1923 1884 1954 filiam
1907 1925 1987 1955 bene
2019 1925 2157 1955 habilem
2186 1925 2226 1955 ad
2253 1926 2506 1958 matrimonium.

1433 1968 1541 1998 Minus
1565 1975 1673 1999 autem
1696 1967 1808 1998 habilis
1833 1976 1879 1999 est
1903 1968 2018 2000 mulier
2047 1976 2211 2009 corrupta,
2235 1977 2394 2010 quantum
2417 1969 2450 2000 in
2473 1979 2507 2001 ae

1433 2019 1489 2048 est,
1513 2012 1554 2043 ad
1570 2013 1766 2044 matrimonii
1781 2013 1947 2054 copulam:
1972 2020 2009 2044 ut
2024 2020 2111 2053 patet
2126 2013 2152 2044 si
2168 2013 2300 2045 sciretur
2318 2014 2422 2055 ipsam
2437 2023 2508 2046 esse

1433 2064 1626 2098 corruptam,
1644 2057 1800 2099 quoniam
1825 2067 1890 2088 non
1914 2057 2069 2088 inveniret
2087 2068 2163 2088 suae
2180 2058 2373 2090 conditionis
2391 2058 2507 2092 virum.

1433 2102 1474 2133 Et
1493 2101 1547 2138 sic,
1565 2111 1640 2133 cum
1666 2109 1815 2142 stuprum
1843 2109 1952 2134 contra
1980 2109 2145 2143 paternam
2175 2102 2289 2135 dicitur
2317 2103 2508 2141 custodiam,

1433 2146 1659 2187 cointelligitur
1682 2156 1749 2177 esse
1766 2146 1862 2177 etiam
1879 2153 1989 2178 contra
2012 2146 2212 2188 signaculum
2236 2148 2443 2179 custoditum.
2467 2148 2509 2180 Et

1433 2190 1586 2227 similiter,
1603 2191 1679 2232 quia
1702 2190 1902 2231 signaculum
1918 2190 2115 2228 huiusmodi,
2131 2191 2271 2223 habilem
2295 2201 2421 2223 servans
2437 2201 2508 2227 mu-

1432 2235 1542 2266 lierem
1565 2235 1606 2265 ad
1629 2235 1882 2272 matrimonium,
1907 2235 2091 2267 naturaliter
2114 2242 2185 2276 eget
2207 2243 2338 2277 paterna
2353 2236 2507 2274 custodia,

1434 2287 1464 2310 et
1487 2280 1546 2310 sub
1570 2279 1627 2310 illo
1644 2279 1780 2310 naturali
1795 2280 1907 2311 ordine
1930 2286 1987 2315 est.
2004 2290 2060 2311 seu
2085 2290 2152 2311 esse
2171 2281 2280 2318 debet;
2304 2281 2378 2313 ideo
2398 2288 2509 2314 contra

1435 2324 1635 2364 signaculum
1649 2323 1828 2364 virgineum
1843 2334 1939 2364 agens
1954 2324 2104 2356 iniuriam
2127 2331 2276 2365 paternae
2296 2325 2396 2358 facere
2420 2326 2508 2359 coin·

1435 2367 1586 2408 telligitur
1602 2368 1774 2399 custodiae.
1800 2368 1888 2400 Illius
1905 2375 1952 2400 est
1974 2369 2133 2410 siquidem
2150 2368 2351 2410 signaculum
2369 2370 2451 2402 illud
2465 2371 2509 2403 ita

1434 2412 1531 2453 patris
1555 2413 1663 2453 quoad
1679 2413 1964 2449 conservationem,
1982 2413 2063 2444 sicut
2079 2413 2195 2444 mulier
2210 2420 2258 2445 est
2273 2414 2376 2446 mariti
2400 2415 2509 2456 quoad

1436 2467 1531 2487 usum
1555 2467 1736 2489 venereum.

1491 2501 1559 2532 Vll.
1584 2502 1635 2532 Ad
1658 2502 1802 2542 primum
1827 2502 1923 2542 igitur
1946 2502 2082 2533 dubium
2097 2502 2115 2521 ’⁸¹
2137 2501 2252 2533 dicitur
2275 2503 2366 2543 quod
2394 2503 2509 2534 mulier
2535 2510 2546 2520 ⁰

1435 2555 1471 2577 ex
1504 2553 1615 2586 stupro
1643 2546 1808 2587 acquirens
1837 2547 1946 2578 dotem
1976 2546 2118 2578 redditur
2140 2546 2273 2587 quidem
2303 2547 2439 2578 habilior
2468 2547 2509 2579 ad

1435 2590 1678 2622 matrimonium
1701 2591 1810 2631 quoad
1827 2591 1911 2622 bona
1928 2590 2085 2627 fortunae,
2102 2591 2158 2622 sed
2177 2591 2318 2623 redditur
2339 2591 2509 2624 inhabilior

2530 507 2741 536 ’Quaest.1'nDeut.,

2529 541 2566 561 qu.
2583 540 2660 556 xxxrv.

2531 1266 2542 1275 ⁶
2555 1263 2622 1287 Vera.
2636 1263 2672 1286 2⁶.

2559 2509 2628 2532 Num.
2645 2515 2661 2532 ι.

1434 2635 1543 2676 quoad
1567 2635 1651 2665 bona
1671 2642 1812 2672 naturae,
1830 2643 1894 2666 tam
1911 2635 2053 2676 corporis
2069 2645 2166 2677 quam
2191 2636 2327 2667 animae.
2353 2635 2509 2678 Stuprum
2558 2651 2560 2654 >

1434 2686 1543 2710 autem
1567 2689 1664 2719 penes
1694 2679 1849 2710 damnum
1878 2679 2028 2711 naturalis
2056 2680 2133 2711 boni
2165 2680 2350 2717 attenditur,
2383 2687 2415 2712 et
2442 2690 2509 2712 non

1435 2733 1532 2764 penes
1555 2724 1640 2754 bona
1664 2723 1827 2755 exteriora.

1491 2767 1677 2799 Consensus
1699 2778 1841 2810 quoque,
1867 2775 1933 2799 tam
1955 2778 2034 2799 suus
2057 2779 2155 2809 quam
2179 2776 2340 2810 paternus,
2365 2770 2422 2800 etsi
2446 2775 2510 2801 stu-

1435 2813 1570 2853 pratoris
1593 2812 1742 2844 iniuriam
1761 2820 1912 2849 attenuet,
1929 2823 1995 2844 non
2013 2821 2119 2844 tamen
2144 2813 2236 2845 tollit.
2257 2814 2345 2845 Tum
2362 2814 2438 2855 quia
2453 2813 2510 2845 hu-

1435 2857 1575 2889 iusmodi
1592 2867 1767 2889 consensus
1783 2868 1849 2889 non
1865 2865 1912 2889 est
1927 2858 2062 2889 omnino
2077 2858 2287 2895 voluntarius,
2303 2858 2359 2889 sed
2375 2858 2507 2891 mixtus:

1435 2902 1516 2933 sicut
1539 2902 1733 2942 proiicientis
1757 2912 1876 2934 merces
1891 2901 1924 2933 in
1941 2912 2028 2934 mare
2047 2910 2178 2943 propter
2200 2902 2419 2934 necessitatem
2442 2913 2508 2934 ma-

1435 2946 1535 2977 iorem
1551 2946 1576 2979 *.
1594 2964 1615 2970 -
1627 2947 1726 2984 Tum,
1744 2947 1912 2988 praecipue
1929 2954 1959 2978 et
1974 2947 2112 2988 proprie,
2130 2947 2205 2989 quia
2221 2957 2394 2978 consensus
2410 2946 2444 2978 in
2459 2946 2509 2978 his

2536 2951 2546 2960 ⁰
2560 2949 2596 2972 Cf.
2607 2949 2705 2972 Ariaot.
2715 2947 2738 2971 Ε

2535 2976 2590 2999 mc.
2599 2975 2639 2998 nb.
2647 2975 2748 3025 urgssg.

1436 3001 1576 3032 quorum
1594 3001 1659 3022 non
1676 3001 1788 3022 sumus
1801 3001 1860 3032 pro
1875 2991 1965 3022 libito
1979 2991 2112 3028 domini,
2126 3001 2192 3022 non
2209 2991 2295 3023 tollit
2307 2991 2385 3033 quin
2398 2991 2507 3023 scienti
2535 3009 2575 3031 „n
2589 3009 2602 3032 ⁵
2621 3002 2635 3025 ε

1437 3043 1467 3066 et
1481 3035 1691 3067 consentienti
1707 3034 1761 3067 fiat
1776 3036 1905 3067 iniuria:
1930 3035 1974 3067 ita
1989 3037 2078 3077 quod
2095 3045 2170 3067 cum
2194 3036 2318 3072 dicitur,
2335 3035 2456 3067 scienti
2477 3041 2509 3068 et

1437 3081 1555 3112 volenti
1571 3081 1688 3122 nonsit
1703 3081 1835 3117 iniuria,
1853 3087 1893 3118 et,
1909 3081 2032 3112 Nullus
2045 3081 2173 3121 patitur
2187 3082 2342 3112 iniustum
2360 3080 2470 3112 volens
2477 3080 2506 3118 ⁸,

1436 3125 1622 3165 intelligitur
1644 3125 1677 3156 in
1701 3125 1750 3156 his
1773 3131 1899 3157 tantum
1924 3134 2067 3167 quorum
2090 3124 2191 3156 homo
2214 3131 2262 3156 est
2284 3125 2438 3156 dominus
2460 3135 2507 3157 se-

1437 3170 1580 3201 cundum
1608 3169 1735 3201 libitum
1759 3179 1834 3201 suae
1863 3169 2046 3206 voluntatis,
2071 3176 2107 3202 ut
2130 3176 2204 3200 sunt
2227 3169 2312 3201 bona
2343 3169 2507 3208 fortunae;

1437 3221 1467 3245 et
1484 3224 1550 3245 non
1573 3214 1606 3244 in
1623 3214 1671 3244 his
1695 3224 1777 3256 quae
1801 3213 1859 3245 etsi
1882 3221 1991 3245 nostra
2014 3213 2085 3250 sint,
2102 3223 2168 3244 non
2192 3220 2299 3244 tamen
2323 3223 2507 3254 possumus,

1437 3265 1473 3289 ut
1502 3258 1670 3294 volumus,
1700 3258 1739 3289 de
1769 3258 1831 3289 illis
1862 3257 2024 3293 ordinare;
2054 3264 2090 3289 ut
2119 3264 2206 3298 patet
2234 3257 2267 3288 in
2299 3258 2506 3290 naturalibus.

1436 3303 1521 3334 Nam
1537 3303 1610 3334 licet
1632 3313 1746 3334 manus
1768 3309 1824 3334 tua
1847 3302 1887 3333 sit
1909 3309 1974 3339 tua,
1992 3311 2057 3333 non
2080 3309 2188 3333 tamen
2212 3310 2380 3343 propterea
2402 3309 2509 3344 potest

1437 3348 1476 3379 de
1499 3357 1658 3379 consensu
1685 3354 1744 3379 tuo
1766 3357 1785 3381 a
1808 3354 1838 3379 te
1860 3346 1930 3379 toui
1963 3346 2029 3378 sine
2056 3346 2170 3378 iniuria
2203 3354 2274 3378 tua:
2306 3354 2388 3379 esset
2421 3347 2508 3379 enim

1438 3391 1648 3424 mutilationis
1663 3401 1739 3423 suae
1757 3400 1830 3423 reus
1845 3391 1902 3432 qui
1917 3391 1980 3423 hoc
1996 3390 2119 3422 facinus
2138 3398 2284 3431 patraret.
2309 3392 2351 3425 Et
2364 3391 2509 3423 similiter

1437 3446 1518 3468 uxor
1541 3443 1596 3468 tua
1623 3445 1689 3467 non
1719 3442 1823 3476 potest
1847 3435 1885 3466 de
1910 3445 2067 3466 consensu
2101 3443 2173 3472 tuo,
2198 3435 2264 3468 sine
2296 3443 2351 3469 tua
2382 3435 2507 3473 iniuria,

1438 3479 1588 3520 cognosci
1611 3480 1650 3510 ab
1674 3479 1787 3510 altero:
1813 3485 1894 3510 esset
1913 3478 1998 3510 enim
2022 3479 2166 3510 adulterii
2189 3490 2261 3511 reus
2281 3481 2508 3518 concumbens,

1438 3525 1533 3556 etiam
1557 3531 1587 3556 te
1610 3524 1754 3558 volente.
1780 3533 1853 3554 cum
1878 3534 1923 3554 ea.
1956 3524 1996 3554 Et
2020 3524 2099 3555 ratio
2130 3524 2212 3556 dicta
2243 3531 2305 3555 est:
2343 3524 2418 3565 quia
2441 3534 2507 3555 non

1439 3579 1550 3600 sumus
1574 3569 1750 3599 secundum
1775 3575 1901 3599 nostrae
1923 3568 2096 3599 voluntatis
2119 3569 2295 3600 libertatem
2312 3568 2426 3600 talium
2449 3568 2507 3599 do-

1439 3613 1527 3650 mini;
1552 3613 1607 3643 sed
1630 3613 1668 3643 ab
1692 3612 1795 3643 altiori
1820 3612 1976 3653 principio
2001 3620 2075 3644 sunt
2098 3612 2175 3644 haec
2191 3619 2298 3644 nostra
2321 3613 2429 3654 quoad
2453 3612 2507 3643 ali-

2535 3018 2586 3052 leet'.
2602 3018 2617 3052 i.

2535 3079 2545 3089 ⁸
2558 3077 2658 3101 Αήοιοι.
2669 3075 2746 3099 ame.

2534 3103 2624 3154 gas-v,
2643 3108 2747 3156 ‘²2‘ssss

2535 3147 2619 3184 a-s.

2534 3182 2582 3213 izv,
2596 3189 2652 3206 xm.

2673 3172 2680 3180 .
2694 3156 2747 3178 leet.
