2768 4198
92 439 101 449 ⁸
113 437 169 459 Can.
178 437 238 460 Sunt
247 444 307 459 non—

92 464 156 486 nulli.

97 1617 218 1648 unm.

100 2669 135 2697 1⁶,
149 2659 180 2692 αἰ.

101 2776 113 2787 ·
127 2774 175 2804 Qu.
193 2780 257 2803 mv,
271 2778 313 2798 art.

101 2801 126 2830 ⁶,
138 2801 168 2824 ad
181 2807 200 2824 ι.

106 3483 117 3495 ·
129 3483 167 3505 De
182 3483 229 3505 Usu
241 3482 319 3511 Spiri-

106 3509 204 3531 ωιτη
222 3509 318 3538 (Opusc.

108 3535 183 3558 caiet.
207 3540 265 3559 tom.
284 3536 319 3567 II,

106 3565 319 3615 Ῥεῖῦεὲἒιῑῗέὲῖῑ

966 303 1234 349 QUAESTIO
1265 304 1529 351 CLXXXVII,
1558 305 1856 342 ARTICULUS
1887 306 1900 342 1

335 381 544 419 rationibus
564 394 679 431 supra
698 381 804 419 dictis
825 381 999 428 excludit,
1021 382 1162 429 dicens,
1184 390 1224 418 ut
1244 383 1405 420 habetur

335 435 436 483 XVI,
458 448 522 483 qu.
544 447 554 472 1
573 435 611 471 *z
643 436 739 471 Sunt
755 434 937 479 nonnulli,
959 434 1061 471 nullo
1081 435 1259 485 dogmate
1265 436 1364 485 fulti
1376 441 1404 482 Υ,

335 489 586 526 audacissimo
606 488 756 536 quidem
772 488 848 536 zelo
868 489 993 537 magis
1007 489 1271 526 amaritudinis
1290 501 1407 538 quam,

334 542 541 579 dilectionis
569 541 807 589 inflammati,
836 547 1042 579 asserentes
1070 544 1286 588 monachos,
1317 543 1405 591 quia

336 595 477 632 mundo
509 594 652 631 mortui
680 600 768 631 sunt
798 600 834 631 et
870 596 954 631 Deo
987 596 1136 642 vivunt,
1164 597 1407 633 sacerdotalis
1432 603 1434 644 3
1462 609 1547 633 cere
1568 597 1597 633 si
1618 597 1792 635 ordinem
1821 598 2006 648 accipiant
2033 600 2095 635 vel
2124 599 2354 636 ordinariam
2382 600 2527 637 iurisdi-

336 648 455 697 officii
485 647 653 696 potentia
689 648 876 697 indignos.
914 649 989 685 Sed
1024 649 1177 686 omnino
1215 650 1405 686 labuntur.
1462 650 1650 687 ctionem:
1680 651 1878 688 autetiam
1908 652 1937 688 si
1967 652 2020 688 eis
2041 653 2326 690 committantur
2355 665 2399 689 ea
2428 666 2526 700 quae

337 701 455 748 Quod
484 700 662 747 ostendit,
692 701 818 748 primo
847 702 1013 750 quidem,
1045 702 1133 751 quia
1162 715 1240 739 non
1261 711 1408 740 contra-

337 754 452 791 riatur
480 754 651 802 regulae:
681 755 809 791 subdit
838 755 962 792 enim:
991 755 1127 804 Neque
1154 756 1254 792 enim
1280 757 1409 793 beatus
1434 755 1436 768 '

335 807 571 853 Benedictus,
592 809 868 845 monachorum
882 815 1109 857 praeceptor
1122 809 1320 858 almificus,
1340 811 1407 847 hu-

336 860 542 897 iuscemodi
559 861 616 897 rei
629 861 756 910 aliquo
775 863 887 899 modo
895 862 979 911 suit
995 863 1220 900 interdictor.
1243 864 1292 899 Et
1310 863 1410 899 simi-

336 913 418 950 liter
437 906 561 951 nec'in
581 914 660 951 aliis
682 915 818 963 regulis
837 915 913 952 hoc
927 916 1161 964 prohibetur.
1183 938 1206 944 -
1228 917 1408 953 Secundo

335 967 530 1016 improbat
558 967 796 1016 praedictum
827 980 996 1005 errorem
1027 981 1072 1006 ex
1091 969 1296 1006 idoneitate
1326 982 1409 1006 mo-

337 1021 570 1066 nachorum,
601 1033 690 1058 cum
718 1021 757 1058 in
786 1021 863 1059 fine
893 1022 1045 1070 capituli
1073 1023 1221 1060 subdit:
1261 1023 1409 1064 Quanto

336 1075 493 1123 quisque
520 1081 573 1111 est
599 1074 860 1121 excellentior,
889 1080 991 1112 tanto
1021 1081 1056 1112 et
1082 1076 1120 1113 in
1150 1076 1240 1122 illis,
1271 1076 1412 1112 scilicet
1437 1104 1439 1113 .

336 1127 593 1176 spiritualibus
622 1128 817 1177 operibus,
840 1128 1043 1176 potentior.

390 1181 476 1218 Alio
496 1181 616 1219 modo
637 1181 773 1218 dicitur
795 1181 938 1230 aliquid
958 1193 1037 1218 non
1056 1181 1168 1218 licere
1189 1181 1311 1228 alicui,
1333 1194 1411 1219 non

337 1242 494 1284 propter
514 1235 747 1272 contrarium
767 1234 873 1282 quod
892 1234 1044 1280 habeat⁷
1065 1235 1133 1271 sed
1162 1242 1318 1282 propter
1337 1236 1412 1271 hoc

322 1287 506 1337 ,quodei
536 1287 664 1325 deficit
692 1288 794 1325 unde
822 1287 916 1325 illud
944 1286 1087 1337 possit:
1121 1286 1217 1324 sicut
1247 1287 1411 1324 diacono

337 1353 417 1378 non
445 1340 532 1378 licet
560 1341 718 1379 missam
744 1341 950 1387 celebrare,
981 1340 1072 1389 quia
1100 1352 1180 1377 non
1207 1341 1325 1377 habet
1353 1353 1413 1378 or-

338 1394 469 1432 dinem
490 1395 789 1441 sacerdotalem3
820 1402 857 1431 et
880 1395 1104 1443 presbytero
1125 1405 1204 1430 non
1224 1393 1310 1430 licet
1329 1406 1413 1430 sen-

337 1447 494 1484 tentiam
527 1448 647 1495 ferre,
678 1447 767 1497 quia
795 1460 874 1485 non
904 1447 1021 1484 habet
1055 1446 1317 1496 episcopalem
1347 1459 1414 1484 au-

338 1500 565 1538 ctoritatem.
603 1502 647 1538 In
674 1500 815 1551 quibus
843 1508 975 1538 tamen
1005 1508 1060 1537 est
1089 1500 1412 1548 distinguendum.

338 1554 441 1602 Quia
469 1566 515 1591 ea
537 1566 638 1603 quae
659 1561 746 1591 sunt
766 1553 923 1600 ordinis,
945 1553 1133 1591 committi
1153 1566 1231 1590 non
1251 1561 1416 1602 possunt

338 1607 410 1645 nisi
438 1607 473 1644 ei
501 1607 567 1656 qui
596 1606 774 1644 ordinem
802 1607 920 1644 habet
937 1605 977 1644 *ε
1007 1606 1104 1644 sicut
1137 1607 1301 1644 diacono
1335 1619 1416 1644 non

337 1667 464 1711 potest
492 1660 681 1698 committi
709 1660 817 1709 quod
846 1660 1012 1698 celebret
1039 1661 1218 1707 missam,
1248 1660 1320 1698 nisi
1348 1661 1416 1698 fiat

337 1714 532 1752 sacerdos.
561 1715 620 1752 Ea
646 1726 742 1752 vero
772 1727 872 1764 quae
892 1722 980 1751 sunt
998 1714 1278 1761 iurisdictionis,
1309 1727 1414 1751 corn-

337 1767 434 1807 mitti
461 1775 625 1817 possunt
653 1768 706 1805 eis
735 1767 800 1817 qui
829 1780 908 1806 non
937 1768 1080 1805 habent
1105 1768 1339 1805 ordinariam
1358 1768 1414 1804 iu-

338 1820 619 1861 risdictionem:
641 1821 738 1859 sicut
755 1821 917 1870 prolatio
938 1821 1146 1859 sententiae
1168 1821 1416 1859 committitur

338 1875 388 1915 ab
423 1874 607 1924 episcopo
644 1875 807 1925 simplici
844 1875 1046 1913 sacerdoti.

392 1988 420 2022 γ)
433 1988 510 2022 sulti.
523 2002 542 2007 —
558 1988 636 2013 stulti
653 1988 828 2021 BEFHlpCK,
838 1988 911 2022 fulsi
929 1989 989 2019 AL;
1009 1996 1057 2022 pro
1071 1988 1204 2020 potentia,
1214 1991 1350 2021 potestate
1368 1988 1415 2014 Pa.

2451 309 2523 356 507

1514 384 1562 420 Et
1590 384 1664 420 hoc
1694 384 1813 421 modo
1848 384 1983 421 dicitur
2011 397 2088 422 non
2117 385 2229 421 licere
2262 386 2460 423 monachis
2489 395 2526 425 et

1460 436 1538 473 aliis
1558 437 1739 485 religiosis
1767 437 2003 486 praedicare,
2039 439 2199 485 docere,
2235 446 2270 475 et
2298 439 2370 476 alia
2397 440 2526 477 huius-

1460 490 1567 527 modi
1596 491 1741 527 facere:
1781 491 1870 540 quia
1900 499 2017 528 status
2055 492 2245 540 religionis
2273 504 2352 529 non
2381 493 2444 530 dat
2474 494 2526 531 eis

1460 551 1688 592 potestatem
1709 545 1804 581 haec
1832 545 2005 582 faciendi.
2036 546 2201 582 Possunt
2220 556 2350 582 tamen
2377 546 2446 583 ista
2475 548 2526 583 fa-

1462 711 1550 740 sunt
1582 704 1856 746 iurisdictionis.

1515 759 1574 794 AD
1603 769 1741 794 PRIMUM
1770 769 1868 795 ERGO
1897 770 2083 796 DICENDUM
2111 759 2216 807 quod
2246 771 2292 796 ex
2310 759 2438 797 verbis
2457 759 2527 797 illis

1462 810 1624 847 habetur
1652 811 1757 859 quod
1787 811 1988 859 monachi,
2020 824 2064 848 ex
2093 812 2168 848 hoc
2195 813 2302 860 quod
2330 820 2417 850 sunt
2443 825 2527 850 mo-

1462 863 1586 910 nachi,
1608 876 1684 900 non
1706 864 1975 902 nanciscuntur
1994 873 2219 913 potestatem
2239 866 2327 903 talia
2346 866 2526 904 faciendi:

1462 929 1541 954 non
1569 924 1698 954 autern
1737 918 1841 966 quod
1879 930 1923 954 ex
1960 918 2035 954 hoc
2069 919 2174 967 quod
2212 927 2299 956 sunt
2327 920 2525 967 monachi,

1461 970 1630 1007 habeant
1676 970 1817 1019 aliquid
1861 971 2093 1008 contrarium
2137 973 2350 1009 executioni
2395 973 2527 1010 talium

1465 1031 1632 1060 actuum.

1518 1079 1577 1114 AD
1606 1088 1797 1114 SECUNDUM
1826 1089 2010 1114 DICENDUM
2048 1078 2152 1127 quod
2190 1078 2280 1116 illud
2314 1079 2427 1116 etiam
2458 1087 2530 1116 sta-

1465 1137 1588 1167 tutum
1618 1129 1780 1166 Nicaeni
1804 1130 1963 1167 Concilii
1993 1131 2176 1180 praecipit
2193 1139 2234 1168 ut
2253 1132 2432 1169 monachi
2452 1145 2529 1169 non

1465 1190 1650 1231 usurpent
1678 1183 1760 1228 sibi,
1791 1195 1836 1219 ex
1863 1184 1938 1220 hoc
1967 1185 2071 1232 quod
2091 1193 2179 1222 sunt
2202 1185 2393 1232 monachi,
2422 1194 2529 1234 pote-

1466 1243 1602 1273 statem
1621 1234 1634 1258 δ
1662 1236 1883 1273 huiusmodi
1914 1244 2020 1274 actus
2049 1238 2260 1276 exercendi.
2290 1239 2382 1275 Non
2401 1247 2529 1276 autem

1466 1289 1643 1337 prohibet
1671 1289 1763 1338 quin
1790 1289 1860 1326 ista
1887 1291 2034 1338 possint
2063 1291 2116 1327 eis
2145 1292 2343 1328 committi.

1521 1344 1579 1378 An
1607 1354 1768 1379 TERTIUM
1802 1355 1986 1380 morannum
2024 1344 2128 1393 quod
2164 1344 2234 1381 ista
2267 1345 2344 1382 duo
2379 1357 2418 1382 se
2453 1357 2531 1382 non

1467 1395 1762 1443 compatiuntur,
1793 1397 1898 1444 quod
1918 1396 2050 1445 aliquis
2070 1397 2300 1435 ordinariam
2322 1411 2450 1435 curam
2473 1411 2532 1435 ec-

1469 1447 1766 1485 clesiasticorum
1795 1449 2012 1486 officiorum
2040 1450 2190 1498 habeat,
2220 1459 2256 1487 et
2280 1452 2531 1489 monasticam

1468 1501 1639 1549 regulam
1673 1501 1711 1538 in
1745 1502 1979 1539 monasterio
2012 1511 2149 1540 servet.
2192 1504 2266 1540 Per
2292 1505 2368 1541 hoc
2403 1513 2532 1541 tamen

1468 1567 1548 1591 non
1576 1554 1786 1592 excluditur
1807 1555 1899 1604 quin
1919 1556 2098 1593 monachi
2118 1565 2155 1593 et
2173 1557 2236 1594 alii
2256 1557 2417 1605 religiosi
2446 1570 2534 1606 pos—

1467 1607 1541 1645 sint
1570 1608 1761 1646 interdum
1791 1609 1890 1646 circa
1919 1609 2171 1646 ecclesiastica
2199 1610 2327 1647 officia
2356 1611 2535 1660 occupari

1469 1673 1515 1698 ex
1544 1662 1815 1699 commissione
1842 1663 2101 1711 praelatorum
2130 1664 2195 1712 qui
2217 1663 2449 1701 ordinariam
2472 1677 2535 1701 cu—

1468 1727 1550 1751 ram
1579 1715 1743 1752 habent:
1774 1723 1809 1752 et
1832 1716 2036 1765 praecipue
2065 1716 2114 1754 illi
2144 1730 2307 1766 quorum
2335 1717 2534 1767 religiones

1469 1768 1517 1806 ad
1545 1769 1621 1806 hoc
1649 1776 1735 1806 sunt
1763 1769 1974 1818 specialiter
2001 1770 2212 1818 institutae,
2241 1779 2283 1808 ut
2311 1771 2407 1808 infra
2426 1771 2446 1793 ²¹⁶
2481 1771 2534 1809 di-

1469 1829 1585 1859 cetur.

1522 1987 1548 2021 ὃ)
1562 1992 1764 2021 potestatem-
1783 1989 1844 2016 Om.
1863 1997 1881 2015 a
1900 1995 1925 2015 et
1944 1990 2046 2015 codices
2066 1997 2120 2016 exc.
2138 1990 2182 2016 sC.

1026 2066 1361 2099 Commentana
1383 2066 1634 2099 cardinalis
1655 2068 1857 2101 Caietam

343 2157 391 2220 IN
423 2145 558 2178 articulo
589 2146 695 2186 primo
730 2146 927 2187 quaestionis
958 2146 1413 2187 centesimaeoctogesimaese-
1437 2144 1440 2171 Ι
1467 2155 1634 2188 peccatum
1658 2148 1792 2179 mortale
1809 2158 1876 2180 esse
1892 2149 2070 2189 praedicare
2086 2149 2118 2180 in
2135 2149 2262 2181 mortali
2278 2156 2418 2191 peccato.
2444 2150 2534 2187 Quo-

371 2190 501 2232 ptimae,
527 2190 664 2221 dubium
694 2190 846 2222 occurrit:
871 2193 923 2221 An
951 2190 1164 2232 praedicando
1188 2191 1260 2233 quis
1284 2191 1316 2221 in
1342 2202 1413 2232 pec-

341 2242 413 2267 cato
443 2235 581 2271 mortali,
606 2241 716 2276 peccet
746 2235 929 2266 mortaliter.
961 2236 1002 2267 Et
1032 2242 1079 2266 est
1108 2235 1188 2266 ratio
1219 2235 1307 2266 dubii
1338 2236 1414 2277 quia

341 2290 378 2312 ex
401 2280 460 2311 hac
482 2279 586 2310 littera
615 2286 747 2320 apparet
770 2280 859 2321 quod
889 2286 999 2320 peccat
1029 2280 1214 2311 mortaliter.
1248 2280 1414 2318 Quoniam

340 2334 485 2365 expresse
509 2324 623 2355 dicitur
646 2324 736 2365 quod
759 2331 927 2365 peccatum
949 2325 1053 2356 reddit
1079 2325 1228 2356 illicitum
1255 2325 1414 2365 praedica-

339 2369 438 2401 tionis
454 2375 572 2400 actum.
585 2368 722 2400 Constat
736 2376 844 2400 autem
861 2369 952 2410 quod
967 2379 1033 2400 non
1046 2377 1092 2401 est
1105 2380 1211 2400 sermo
1228 2370 1267 2400 de
1283 2377 1414 2410 peccato

340 2413 472 2446 veniali:
498 2413 655 2454 quoniam
678 2414 892 2455 praedicando
908 2414 942 2445 in
957 2414 1074 2445 veniali
1096 2424 1163 2445 non
1186 2422 1311 2455 peccat3
1337 2414 1414 2445 alio-

340 2458 435 2501 quin,
467 2468 581 2489 omnes
610 2457 676 2488 fere
705 2459 917 2499 praedicando
950 2468 1076 2499 semper
1108 2466 1285 2500 peccarent.
1317 2459 1416 2500 Igitur
1440 2477 1441 2480 =

341 2513 448 2535 sermo
471 2509 519 2533 est
542 2503 580 2533 de
604 2503 742 2534 mortali.

396 2547 570 2583 Praeterea,
594 2546 675 2577 ratio
699 2547 879 2588 Scripturae
902 2547 1068 2588 allegatae,
1093 2558 1169 2578 cum
1192 2547 1316 2584 dicitur,
1339 2548 1415 2578 Pec-

341 2593 446 2624 catori
467 2596 576 2622 autem
594 2591 678 2622 dixit
700 2592 802 2629 Deus,
820 2598 889 2628 etc„
912 2598 959 2622 est
980 2591 1057 2623 ista:
1081 2592 1287 2623 Existimasti
1309 2594 1416 2633 inique

340 2636 428 2678 quod
449 2645 506 2666 ero
529 2636 578 2666 tui
591 2636 718 2674 similis,
743 2642 780 2667 ut
803 2642 890 2676 patet
907 2636 1043 2667 intuenti
1059 2643 1243 2667 contextum
1259 2637 1376 2667 Psalmi
1387 2637 1413 2668 *.

341 2681 404 2712 Sed
427 2679 504 2711 haec
528 2679 718 2710 existimatio
742 2688 789 2712 est
812 2687 980 2720 peccatum
1003 2681 1147 2711 mortale.
1172 2681 1269 2721 Ergo.

398 2725 434 2755 In
451 2723 642 2765 oppositum
661 2731 769 2755 autem
793 2731 839 2755 est
861 2724 947 2766 quia,
964 2724 1050 2756 iuxta
1066 2725 1215 2756 Auctoris
1236 2725 1414 2756 doctrinam

341 2769 473 2801 inferius
497 2769 530 2799 in
553 2768 662 2799 Tertia
685 2769 777 2800 Parte
792 2769 826 2805 *,
850 2769 910 2799 soli
935 2775 1024 2800 actus
1047 2770 1087 2800 ad
1111 2780 1194 2810 quos
1218 2769 1319 2800 homo
1343 2780 1414 2800 san-

343 2813 498 2846 ctificatur
520 2813 728 2850 exercendos,
761 2820 836 2844 sunt
858 2813 1009 2854 prohibiti
1037 2821 1074 2845 ut
1097 2824 1163 2844 non
1187 2813 1264 2845 fiant
1286 2815 1319 2844 in
1343 2824 1414 2855 pec-

342 2865 414 2890 cato
438 2857 576 2888 mortali.
601 2858 651 2888 Ad
675 2857 944 2898 praedicationem
964 2865 1072 2889 autem
1097 2859 1196 2889 homo
1217 2868 1283 2889 non
1303 2859 1415 2890 sancti·
1439 2861 1442 2870 ⁶

340 2902 454 2934 ficatur
483 2912 539 2942 per
562 2902 703 2943 aliquem
726 2903 872 2933 ordinem
896 2910 951 2933 aut
978 2903 1136 2934 Ecclesiae
1161 2910 1413 2934 sacramentum:

343 2954 388 2979 ut.
402 2954 488 2988 patet
511 2956 548 2977 ex
572 2956 611 2977 eo
635 2947 725 2987 quod
747 2947 781 2977 in
797 2947 893 2978 veteri
907 2948 1116 2978 Testamento
1140 2947 1269 2978 cuilibet
1291 2947 1414 2978 licitum

343 2998 409 3023 erat
431 2990 621 3033 praedicare.

399 3036 439 3068 11.
461 3036 514 3067 Ad
537 3035 599 3066 hoc
623 3035 738 3067 dicitur
760 3036 859 3077 quod,
883 3035 956 3067 licet
980 3035 1159 3078 praedicare
1183 3036 1359 3067 secundum
1381 3046 1414 3067 se

343 3090 411 3111 non
435 3080 475 3111 sit
493 3086 582 3111 actus
601 3080 734 3111 alicuius
752 3080 882 3118 ordinis,
900 3080 975 3121 quia
992 3087 1098 3111 tamen
1116 3080 1323 3111 ecclesiastica
1345 3080 1414 3121 lege

344 3167 522 3209 per-loribus
544 3167 617 3200 licet
639 3169 834 3210 praedicare;
865 3169 938 3200 ideo
968 3169 1210 3210 praedicationis
1233 3176 1321 3200 actus
1350 3169 1414 3200 iam

345 3219 393 3243 est
415 3219 544 3244 sanctus
574 3213 742 3255 utrinque,
772 3214 889 3245 scilicet
919 3221 950 3245 et
978 3214 1156 3244 secundum
1179 3224 1227 3250 se,
1250 3221 1285 3245 ut
1309 3220 1412 3254 patet;

344 3263 376 3287 et
406 3257 585 3288 secundum
616 3257 898 3290 sanctificationem
930 3258 1065 3289 ministri
1098 3258 1138 3288 ad
1173 3258 1259 3289 hunc
1288 3265 1412 3295 actum,

345 3301 492 3343 quamvis
515 3311 581 3333 non
606 3301 712 3342 primo
742 3304 797 3334 sed
828 3303 1027 3334 secundario.
1063 3303 1104 3333 Et
1130 3309 1309 3343 propterea,
1333 3302 1415 3334 sicut

345 3345 499 3386 sacrilegii
522 3346 641 3376 crimen
664 3346 795 3378 incurrit
818 3357 964 3378 exercens
980 3355 1067 3378 actus
1084 3357 1246 3378 sacrorum
1262 3347 1413 3377 ordinum
1439 3350 1440 3369 ³

345 3390 378 3420 in
408 3396 538 3430 peccato
569 3389 714 3427 mortali,
738 3391 781 3422 ita
804 3392 973 3432 sacrilegus
1000 3398 1047 3422 est
1078 3401 1222 3422 exercens
1255 3391 1413 3432 praedica·
1438 3410 1440 3432 i

345 3434 443 3465 tionis
471 3441 579 3465 actum
602 3434 635 3464 in
659 3442 789 3474 peccato
813 3437 950 3468 mortali.
979 3436 1078 3474 Quod
1100 3436 1132 3466 in
1157 3435 1330 3474 Quolibeto
1354 3446 1413 3466 no-
1438 3441 1440 3456 ἴ

346 3486 411 3510 stro
430 3478 538 3510 Primo
553 3479 571 3498 *
594 3478 653 3509 sub
677 3478 774 3510 dubia
797 3479 950 3520 opinione
973 3481 1141 3512 dimissum
1163 3488 1218 3518 est,
1243 3480 1318 3521 quia
1338 3490 1413 3511 con·
1439 3482 1440 3492 ³

347 3523 501 3554 sideratus
524 3522 584 3554 fuit
611 3529 699 3554 actus
722 3523 924 3564 praedicandi
946 3526 1125 3557 secundum
1152 3523 1243 3556 suam
1266 3531 1412 3556 naturam
1439 3532 1441 3535 ·

347 3574 482 3599 tantum.

404 3611 550 3643 Obiectio
581 3618 688 3643 tamen
711 3611 744 3642 in
768 3612 957 3653 oppositum
980 3623 1017 3644 ex
1039 3613 1142 3646 littera
1166 3624 1231 3645 non
1256 3613 1415 3645 convincit

1468 2192 1564 2229 niam,
1589 2203 1741 2223 concesso
1765 2193 1853 2234 quod
1878 2193 1979 2224 littera
2001 2193 2152 2235 loquatur
2176 2194 2214 2224 de
2238 2194 2364 2225 mortali
2388 2194 2420 2224 in
2436 2195 2534 2224 verbo

1462 2242 1649 2277 peccatum,
1675 2248 1741 2268 non
1765 2246 1870 2269 tamen
1895 2238 2037 2279 sequitur
2060 2239 2149 2279 quod
2172 2239 2323 2279 loquatur
2346 2239 2384 2269 de
2408 2239 2534 2269 mortali

1468 2281 1501 2311 in
1523 2282 1621 2312 verbo
1645 2282 1810 2320 illicitum,
1843 2282 1922 2312 dum
1945 2282 2020 2313 dicit
2042 2283 2131 2324 quod
2154 2290 2320 2323 peccatum
2351 2283 2452 2313 reddit
2475 2283 2535 2313 illi-

1468 2326 1568 2357 citum
1592 2326 1835 2366 praedicationis
1858 2333 1975 2358 actum.
1998 2327 2092 2363 Nam,
2110 2328 2288 2358 secundum
2308 2337 2341 2358 se
2359 2327 2534 2368 loquendo,

1469 2381 1506 2401 ex
1529 2371 1657 2401 mortali
1684 2371 1824 2402 redditur
1851 2371 2093 2411 praedicationis
2119 2378 2207 2403 actus
2230 2372 2367 2408 illicitus,
2392 2373 2446 2402 sed
2470 2382 2535 2402 non

1469 2415 1654 2446 mortaliter.
1672 2415 1801 2446 illicitus
1817 2416 1964 2456 quidem:
1982 2416 2057 2457 quia
2070 2423 2274 2447 monstruosa
2287 2424 2333 2448 est
2345 2416 2535 2456 praedicatio

1468 2460 1654 2500 peccatoris,
1672 2460 1750 2490 dum
1767 2460 1830 2491 vita
1846 2468 2002 2501 repugnat
2016 2461 2251 2501 praedicationi.
2271 2461 2346 2491 Non
2362 2460 2536 2492 mortaliter

1469 2511 1594 2535 autem:
1619 2504 1696 2545 quia
1718 2505 1951 2545 interpretative
1974 2512 2098 2536 tantum
2114 2505 2208 2536 infert
2222 2505 2256 2535 in
2272 2505 2358 2535 malo
2377 2505 2542 2545 praedica<

1468 2555 1538 2579 tore
1564 2549 1818 2580 aestimationem
1843 2550 1932 2590 quod
1955 2549 2042 2580 Deus
2065 2550 2105 2580 sit
2127 2550 2184 2580 sibi
2202 2549 2323 2586 similis,
2349 2549 2465 2580 scilicet
2488 2549 2534 2579 di-

1469 2603 1542 2624 cens
1573 2600 1604 2624 et
1634 2603 1699 2623 non
1730 2593 1862 2629 faciens;
1893 2593 2015 2624 ratione
2045 2594 2135 2624 cuius
2165 2593 2403 2634 reprehenditur
2425 2603 2442 2623 a
2465 2593 2535 2623 Deo

1468 2638 1572 2668 malus
1604 2638 1800 2678 praedicator
1826 2637 1859 2668 in
1889 2638 1981 2670 allata
2005 2638 2189 2669 auctoritate
2213 2638 2340 2668 Psalmi.
2374 2637 2534 2667 Praedica-

1468 2688 1553 2712 tores
1577 2682 1672 2719 enim,
1698 2692 1771 2713 cum
1795 2682 1858 2712 sint
1877 2682 1963 2712 missi
1980 2692 1997 2712 a
2016 2682 2096 2719 Deo,
2116 2682 2203 2713 iuxta
2220 2682 2300 2712 illud
2314 2681 2341 2718 *,
2369 2681 2534 2719 Quomodo

1464 2727 1702 2767 praedicabunt
1731 2727 1794 2757 nisi
1822 2727 1993 2757 mittantur
1999 2734 2012 2764 ;
2044 2727 2069 2757 si
2099 2727 2309 2767 praedicando
2333 2726 2437 2756 divina
2461 2733 2535 2757 sunt

1468 2771 1554 2808 mali,
1579 2781 1654 2811 prae
1677 2781 1710 2801 se
1733 2770 1838 2801 ferunt
1860 2771 1949 2811 quod
1973 2770 2128 2808 Christus,
2153 2771 2208 2812 qui
2227 2770 2322 2801 mittit
2341 2770 2423 2806 illos,
2440 2770 2535 2801 fuerit

1468 2815 1530 2846 illis
1554 2815 1674 2851 similis,
1699 2815 1816 2845 scilicet
1838 2822 1920 2846 recta
1945 2815 2062 2846 docens
2086 2823 2116 2846 et
2140 2826 2204 2846 non
2222 2822 2303 2846 recte
2318 2815 2435 2850 vivens
2453 2815 2535 2845 sicut

1468 2867 1543 2891 sunt
1566 2859 1636 2900 ipsi,
1661 2859 1717 2900 qui
1741 2866 1816 2890 sunt
1838 2859 1923 2890 illius
1948 2860 2061 2891 nuntii.

1525 2904 1577 2934 III.
1602 2904 1637 2934 In
1660 2903 1868 2944 responsione
1891 2904 1931 2934 ad
1954 2904 2082 2935 tertium
2111 2904 2252 2934 eiusdem
2276 2902 2397 2934 articuli
2421 2902 2532 2943 primi,

1468 2949 1594 2979 adverte
1617 2949 1707 2989 quod
1730 2950 1852 2979 Auctor
1874 2948 2041 2988 dupliciter
2063 2955 2173 2980 tractat
2196 2949 2234 2978 de
2254 2958 2327 2978 cura
2350 2947 2533 2977 ecclesiasti-

1469 3003 1581 3024 corum
1605 2992 1799 3023 officiorum:
1824 2992 1940 3023 scilicet
1963 3000 1998 3023 ut
2013 2993 2179 3029 ordinaria,
2194 2993 2245 3023 vel
2260 2999 2296 3023 ut
2319 2992 2468 3031 delegata.
2493 2992 2534 3022 Et

1468 3038 1506 3068 de
1531 3037 1688 3067 ordinaria
1711 3037 1844 3078 quidem
1860 3037 2006 3067 concedit
2024 3038 2113 3078 quod
2133 3047 2198 3067 non
2217 3036 2408 3077 compatitur
2424 3045 2530 3066 secum

1439 3103 1441 3110 ι
1468 3081 1677 3112 monasticam
1695 3081 1937 3118 observantiam,
1952 3088 1982 3112 et
1997 3084 2176 3122 pertransit:
2193 3081 2267 3122 quia
2283 3082 2347 3111 iam
2360 3080 2504 3119 superius
2516 3080 2533 3099 *

343 3123 446 3155 factus
469 3131 516 3156 est
539 3131 627 3156 actus
651 3124 771 3155 ordinis
795 3125 882 3160 sacri.
908 3135 982 3155 nam
1007 3125 1082 3155 solis
1106 3125 1293 3155 diaconibus
1313 3132 1343 3156 et
1362 3135 1414 3155 su·
1439 3138 1441 3154 r

1468 3126 1662 3157 declaratum
1686 3133 1732 3156 est
1755 3126 1843 3166 quod
1868 3126 2077 3157 absolvuntur
2095 3136 2112 3156 a
2129 3126 2310 3156 monasticis
2327 3124 2532 3156 observantiis

1467 3170 1715 3211 impedientibus
1738 3169 1918 3200 animarum
1941 3180 2050 3200 curam
2074 3170 2275 3206 ordinariam,
2299 3179 2373 3200 cum
2389 3168 2428 3198 ad
2444 3168 2532 3199 illam

1468 3221 1684 3245 assumuntur.
1709 3231 1730 3237 -
1753 3214 1801 3244 De
1825 3214 1966 3254 delegata
1986 3224 2062 3245 vero
2086 3213 2163 3245 nihil
2179 3214 2264 3245 aliud
2279 3213 2354 3245 dicit
2369 3212 2427 3243 nisi
2443 3214 2533 3253 quod

1467 3269 1533 3289 non
1557 3265 1723 3299 propterea
1747 3258 1889 3299 sequitur
1916 3259 2005 3299 quod
2028 3258 2181 3298 religiosis
2209 3268 2275 3288 non
2297 3256 2421 3298 possint
2444 3267 2531 3288 com-

1467 3303 1550 3334 mitti
1573 3303 1732 3333 interdum
1756 3302 1962 3333 ecclesiastica
1985 3301 2098 3333 officia.
2122 3303 2163 3333 Et
2184 3302 2319 3334 intendit
2337 3301 2425 3343 quod
2449 3302 2532 3333 dele-

1467 3353 1538 3387 gata
1561 3346 1721 3377 interdum
1745 3356 1819 3377 cura
1842 3346 1976 3377 alicuius
2001 3346 2112 3383 officii,
2144 3353 2222 3387 puta
2251 3345 2451 3387 praedicandi
2482 3347 2532 3378 vel

1468 3391 1683 3422 confessiones
1713 3390 1880 3427 audiendi,
1911 3397 1972 3422 stat
1998 3401 2073 3422 cum
2100 3390 2235 3431 regulari
2264 3389 2477 3427 observantia;
2502 3399 2533 3422 et

1467 3443 1634 3477 propterea
1658 3434 1800 3475 Gregorii
1824 3435 1992 3466 auctoritas
2015 3445 2081 3466 non
2106 3442 2151 3466 est
2175 3443 2284 3467 contra
2307 3436 2379 3467 hoc.

1522 3480 1564 3510 Et
1586 3486 1620 3510 tu
1637 3479 1717 3509 adde
1733 3479 1832 3520 quod,
1854 3478 1879 3509 si
1901 3479 1995 3510 etiam
2019 3480 2126 3520 quoad
2150 3479 2269 3521 aliquid
2293 3480 2461 3521 impediret
2484 3491 2529 3511 re-

1467 3524 1610 3564 gularem
1634 3523 1875 3560 observantiam,
1900 3533 1966 3554 non
1989 3524 2135 3555 obstaret.
2167 3524 2253 3562 Quia
2277 3532 2406 3565 propter
2429 3525 2530 3556 maius

1467 3570 1601 3605 bonum,
1619 3568 1791 3608 dispensari
1807 3574 1912 3608 potest
1928 3568 2097 3608 superioris
2114 3568 2298 3600 auctoritate
2315 3577 2350 3600 ut
2369 3570 2530 3601 omittatur

1440 3641 1442 3653 ‚
1468 3613 1629 3644 interdum
1652 3612 1772 3653 aliquid
1795 3612 2067 3644 observantiarum
2089 3613 2290 3653 regularium.

2562 1774 2572 1784 ⁸
2588 1773 2634 1800 Qu.
2646 1778 2768 1800 ωνιιι

2561 1803 2602 1822 art.
2616 1807 2639 1827 4.

2562 2688 2572 2698 ·
2584 2687 2622 2708 Aa
2641 2687 2705 2708 Rom.
2722 2693 2768 2714 cap.

2561 2720 2583 2740 x,
2599 2719 2658 2736 vera.
2673 2720 2700 2742 ¹5-

2561 3087 2570 3096 ⁸
2593 3086 2641 3113 Qu.
2670 3091 2768 3112 mxxv,

2559 3116 2601 3134 art.
2616 3113 2637 3135 8.
