2612 4178
832 377 1848 492 PRAEFATIO

382 1172 394 1174 -
430 1145 489 1183 :110
505 1123 742 1179 ‘NTEQUAM
776 1126 982 1168 elenchos
1005 1124 1267 1166 variantium
1296 1124 1535 1165 lectionum
1559 1123 1762 1165 codicum
1786 1123 2094 1165 Atrebatensis
2118 1123 2459 1166 vindocinensis

357 1219 360 1226 ι
435 1182 488 1246 ''gss'j'
521 1189 816 1246 Amploniani.
854 1188 895 1230 in
929 1187 1203 1230 praefatione
1237 1186 1475 1242 superioris
1510 1186 1762 1228 voluminis
1797 1187 2042 1242 incoeptos.
2068 1187 2380 1242 prosequimur
2419 1194 2462 1239 et

452 1290 488 1304 .
521 1253 813 1301 absolvimus,
849 1251 992 1307 primo
1031 1250 1085 1292 de
1125 1250 1338 1292 Urbinate
1380 1256 1531 1291 nostro
1567 1250 1609 1290 G
1642 1249 1806 1305 aliquid
1847 1250 2091 1291 notandum
2132 1257 2221 1299 est;
2264 1243 2460 1291 secundo

521 1317 577 1359 ad
611 1329 784 1358 summa
816 1314 958 1370 capita
991 1313 1251 1355 reducemus
1285 1312 1527 1355 editionum
1553 1327 1578 1354 a
1601 1312 1828 1354 codicibus
1861 1313 2116 1354 varietatem
2150 1313 2192 1354 in
2227 1313 2344 1354 notis
2373 1327 2461 1354 non

523 1379 808 1434 exscriptam
841 1377 969 1419 tertio
1004 1376 1112 1432 quid
1147 1376 1276 1417 nobis
1301 1375 1355 1417 de
1379 1375 1701 1418 necessitudine
1736 1375 1938 1418 codicum
1963 1376 2194 1418 Secundae
2230 1376 2462 1418 Secundae

223 1458 350 1495 nunc,
373 1450 478 1501 post
510 1448 679 1498 septem
714 1454 855 1483 annos
884 1441 940 1482 ab
966 1440 1071 1481 inita
1104 1439 1350 1497 collatione,
1375 1438 1587 1487 videatur,
1611 1439 1749 1480 fusius
1774 1440 2065 1495 explicamus;
2100 1439 2254 1481 ultimo
2288 1439 2462 1496 agimus

224 1507 280 1552 de
319 1506 597 1564 singulorum
633 1504 948 1546 vaticanorum
983 1502 1193 1545 varietate
1229 1502 1270 1544 in
1305 1502 1422 1544 notis
1454 1515 1705 1558 suppressa.

644 1629 686 1650 na
710 1627 826 1649 comcs
851 1617 890 1649 G.

277 1714 307 1743 A
335 1709 495 1752 principio
523 1696 611 1740 Libr’i
642 1717 747 1748 usque
776 1707 818 1737 ad
849 1706 914 1744 Qu.
943 1716 1026 1736 mu
1057 1713 1114 1736 art.
1139 1715 1150 1736 1
1180 1705 1318 1747 scriptor
1344 1729 1345 1732 η

224 1755 387 1789 Urbiuatis
417 1765 455 1786 ex
486 1754 569 1786 libro
599 1752 840 1794 manuscript0‚
869 1751 1021 1792 deinceps
1049 1761 1087 1782 ex
1118 1750 1201 1782 libro
1233 1749 1318 1792 typis
1344 1746 1346 1759 '

222 1808 350 1834 exarato
367 1799 588 1841 transumpsit.
608 1798 768 1837 Quamvis
787 1796 924 1838 scriptor
942 1795 1011 1838 ipse
1036 1796 1075 1827 de
1090 1796 1153 1827 hoc
1173 1806 1234 1827 nos
1250 1805 1316 1827 non

222 1847 372 1879 certiores
404 1845 496 1880 facit.
521 1852 552 1876 et
576 1843 727 1886 quamvis
756 1850 860 1874 textus
884 1853 902 1872 a
926 1841 1012 1873 dicto
1044 1841 1118 1872 loco
1142 1841 1217 1872 inde
1241 1851 1317 1872 cum

223 1892 313 1925 nulla
343 1891 484 1923 editione
516 1889 654 1931 perfecte
684 1889 834 1930 quadrat,
866 1895 973 1918 tamen
1004 1896 1071 1917 non
1102 1893 1150 1917 est
1179 1886 1316 1917 dubium

222 1938 302 1980 quin
326 1936 472 1977 scriptor,
486 1935 597 1967 codice
621 1934 748 1970 reiecto,
766 1932 875 1974 aliqua
892 1931 989 1963 veteri
1013 1931 1155 1963 editione
1171 1941 1250 1962 usus
1266 1931 1316 1968 sit,

1427 1617 1493 1655 Qu.
1519 1617 1634 1649 CXLII
1660 1625 1717 1648 art.
1739 1628 1760 1648 ιι
1792 1628 1816 1649 ι.
1843 1627 1907 1658 arg.
1937 1631 1951 1646 ‹
1971 1617 2039 1648 Nisi
2065 1617 2210 1648 conversi
2234 1618 2357 1649 fueritis
2379 1621 2464 1651 sicut

1373 1662 1498 1704 parvuli
1517 1675 1531 1691 2
1559 1663 1619 1701 ab;
1643 1668 1674 1694 et
1698 1663 1765 1705 effi.
1782 1664 1866 1694 sicut
1890 1662 1930 1699 G,
1949 1669 1979 1694 et
2002 1662 2196 1704 efficiamini
2218 1665 2303 1695 sicut
2319 1663 2393 1695 Pcd.
2412 1663 2461 1708 (In

1373 1715 1450 1740 nota
1475 1717 1499 1739 α
1523 1708 1701 1749 corrigatur
1725 1708 1779 1740 PD
1805 1707 1837 1739 in
1863 1707 1976 1749 PDG.)
2185 1707 2188 1710 ’

1427 1754 1492 1792 Qu.
1518 1752 1651 1785 CXLIV
1675 1761 1734 1784 art.
1765 1764 1797 1785 11.
1832 1768 1844 1781 «
1874 1754 1924 1784 Ad
1955 1754 2136 1785 secundum
2167 1754 2341 1786 dicendum
2373 1757 2463 1798 quod

1372 1799 1455 1830 sicut
1483 1799 1599 1835 honor,
1625 1806 1661 1830 ut
1685 1809 1781 1839 supra
1806 1798 1952 1830 habitum
1978 1806 2034 1835 est,
2060 1801 2105 1831 ita
2130 1801 2227 1831 etiam
2253 1802 2461 1842 vituperium,

1344 1877 1345 1882 ¹
1372 1843 1521 1885 quamvis
1552 1853 1618 1874 non
1650 1844 1805 1875 debeatur
1835 1843 1908 1883 nisi,
1925 1843 1986 1875 soli
2015 1844 2159 1876 virtuti»
2187 1853 2263 1882 etc.;
2290 1846 2330 1878 cf.
2356 1853 2462 1878 totum

1344 1889 1345 1928 Ῑ
1372 1889 1500 1925 Iocum;
1525 1889 1568 1920 ita
1584 1889 1666 1920 abed
1680 1896 1712 1920 et
1728 1888 1873 1929 primum
1890 1896 2037 1920 nostrum
2055 1890 2298 1932 apographum:
2324 1891 2363 1923 cf.
2381 1892 2463 1923 infra

1372 1934 1404 1965 in
1422 1934 1567 1965 Elencho
1592 1934 1735 1972 Quarto;
1761 1933 1791 1965 G
1807 1941 1838 1966 et
1854 1935 1877 1965 P
1894 1935 2051 1966 omittunt
2074 1936 2120 1966 ita
2140 1936 2236 1967 etiam
2254 1938 2461 1978 vituperium.

223 1992 255 2016 et
270 1983 362 2024 quod
382 1982 421 2012 ab
439 1991 476 2011 ea
491 1990 559 2011 non
584 1979 709 2010 recedat
733 1978 792 2009 nisi
817 1977 996 2018 corrigendi
1019 1977 1130 2018 gratia.
1155 1976 1316 2008 Omnium
1344 1987 1346 2003 ι

1417 1970 1493 2018 'Qu.
1517 1979 1740 2011 CLXXXVIII
1765 1987 1824 2011 art.
1848 1989 1904 2010 vm
1927 1981 1967 2018 ad
1998 1991 2023 2011 1.
2053 1994 2066 2009 ι
2086 1981 2125 2011 ad
2151 1981 2389 2013 sublevandum
2413 1983 2462 2014 vel

224 2028 363 2060 maxime
386 2027 462 2058 facit
478 2035 554 2057 cum
569 2025 745 2056 Mantuana
768 2023 837 2054 sine
861 2032 948 2053 anno
973 2021 1089 2064 (quam
1109 2032 1166 2063 per
1189 2022 1209 2053 b
1232 2022 1317 2054 desi·
1343 2050 1345 2076 φ
1363 2025 1549 2067 fruendum
1575 2026 1624 2056 vel
1649 2024 1854 2066 spiritualiter
1879 2025 2132 2057 calefaciendum
2152 2040 2165 2053 2·
2193 2027 2234 2058 ab
2242 2036 2254 2064 ;
2275 2027 2462 2069 fovendum

222 2071 387 2115 gnamus),
405 2071 580 2103 recentiore
597 2077 704 2101 tamen
729 2079 830 2111 quam
846 2075 955 2099 nostru
969 2077 991 2098 a
1005 2067 1081 2098 anni
1111 2068 1206 2109 1467,
1224 2068 1317 2099 cuius

230 2163 314 2204 1480
328 2161 395 2206 (d),
412 2162 463 2193 vel
479 2171 555 2193 cum
581 2159 813 2201 posterioribus
836 2156 902 2200 (P),
921 2167 991 2188 raro
1017 2157 1102 2194 facit,
1124 2157 1179 2189 ubi
1199 2158 1319 2190 scilicet

223 2208 312 2242 crisis
334 2206 498 2248 scriptoris
523 2205 678 2237 cumillis
694 2214 771 2235 casu
795 2203 946 2234 concinit.
971 2203 1056 2234 Nam
1081 2212 1099 2233 a
1116 2203 1246 2235 Venetis
1269 2204 1317 2235 ni·

222 2342 405 2385 scriptionis
427 2340 581 2384 (scriptus
605 2348 652 2372 est
680 2341 772 2371 Duce
793 2338 974 2375 Frederico,
1004 2338 1216 2382 ¹47⁵-1482)
1235 2340 1317 2372 forte

222 2389 375 2422 licuisset.
388 2387 537 2428 Exempli
553 2386 652 2427 gratia
670 2385 825 2427 ponimus
839 2384 965 2426 aliquas
980 2383 1173 2416 differentias
1189 2385 1271 2417 inter
1288 2386 1318 2418 G

223 2443 256 2468 et
278 2435 428 2466 Venetas.

277 2480 344 2518 Qu.
361 2478 480 2511 CXLV
495 2485 553 2509 art.
571 2487 605 2507 ιιι
622 2486 653 2508 2.
670 2486 734 2517 arg.
764 2490 778 2504 ‹
795 2475 970 2517 Paupertas
994 2482 1024 2506 et
1047 2475 1200 2507 honestas
1222 2482 1255 2508 et
1271 2476 1317 2507 di-

223 2525 352 2558 vitiae...
370 2523 548 2555 honestiori
566 2527 597 2553 et
612 2521 720 2553 ditiori
739 2520 866 2558 ›'Gab;
890 2528 1030 2562 utroque
1046 2521 1123 2552 Ioco
1141 2521 1224 2553 idest
1240 2522 1316 2554 Pcd.

279 2570 360 2602 Ibid.
388 2583 402 2598 κ
423 2569 475 2600 Ad
506 2567 636 2599 tertium
664 2566 839 2598 dicendum
870 2566 960 2607 quod
992 2566 1129 2598 intentio
1154 2567 1256 2598 Tullii
1287 2575 1318 2600 et

225 2614 390 2648 Ambrosii
413 2619 463 2646 est
480 2627 494 2641 »
523 2613 614 2650 Gab,·
638 2618 687 2644 est
709 2612 818 2644 dicere
842 2612 918 2643 Pcd.

280 2661 346 2699 Qu.
372 2659 519 2692 CXLVII
545 2667 602 2690 art.
618 2669 639 2688 v
663 2668 754 2699 corp.
774 2657 859 2697 med.
887 2669 904 2686 ι
922 2667 980 2698 per
998 2667 1084 2698 quos
1106 2657 1319 2699 significatur
1341 2671 1347 2700 γ

188 2721 192 2725 -
224 2716 335 2738 annus
358 2705 444 2736 Novi
460 2701 660 2736 Testamenti
680 2715 694 2729 ι
723 2702 814 2740 Gab‚·
836 2702 1071 2744 significantur
1093 2704 1175 2734 anni
1194 2703 1271 2735 Pcd.

279 2751 346 2789 Qu.
371 2749 505 2782 CXLIX
521 2757 578 2780 art.
597 2759 630 2780 ιιι
647 2758 735 2789 corp.
754 2748 854 2789 princ.
875 2761 890 2776 ι
917 2748 1008 2789 quod
1032 2748 1130 2780 intrat
1145 2748 1179 2780 in
1197 2759 1234 2779 os
1251 2759 1317 2780 non

227 2796 419 2838 coinquinat
437 2808 452 2822 ι»
480 2795 572 2833 Gab;
595 2804 659 2825 non
685 2801 758 2825 ante
781 2792 868 2835 quod
891 2801 1021 2833 ponunt
1044 2794 1118 2825 Pcd.

280 2842 347 2880 Qu.
372 2840 429 2872 CL
445 2846 503 2871 art.
523 2851 554 2870 ιν
571 2840 611 2870 ad
638 2850 663 2870 1.
692 2853 706 2867 ι
726 2838 873 2879 loquitur
888 2839 1070 2869 secundum
1086 2839 1190 2879 Iegem
1211 2839 1318 2870 cuius-

226 2888 303 2919 dam
320 2886 448 2928 piscaci
475 2885 532 2926 qui
553 2898 566 2911 »
599 2884 692 2921 Gab,·
715 2885 837 2925 pictaci
860 2881 957 2925 (idest
981 2882 1113 2926 pittaci)
1137 2885 1194 2922 cd,
1214 2886 1319 2926 pitaci

227 2932 366 2973 scriptor
389 2931 418 2962 G
434 2941 468 2961 se
485 2930 659 2970 corrigens.

283 2977 356 3008 Alia
380 2976 483 3007 multa
502 2982 611 3007 vetant
628 2975 755 3006 credere
771 2974 961 3015 scriptorem
979 2974 1101 3005 Veneta
1122 2984 1219 3005 usum
1237 2985 1317 3007 esse.

228 3022 424 3054 Lectionum
449 3021 631 3052 criticarum
656 3020 832 3060 specimina
857 3019 966 3059 accipe
990 3019 1084 3052 haec:

282 3068 347 3105 Qu.
373 3066 505 3098 CXLIV
535 3073 592 3096 art.
618 3077 638 3096 11
668 3066 709 3096 ad
740 3076 765 3096 1.
802 3080 814 3093 α
842 3065 919 3105 quia
944 3065 1101 3105 inquanto
1125 3064 1241 3106 aliquis
1272 3073 1320 3097 est

229 3113 331 3153 magis
355 3111 520 3144 virtuosus
543 3118 634 3142 tanto
653 3124 668 3138 ι
695 3111 736 3142 ab
744 3118 756 3149 ,⁰
777 3115 900 3151 quanto
924 3109 1031 3141 Pch.

283 3157 350 3196 Qu.
376 3157 523 3189 CXLVII
555 3163 613 3187 art.
639 3166 648 3186 ι
679 3156 718 3186 ad
747 3157 775 3187 3.
811 3168 827 3184 ‹
854 3155 971 3187 dicitur
1001 3154 1161 3186 ieiunium
1185 3156 1318 3194 ieiunii,

229 3203 410 3234 secundum
433 3212 510 3233 vero
535 3201 695 3232 ieiunium
719 3201 892 3232 ieiunantis
912 3214 927 3228 ι»
954 3200 1015 3238 ab;
1039 3201 1141 3230 ieiuni
1159 3199 1265 3232 Pch.

284 3247 363 3278 Ibid.
388 3254 445 3278 art.
463 3258 497 3277 ιιι
514 3257 603 3290 corp.
620 3245 676 3278 fin.
705 3260 719 3274 α
739 3247 781 3277 Et
804 3246 868 3278 hoc
892 3253 939 3277 est
962 3245 1121 3276 ieiunium
1146 3245 1318 3282 Ecclesiae,

230 3292 323 3323 aliud
346 3299 479 3323 naturae
499 3305 513 3320 »
541 3292 582 3323 ab
589 3299 602 3329 ;
625 3292 719 3324 aliud
743 3301 820 3322 vero
843 3297 892 3323 est
915 3290 1022 3322 PGccl.

286 3335 364 3367 Ibid.
387 3344 446 3368 art.
470 3347 502 3368 vi
532 3349 557 3369 1.
583 3347 648 3377 arg.
676 3351 691 3365 «
711 3337 798 3378 Ergo
828 3347 892 3368 non
924 3346 1080 3367 numerus
1111 3335 1320 3367 comestionis

231 3380 329 3412 taxari
353 3381 448 3413 debet
466 3395 481 3410 2
508 3383 572 3420 ab;
596 3392 657 3413 nec
678 3382 786 3414 Pch.

287 3425 366 3457 Ibid.
393 3435 423 3457 2.
447 3436 513 3466 arg.
541 3441 556 3456 α
576 3428 664 3468 Ergo
689 3433 720 3458 et
743 3438 811 3458 non
835 3427 930 3458 debet
952 3427 1035 3458 abed
1041 3435 1053 3464 ,·
1077 3427 1174 3457 etiam
1198 3426 1264 3457 PG.

286 3471 352 3508 Qu.
377 3470 539 3502 CXLVIII
555 3479 614 3503 art.
631 3483 641 3502 1
665 3483 690 3503 1.
707 3482 774 3513 arg.
802 3487 816 3500 ι
835 3472 924 3504 Cum
941 3482 1017 3512 ergo
1034 3481 1132 3502 omne
1150 3478 1318 3512 peccatum

231 3517 418 3557 coinquinat
442 3515 610 3548 hominem
629 3529 644 3544 ι·
671 3517 773 3555 abcd;
796 3519 983 3559 coinquinet
1005 3516 1072 3548 PG.

286 3561 351 3598 Qu.
377 3560 572 3592 CLXXXIX
594 3568 651 3592 art.
667 3572 688 3592 x
716 3573 742 3593 1.
767 3573 833 3603 arg.
861 3575 876 3591 α
895 3563 951 3593 sed
974 3562 1173 3604 quandoque
1197 3571 1318 3602 propo-

233 3606 331 3637 situm
347 3607 518 3647 religionis
533 3606 680 3637 intrandi
695 3617 763 3637 non
779 3614 828 3638 eet
843 3618 861 3638 a
877 3608 949 3638 Deo
963 3620 978 3635 ›
998 3607 1080 3638 abed
1088 3615 1100 3644 ‚·
1123 3607 1316 3648 religionem
1344 3605 1345 3645 f

233 3652 380 3683 intrandi
402 3652 437 3688 P,
463 3651 633 3692 religionis
657 3651 833 3683 intrandae
855 3652 885 3683 G
908 3660 940 3683 et
963 3652 1101 3684 codices.

380 3715 493 3739 Summas
513 3715 618 3739 Timor.
638 3714 669 3739 D.
685 3714 803 3738 Tnomn
822 3714 854 3740 T.
868 3715 923 3740 Vll.

223 2125 348 2151 textum
369 2118 545 2148 Mantuana
568 2114 708 2155 corrigit.
733 2113 821 2146 Cum
844 2112 974 2144 Venetis
997 2112 1073 2143 anni
1104 2122 1186 2155 ¹479
1211 2112 1262 2154 (c)
1287 2120 1318 2145 et
1344 2093 1346 2106 ,
1372 2070 1477 2102 Pch,

1426 2115 1535 2153 Quare
1565 2115 1701 2155 scriptor
1734 2115 1879 2146 codicem
1912 2125 2010 2146 suum
2043 2116 2196 2156 spreverit
2227 2124 2259 2148 et
2288 2117 2463 2150 editionem

1344 2165 1345 2200 ζ
1372 2160 1579 2192 transcribere
1611 2160 1777 2194 maluerit.
1802 2170 1934 2201 prorsus
1963 2161 2135 2193 nescimus.
2169 2161 2316 2194 Fortasse
2347 2163 2463 2204 longae

1344 2205 1345 2236 3
1371 2205 1556 2246 scriptionis
1580 2215 1656 2236 eum
1681 2205 1828 2236 taedebat
1852 2203 1907 2248 (cf.
1925 2206 2000 2238 Vol.
2014 2206 2090 2237 ·VIII
2112 2207 2214 2239 Praef.
2231 2217 2304 2248 pag.
2330 2218 2385 2239 xnr
2406 2218 2463 2240 no-

223 2254 287 2286 mia
309 2259 340 2284 et
363 2259 400 2284 ut
414 2252 459 2283 ita
474 2251 580 2282 dicam
594 2250 628 2281 in
649 2249 746 2280 nimis
761 2247 1000 2280 caracteristicis
1024 2247 1138 2285 differt,
1155 2259 1256 2290 quam
1282 2257 1317 2281 ut
1344 2256 1345 2267 ¹

222 2300 311 2341 ipsae
335 2297 364 2331 ei
388 2295 683 2337 exemplari'fuisse
703 2294 916 2330 crederentur,
941 2293 1038 2324 etiam
1061 2293 1087 2324 si
1112 2303 1170 2335 per
1193 2305 1316 2326 annum
1343 2322 1345 2325 .

1370 2259 1437 2282 tam
1454 2251 1487 2282 in
1505 2249 1568 2282 fine
1583 2250 1704 2282 codicis
1721 2250 1829 2282 Oxon.
1847 2251 1927 2282 New
1947 2251 2082 2291 College
2106 2250 2202 2294 cxxi).
2221 2252 2413 2295 faciliorque
2427 2254 2463 2285 li-

1372 2297 1418 2328 bri
1436 2296 1521 2338 typis
1539 2295 1655 2327 exarati
1672 2296 1827 2336 scriptura
1841 2296 1880 2327 ad
1897 2295 1995 2328 finem
2013 2296 2217 2328 festinantem
2235 2298 2464 2331 allexit.'Certe

1372 2342 1514 2373 excusari
1542 2351 1609 2372 non
1643 2348 1749 2383 potest
1780 2341 1931 2373 codicum
1964 2342 2169 2374 existentium
2201 2343 2371 2384 paucitate,
2400 2355 2463 2386 qua

1372 2394 1481 2428 posset
1510 2387 1652 2418 excusari
1685 2400 1699 2415 α
1719 2387 1856 2428 scriptor
1880 2387 2075 2419 Venceslaus
2103 2387 2239 2428 Crispus
2265 2389 2427 2420 bohemus
2446 2403 2460 2418 »

1372 2433 1428 2474 qui
1457 2447 1471 2460 ‹
1492 2432 1685 2463 Ferdinandi
1703 2432 1786 2473 regis
1802 2439 1935 2474 sumptu
1956 2445 1970 2460 »
1998 2433 2136 2474 Neapoli
2153 2443 2240 2464 anno
2264 2435 2345 2475 1493
2363 2434 2464 2466 Com—

1343 2505 1346 2518 ,
1373 2478 1568 2509 mentarium
1593 2477 1625 2508 S.
1642 2478 1791 2508 Thomae
1816 2477 1848 2508 in
1874 2477 1971 2508 libros
1989 2478 2037 2508 De
2054 2478 2270 2510 Generatione
2294 2479 2324 2510 et
2344 2478 2463 2511 Corru-

1373 2523 1485 2564 ptione
1515 2522 1685 2562 magnifice
1717 2523 1914 2564 transcripsit
1937 2533 1974 2554 ex
1999 2523 2139 2555 editione
2162 2524 2278 2565 Papiae
2301 2525 2383 2565 ¹488
2408 2524 2463 2568 (cf.

1371 2568 1444 2600 Vol.
1465 2569 1505 2599 III
1523 2567 1624 2600 Praef.
1643 2578 1737 2609 pagg.
1755 2578 1839 2599 xxvn
1855 2575 1887 2600 et
1902 2567 2002 2611 xxix).
2029 2569 2246 2600 Venceslaum
2263 2579 2462 2601 commemo-

1373 2624 1498 2651 ramus,
1525 2624 1563 2644 ne
1589 2613 1640 2644 cui
1669 2624 1793 2645 novum
1824 2614 1970 2645 videatur
1994 2613 2103 2650 libros,
2129 2623 2323 2654 magnorum
2349 2615 2464 2646 Domi-

1372 2669 1492 2691 norum
1516 2665 1650 2700 sumptu
1676 2658 1875 2700 magnificos,
1896 2668 1913 2690 e
1941 2659 2062 2700 vulgari
2088 2659 2228 2690 editione
2256 2660 2464 2701 transcriptos

1373 2715 1441 2736 esse
1466 2714 1572 2746 posse.
2423 2708 2425 2710 ’

1427 2750 1538 2791 Usque
1569 2750 1609 2780 ad
1641 2749 1706 2788 Qu.
1739 2759 1776 2780 ct.
1808 2749 1962 2781 continue
1995 2749 2023 2780 G
2059 2749 2259 2786 notavimus;
2291 2757 2366 2790 post
2398 2761 2463 2781 non

1372 2795 1513 2836 amphus
1531 2802 1662 2826 notatur
1685 2794 1745 2824 nisi
1770 2794 1902 2835 quando
1919 2794 2031 2834 differt
2050 2795 2089 2825 ab
2106 2805 2138 2825 a.
2157 2793 2244 2826 Cum
2269 2805 2305 2825 ea
2322 2795 2418 2835 igitur
2435 2796 2464 2827 G

1372 2840 1486 2872 tacitus
1509 2849 1639 2881 semper
1661 2840 1766 2880 legere
1790 2839 1999 2879 intelligatur:
2028 2849 2104 2870 nam
2129 2838 2315 2881 ubicunque
2337 2840 2366 2871 G
2389 2848 2464 2881 post

1372 2885 1490 2917 dictam
1515 2885 1580 2923 Qu.
1602 2884 1668 2916 nori
1694 2894 1840 2925 expresse
1865 2885 1989 2921 citatur,
2007 2891 2084 2915 nota
2107 2895 2128 2915 a
2154 2884 2239 2916 idem
2263 2885 2349 2916 valet
2373 2886 2462 2926 quod

1373 2930 1434 2962 Ga.
1453 2930 1591 2966 Lectori,
1610 2937 1723 2961 notam
1740 2930 1935 2961 variantium
1959 2930 2004 2960 sic
2027 2929 2222 2961 intellectam
2250 2929 2380 2968 intuito,
2398 2931 2461 2961 suf-

1372 2975 1515 3008 ficienter
1545 2973 1608 3018 (cf.
1640 2985 1687 3006 ex.
1712 2985 1758 3015 gr.
1784 2976 1849 3013 Qu.
1881 2984 2002 3006 ccxxxv
2031 2982 2088 3006 art.
2116 2983 2141 3005 tt
2164 2983 2204 3021 γ;
2236 2975 2301 3013 Qu.
2333 2985 2462 3006 CLXXXIX

1372 3028 1420 3052 art
1446 3032 1466 3052 x
1481 3022 1531 3066 γ.)
1557 3021 1686 3061 patebit,
1704 3020 1831 3052 tertiam
1852 3027 1974 3061 partem
1997 3020 2115 3051 codicis
2139 3030 2177 3051 ex
2197 3020 2304 3061 aliqua
2322 3020 2463 3051 editione

1372 3073 1611 3107 transumptum
1637 3076 1717 3096 esse.

1455 3165 1496 3186 1)ss
1521 3165 1695 3186 annuorum
1719 3166 1739 3185 Α
1763 3165 1928 3186 comcmus
1952 3164 2128 3185 VARIETATE
2152 3164 2216 3185 NON
2240 3163 2377 3185 NOTATA.

1429 3245 1552 3276 Textus
1573 3251 1683 3275 noster
1706 3244 1738 3274 in
1763 3244 1826 3275 hoc
1851 3243 1986 3274 Decimo
2004 3243 2181 3274 Volumine
2201 3253 2219 3273 a
2236 3243 2337 3273 Piano
2360 3243 2463 3274 vribus

1374 3290 1516 3320 millibus
1543 3289 1728 3330 quingentis
1755 3289 1834 3319 locis
1862 3287 1974 3319 differt.
2004 3289 2090 3319 Tam
2118 3289 2240 3319 multae
2268 3287 2462 3319 differentiae

1373 3342 1497 3375 partem
1521 3334 1611 3365 tertia
1637 3333 1798 3364 minorem
1818 3334 1858 3364 ad
1876 3334 1994 3364 calcem
2018 3333 2241 3366 Articulorum
2267 3333 2460 3364 notavimus.

1373 3379 1460 3411 Cum
1477 3379 1510 3410 in
1526 3379 1652 3410 Octavo
1678 3386 1710 3409 et
1733 3379 1831 3409 Nono
1857 3378 2034 3410 Volumine
2058 3379 2145 3409 idem
2169 3378 2234 3410 fere
2260 3388 2415 3409 numerus
2433 3386 2463 3408 et

1372 3425 1484 3456 eadem
1517 3424 1597 3455 ratio
1630 3431 1756 3454 notatas
1785 3424 1867 3455 inter
1891 3431 1922 3454 et
1945 3434 2011 3454 non
2044 3431 2169 3455 notatas
2194 3423 2350 3454 variantes
2380 3423 2461 3454 obti-

1373 3477 1478 3507 neant,
1504 3479 1576 3510 pars
1593 3470 1689 3509 longe
1713 3468 1852 3500 maxima
1869 3468 2061 3510 disparitatis
2081 3476 2209 3500 nostrae
2226 3467 2421 3499 recensionis
2446 3478 2463 3498 a

1372 3515 1470 3546 Piana
1494 3515 1527 3545 in
1552 3521 1639 3546 textu
1656 3515 1748 3551 Iatet;
1774 3524 1832 3545 nec
1856 3525 1874 3544 a
1891 3513 1989 3545 Piana
2004 3514 2082 3551 sola,
2100 3514 2154 3551 sed
2178 3514 2287 3554 potius
2302 3514 2341 3544 ab
2357 3513 2463 3544 omni-

1371 3561 1432 3592 bus
1456 3560 1662 3596 editionibus,
1688 3559 1785 3591 etiam
1808 3559 2003 3590 recentibus:
2029 3569 2104 3590 nam
2129 3569 2247 3599 magna
2272 3558 2462 3589 variantium

1372 3605 1475 3636 moles
1492 3605 1556 3636 iam
1581 3615 1599 3635 a
1624 3604 1728 3646 prima
1751 3604 1892 3636 editione
1915 3604 2068 3644 incoepit,
2087 3614 2144 3635 nec
2169 3613 2326 3645 unquam,
2343 3603 2393 3633 vel
2422 3603 2462 3632 ab

1371 3650 1409 3681 iis
1425 3650 1603 3681 editoribus
1618 3650 1675 3691 qui
1693 3649 1819 3681 codices
1835 3649 1943 3690 magni
1957 3649 2115 3680 faciebant
2127 3649 2358 3689 diligenterque
2376 3657 2461 3677 scru-

2298 3718 2315 3734 α
