2768 4198
51 769 60 779 ⁸
74 769 123 789 Art.
140 773 155 794 ι,
171 767 199 788 ad
213 772 231 794 5.

49 2045 59 2054 ⁸
74 2044 110 2065 Cf.
127 2050 190 2065 num.
209 2049 259 2065 vni.

50 2071 71 2081 '⁸
90 2070 133 2101 De,
146 2070 258 2101 aeraria,

50 2103 87 2124 qu.
99 2103 120 2124 v,
128 2103 149 2118 in
162 2103 258 2125 princip.

51 2316 62 2327 ⁸
76 2315 182 2337 Conclus.
198 2321 217 2343 3.

54 2410 62 2418 ⁸
77 2408 112 2430 Cf.
129 2411 177 2429 not.
193 2413 215 2435 γ.

54 2621 102 2642 ‘Ad
111 2621 194 2642 obiect.
203 2626 209 2641 ι
217 2624 238 2642 et
252 2626 263 2641 2

53 2652 114 2669 cont⁴
130 2648 230 2669 conclus.
245 2653 263 2675 3.

54 2676 128 2722 ἱνιὲηζ.
138 2681 144 2695 1
155 2674 203 2696 Sed
210 2679 265 2695 con-

56 2766 64 2774 ·
72 2765 126 2791 Arg.
136 2769 147 2784 2
155 2762 203 2785 Sed
210 2769 263 2785 con-

55 2792 101 2811 tra.
251 2800 255 2805 ·

59 3069 67 3078 ⁸
77 3067 113 3089 Ad
124 3067 206 3089 obiect.
221 3068 265 3096 3³¹¹¹

58 3098 119 3115 cont.
135 3094 235 3116 conclus.
247 3100 265 3122 3.

60 3288 70 3297 ⁸
89 3287 123 3308 Cf.
144 3292 198 3308 num
220 3292 270 3310 vin,

59 3313 96 3335 Ad
109 3314 219 3341 quintam.

64 3509 72 3517 ·
88 3507 151 3529 ναῖς,
169 3513 198 3536 19.

288 292 363 328 226

287 377 317 400 et
339 377 441 400 tactus
462 368 631 408 dupliciter
654 373 788 408 possunt
812 365 871 395 dici
894 364 1072 395 libidinosa.
1102 362 1219 398 Primo,
1244 371 1281 391 ex
1303 360 1350 391 in-

286 414 426 445 tentione
451 412 623 443 ordinantis
647 412 724 441 haec
748 411 786 440 ad
811 419 892 449 opus
909 408 1030 438 malum
1053 407 1103 437 vel
1119 415 1281 436 morosam
1298 405 1350 435 de-

286 458 487 489 lectationem
510 456 614 497 operis
639 456 723 491 mali,
748 462 824 494 puta
849 452 1082 487 fornicationis,
1111 449 1266 485 adulterii,
1291 456 1349 479 etc.
1376 471 1378 487 ,

287 503 327 533 Et
350 502 393 533 sic
416 512 481 532 non
506 508 552 531 est
576 500 709 530 dubium
742 498 818 538 quin
842 497 903 526 sint
927 502 1055 535 peccata
1086 494 1231 525 mortalia
1254 503 1350 534 quae·
1376 516 1378 539 2

288 556 424 587 cumque
456 546 495 575 ad
523 545 584 575 hoc
608 543 801 574 ordinantur.
826 559 847 564 —
871 540 944 570 Alio
968 540 1086 575 modo,
1116 549 1153 569 ex
1175 537 1351 568 intentione

288 590 460 621 ordinantis
484 590 560 619 haec
584 589 622 618 ad
646 587 747 617 solam
771 584 1013 615 delectationem
1030 583 1159 624 quaein
1184 582 1249 612 istis
1273 581 1349 612 acti-

287 637 345 665 bus
369 634 510 665 sentitur.
540 633 672 663 Constat
696 631 781 660 enim
805 628 913 659 oscula
937 628 981 658 sic
1005 627 1086 659 facta
1108 627 1189 657 infra
1213 625 1351 656 latitudi-

288 689 360 709 nem
384 678 627 708 libidinosorum
652 674 771 705 claudi:
796 672 951 713 quoniam
973 671 1138 702 delectatio
1155 671 1213 701 ista
1237 677 1282 700 est
1299 670 1350 700 de—

286 723 410 754 lectatio
440 721 615 752 secundum
646 725 764 749 tactum
793 717 873 747 infra
902 716 1102 747 latitudinem
1125 723 1349 750 venereorum;

288 768 371 797 unde
395 774 424 796 et
448 765 575 795 materia
597 762 812 802 impudicitiae
836 761 967 801 ponitur
978 761 1003 791 *.
1029 760 1091 791 Sed
1115 770 1154 790 an
1171 759 1234 789 sint
1249 758 1351 788 libidi-

288 822 362 841 nosa
390 809 560 839 mortaliter
585 808 622 837 de
646 807 761 847 quibus
785 808 908 836 Auctor
931 805 962 835 in
986 805 1088 835 littera
1106 803 1259 844 loquitur,
1284 812 1351 833 non

287 862 416 885 constat.

341 902 480 939 Apparet
503 904 610 926 autem
635 906 670 925 ex
694 894 793 925 tribus
817 894 849 924 in
874 894 975 924 littera
999 894 1088 934 quod
1105 903 1160 932 per
1184 891 1352 922 libidinosa

287 954 351 973 non
382 941 515 973 intendit
545 942 665 970 Auctor
696 939 753 969 nisi
784 938 926 968 ordinata
959 938 996 968 ab
1021 944 1182 968 exercente
1207 936 1289 970 ¹haec
1312 935 1352 965 ad

286 994 391 1017 actum
414 986 464 1016 vel
488 984 729 1015 delectationem
754 983 934 1013 mortalem.
965 983 1086 1020 Primo,
1110 982 1184 1022 quia
1209 989 1352 1021 expresse

285 1032 316 1061 in
337 1031 437 1061 littera
462 1037 570 1060 contra
600 1034 726 1069 peccata
751 1037 787 1058 ex
810 1038 866 1057 sua
890 1027 994 1066 specie
1018 1026 1257 1066 distinguuntur
1280 1034 1351 1065 pec-

286 1083 352 1106 cata
377 1085 412 1105 ex
436 1082 544 1104 causa:
571 1081 601 1103 et
625 1072 842 1102 manifestatur
865 1072 926 1102 hoc
950 1071 982 1101 in
1004 1071 1207 1111 eleemosyna
1222 1076 1352 1110 propter

285 1119 449 1150 haeresim.
473 1119 513 1148 Et
529 1117 572 1148 sic
590 1117 736 1147 osculum
753 1116 867 1146 dicitur
881 1115 1024 1152 mortale,
1042 1115 1122 1146 sicut
1139 1115 1351 1155 eleemosyna,

284 1171 414 1205 propter
438 1163 560 1193 malum
583 1161 691 1191 finem.
715 1179 736 1184 -
760 1160 918 1198 Secundo,
943 1160 1018 1200 quia
1043 1159 1241 1190 subsumitur
1264 1159 1353 1199 quod

285 1208 404 1243 oscula,
421 1215 490 1243 etc„
516 1216 590 1237 cum
613 1205 694 1236 fiunt
719 1212 847 1246 propter
871 1204 1114 1235 delectationem
1139 1203 1244 1244 operis
1268 1213 1352 1233 mor-

285 1253 364 1289 talis,
388 1259 462 1282 sunt
485 1251 646 1281 mortalia:
672 1257 702 1280 et
725 1250 881 1285 subditur,
905 1249 948 1280 Et
966 1250 1013 1280 sic
1027 1250 1131 1280 solum
1155 1253 1231 1279 sunt
1254 1248 1354 1278 libidi-

286 1307 373 1328 nosa.
398 1314 419 1319 -
447 1297 568 1333 Tertio,
593 1302 723 1335 apparet
747 1294 841 1324 etiam
865 1294 927 1324 hoc
949 1293 1035 1324 idem
1059 1303 1096 1324 ex
1119 1293 1181 1323 hoc
1204 1292 1303 1333 quod,
1328 1292 1353 1322 si

286 1341 394 1372 oscula
417 1341 460 1371 sic
483 1339 652 1370 libidinosa
681 1345 784 1369 essent
807 1337 969 1374 mortalia,
994 1337 1058 1368 iam
1082 1345 1186 1368 essent
1209 1336 1354 1367 mortalia

286 1396 323 1417 ex
346 1396 404 1416 suo
429 1393 560 1425 genere:
585 1383 660 1424 quia
684 1393 720 1413 ex
744 1383 872 1423 propria
895 1382 1033 1418 ratione,
1059 1383 1178 1423 absque
1202 1391 1240 1411 eo
1264 1381 1354 1422 quod

286 1430 472 1461 ordinentur
494 1429 533 1458 ad
557 1427 800 1458 delectationem
823 1427 1055 1467 cuiuscumque
1072 1425 1214 1457 mortalis
1237 1425 1352 1466 operis.

287 1475 413 1505 Habent
436 1473 520 1503 enim
544 1472 729 1502 huiusmodi
755 1471 998 1502 delectationem
1022 1470 1213 1501 sensibilem.
1243 1470 1284 1500 Et
1311 1470 1354 1500 sic

287 1529 352 1549 non
382 1517 649 1557 distinguerentur
676 1516 708 1546 in
732 1516 833 1546 littera
861 1523 970 1546 contra
993 1522 1121 1555 peccata
1144 1515 1290 1545 mortalia
1318 1524 1355 1544 ex

287 1574 343 1594 sua
368 1562 481 1603 specie.

344 1608 378 1637 In
399 1606 586 1647 oppositum
603 1612 710 1635 autem
734 1613 780 1636 est
803 1604 889 1645 quia,
914 1605 939 1634 si
964 1607 1086 1634 Auctor
1109 1604 1243 1634 intendit
1265 1603 1355 1644 quod

287 1652 395 1682 oscula
419 1658 450 1681 et
473 1649 659 1680 huiusmodi
683 1649 741 1679 hac
758 1649 864 1679 solum
881 1649 1003 1679 ratione
1027 1655 1102 1678 sunt
1125 1655 1253 1688 peccata
1269 1657 1354 1677 mor-

288 1696 369 1732 talia,
394 1695 510 1725 scilicet
534 1694 558 1724 si
583 1704 619 1724 ex
639 1693 813 1724 intentione
829 1693 989 1733 operantis
1013 1692 1199 1723 ordinantur
1215 1692 1254 1722 ad
1270 1701 1355 1722 mor·
1381 1699 1382 1702 ’

287 1741 347 1771 tale
372 1746 553 1780 peccatum,
588 1748 653 1768 non
679 1737 872 1777 oportuisset
902 1737 987 1767 hunc
1010 1737 1154 1767 laborem
1178 1744 1353 1767 assumere:

287 1785 441 1825 quoniam
471 1784 509 1813 de
533 1783 594 1812 hoc
619 1782 726 1812 nullus
751 1791 895 1822 uuquam
919 1781 1091 1817 dubitavit,
1116 1781 1205 1821 quod
1232 1780 1356 1820 possint

287 1839 353 1859 esse
384 1827 530 1858 mortalia
561 1836 597 1856 ex
624 1825 686 1856 fine
716 1826 893 1866 operantis,
919 1835 993 1856 curn
1023 1825 1118 1856 etiam
1149 1834 1246 1865 opera
1270 1825 1355 1854 bona
1381 1838 1383 1857 ι

288 1872 410 1913 possint
433 1871 476 1901 sic
500 1881 566 1901 esse
590 1870 745 1900 mortalia.
778 1870 875 1900 Aliud
898 1880 973 1910 ergo
1004 1869 1166 1909 quaeritur
1196 1878 1295 1909 quam
1319 1878 1355 1898 ex
1382 1863 1384 1880 ³

287 1917 348 1947 fine
368 1915 536 1956 operantiS,
562 1924 635 1945 cum
661 1914 822 1954 quaeritur
845 1924 884 1943 an
900 1914 932 1943 in
950 1913 1066 1944 osculis
1084 1920 1207 1944 constet
1222 1913 1355 1943 mortale
1382 1949 1383 1952 Ἰ

288 1968 462 2002 peccatum.
493 1960 533 1989 Et
560 1958 645 1989 aliud
675 1958 901 1989 determinatur
929 1968 1003 1989 cum
1026 1958 1236 1998 respondetur
1266 1957 1355 1998 quod
1382 1954 1383 1983 ἶ

287 2006 434 2036 osculum
457 2003 664 2034 libidinosum
688 2010 734 2033 est
757 2003 889 2033 mortale
914 2010 1090 2043 peccatum.

343 2050 380 2080 11.
405 2048 541 2079 Secundi
564 2057 639 2078 vero
663 2047 783 2078 dubii*
807 2047 885 2078 ratio
903 2054 958 2083 est,
984 2047 1099 2087 primo,
1117 2057 1153 2077 ex
1169 2046 1307 2077 Martino
1322 2045 1356 2064 *¹*

287 2101 412 2125 tenente
436 2100 557 2133 partem
581 2091 768 2132 negativam,
793 2091 911 2122 scilicet
934 2092 1023 2132 quod
1048 2102 1114 2122 non
1135 2098 1182 2121 est
1204 2091 1355 2126 mortale;

288 2146 318 2169 et
341 2138 529 2169 attribuente
553 2136 686 2167 Auctori
714 2143 837 2176 partem
860 2135 1096 2172 affirmativam,
1122 2143 1153 2166 et
1177 2142 1286 2166 contra
1309 2145 1356 2165 ar-

287 2190 412 2224 guente.
438 2182 526 2212 Tum
538 2182 647 2221 primo
677 2180 751 2221 quia
781 2190 838 2211 nec
862 2180 1043 2211 exercitium
1067 2180 1185 2210 horum
1208 2187 1356 2216 actuum,

289 2238 346 2258 nec
370 2226 535 2256 delectatio
559 2225 627 2265 ipsa
651 2234 858 2265 consequens,
884 2224 999 2256 alicubi
1022 2224 1176 2265 reperitur
1198 2223 1358 2264 prohibita

290 2272 348 2302 sub
373 2280 476 2310 poena
499 2269 618 2309 peccati
642 2269 793 2299 mortalis.

345 2316 434 2345 Tum
462 2314 602 2344 secundo
617 2313 643 2348 *,
669 2313 744 2353 quia
766 2313 943 2343 secundum
967 2315 1142 2343 Auctorem
1166 2312 1230 2348 hic,
1254 2312 1287 2342 in
1310 2321 1357 2342 re-

291 2359 464 2400 sponsione
487 2359 527 2388 ad
551 2357 702 2398 primum,
719 2357 895 2397 Apostolus
915 2367 980 2387 non
1005 2356 1166 2397 replicavit
1189 2356 1357 2397 turpitudi-

292 2414 365 2434 nem
377 2404 457 2434 inter
467 2402 622 2438 mortalia,
635 2402 709 2442 quia
727 2411 789 2432 non
806 2401 922 2432 habent
938 2411 1052 2432 nomen
1064 2400 1219 2441 *peccati
1234 2401 1356 2439 oscula,

291 2448 470 2488 amplexus,
492 2452 561 2484 etc„
588 2447 650 2476 nisi
672 2446 846 2476 secundum
871 2446 955 2486 quod
978 2446 1174 2476 ordinantur
1196 2445 1240 2475 ad
1260 2455 1357 2485 prae-

292 2493 444 2528 cedentia,
470 2491 586 2521 scilicet
607 2490 860 2527 fornicationem,
877 2490 1125 2525 immunditiam,
1143 2497 1200 2520 etc.
1225 2489 1359 2520 Constat

292 2537 377 2567 enirn
401 2535 489 2576 quod
513 2535 624 2565 sistens
643 2534 675 2564 in
691 2534 744 2564 illa
760 2534 968 2565 delectatione
985 2544 1050 2566 non
1066 2534 1230 2565 ordinatur
1244 2534 1276 2564 in
1294 2534 1358 2565 for-

293 2580 494 2616 nicationem,
511 2587 568 2610 etc.

346 2626 434 2655 Tum
457 2625 551 2654 tertio
566 2623 592 2660 *,
617 2623 692 2663 quia
717 2633 774 2653 nec
797 2623 966 2654 auctoritas
981 2623 1123 2659 Domini,
1140 2623 1250 2654 Matth.
1268 2633 1298 2659 v,
1315 2623 1359 2653 al-

292 2671 353 2700 lata
377 2669 409 2699 in
432 2668 533 2699 littera
549 2668 575 2704 *,
603 2667 668 2704 Qui
691 2667 805 2698 viderit
824 2668 990 2698 mulierem
1010 2667 1053 2698 ad
1072 2667 1358 2708 concupiscendum

292 2724 361 2744 eam
380 2721 454 2749 etc.‚
480 2713 576 2742 iuvat.
606 2711 704 2749 Quia,
730 2718 766 2742 ut
789 2719 889 2751 patet,
914 2712 1058 2752 loquitur
1082 2712 1121 2742 de
1145 2711 1296 2743 ordinatis
1319 2712 1359 2742 ad

292 2765 399 2789 actum
415 2757 546 2791 malum,
561 2764 618 2787 etc.
639 2774 658 2778 —
677 2756 742 2787 Nec
762 2756 853 2787 allata
869 2756 886 2775 *
902 2756 1071 2787 auctoritas
1088 2755 1250 2797 Cypriani.
1276 2756 1360 2793 Quia

291 2803 433 2843 loquitur
463 2808 572 2832 contra
599 2800 830 2840 impudicitiam
858 2800 1018 2840 virginum
1048 2810 1130 2841 quae
1160 2800 1361 2831 dormiebant

292 2857 366 2878 cum
390 2846 547 2881 masculis,
572 2852 602 2876 et
626 2845 834 2875 nihilominus
858 2855 890 2875 se
909 2845 1044 2885 virgines
1069 2845 1224 2876 dicebant.
1249 2845 1289 2876 Et
1312 2845 1358 2875 in-

292 2891 391 2922 tendit
414 2890 503 2932 quod
526 2889 570 2920 illi
594 2896 681 2920 actus
706 2889 825 2920 crimen
849 2889 1039 2920 confitentur
1063 2899 1127 2920 non
1153 2899 1208 2929 per
1231 2890 1361 2920 existen—

292 2936 368 2966 tiam
393 2934 541 2970 criminis,
566 2934 620 2964 sed
645 2943 699 2974 per
722 2933 915 2965 illectionem
940 2941 970 2964 et
993 2933 1260 2965 testificationem:
1286 2934 1360 2975 quia

293 2979 409 3010 scilicet
433 2979 574 3009 alliciunt
597 2979 636 3008 ad
662 2978 800 3014 crimina,
826 2986 856 3009 et
879 2985 1065 3009 attestantur
1081 2977 1204 3009 crimini
1221 2986 1256 3009 ut
1272 2978 1360 3018 signa
1386 2979 1388 3011 ἵ

295 3024 483 3064 propinqua.
1387 3023 1388 3030 ¹

348 3069 435 3099 Tum
452 3073 567 3109 quarto
582 3067 608 3103 *,
633 3067 708 3107 quia
727 3067 806 3098 ratio
830 3067 948 3097 litterae
969 3077 1034 3097 non
1055 3067 1150 3097 valet:
1176 3066 1361 3098 Consensus

295 3113 326 3142 in
357 3112 598 3143 delectationem
628 3111 746 3151 peccati
777 3111 919 3142 mortalis
947 3118 993 3142 est
1020 3120 1187 3151 peccatum
1211 3112 1359 3143 mortale:

296 3157 389 3196 Ergo,
415 3157 439 3187 si
464 3156 582 3192 oscula,
607 3162 707 3186 tactus
732 3163 762 3186 et
785 3156 949 3196 amplexus
974 3163 1103 3196 propter
1119 3156 1362 3187 delectationem

296 3200 386 3239 fiant,
411 3202 478 3241 ipsa
502 3207 593 3231 erunt
617 3200 762 3231 mortalia
786 3207 924 3240 peccata.
956 3200 1043 3231 Licet
1066 3200 1151 3231 enim
1175 3201 1361 3231 antecedens

297 3245 335 3275 sit
358 3255 477 3281 verum,
502 3244 727 3285 consequentia
751 3251 856 3275 tamen
882 3244 959 3275 nihil
983 3245 1075 3282 valet,
1101 3252 1136 3276 ut
1159 3251 1254 3285 patet.

352 3290 438 3319 Tum
462 3291 569 3330 quinto
585 3289 617 3325 *,
642 3289 717 3329 quia
741 3289 850 3319 oscula
867 3296 898 3320 et
918 3289 1113 3326 huiusmodi,
1140 3296 1174 3320 ut
1197 3289 1310 3320 sistunt
1329 3289 1361 3319 in

299 3377 410 3413 coitus,
436 3385 465 3407 et
488 3387 552 3407 non
577 3378 812 3418 consequentia.
838 3381 884 3409 Ac
908 3388 963 3418 per
987 3378 1065 3414 hoc,
1090 3385 1226 3419 possunt
1248 3378 1363 3410 habere

300 3421 444 3461 proprios
468 3431 638 3451 consensus
667 3423 884 3453 antecedentes
909 3433 1082 3453 consensus
1111 3430 1176 3453 tam
1200 3423 1232 3453 in
1256 3430 1362 3454 actum

300 3474 397 3504 quam
421 3465 452 3494 in
477 3465 726 3502 delectationem,
751 3474 781 3497 et
805 3477 870 3497 non
895 3467 1047 3508 consequi
1070 3467 1152 3498 illos.

359 3509 393 3539 In
417 3509 603 3548 oppositum
626 3516 732 3540 autem
756 3517 802 3540 est
826 3511 914 3551 quod
937 3511 980 3542 ad
997 3511 1068 3542 Gal.
1085 3522 1103 3541 v
1119 3511 1136 3530 *
1159 3511 1290 3551 ponitur
1306 3511 1363 3542 irn-

302 3553 451 3593 pudicitia
475 3559 639 3592 peccatum
664 3554 804 3584 mortale.

358 3597 407 3628 111.
429 3597 479 3627 Ad
495 3596 683 3627 evidentiam
703 3597 828 3634 horum,
845 3598 940 3628 simul
955 3600 1152 3630 tractandum
1169 3607 1214 3630 est
1230 3599 1365 3630 dubium
1390 3584 1392 3628 i

304 3648 483 3682 utrumque.
508 3641 548 3671 Et
572 3641 735 3671 sciendum
759 3642 846 3682 quod
870 3642 988 3679 oscula,
1013 3650 1112 3673 tactus
1138 3651 1166 3673 et
1191 3644 1363 3683 amplexus,

958 283 1225 333 QUAEsrio
1255 282 1391 328 cmv,

1386 3043 1389 3066 ἰ

1387 3136 1389 3156 ι

299 3332 512 3369 delectatione,
537 3341 610 3364 sunt
635 3334 848 3365 antecedentia
873 3334 913 3364 ad
937 3341 1043 3364 actum
1068 3341 1097 3364 et
1121 3334 1362 3364 delectationem
1388 3291 1392 3440 'k

1390 3565 1392 3582 l

1421 283 1720 320 ARTICULUS
1751 283 1801 320 IV

1404 369 1562 402 quatenus
1585 369 1660 392 sunt
1683 361 1877 392 delectabilia
1901 362 2058 402 quaedam
2082 360 2259 391 secundum
2283 367 2413 389 sensum
2429 364 2474 387 ta—

1405 412 1490 442 ctus,
1515 413 1590 436 sunt
1616 407 1793 436 secundum
1824 415 1916 436 suam
1944 413 2088 436 naturam
2121 411 2208 435 actus
2237 403 2475 434 circumstantes

1405 449 1536 480 coitum.
1561 450 1610 480 De
1633 450 1780 490 amplexu
1805 450 1936 490 quidem
1960 457 1991 480 et
2015 456 2162 480 contactu
2186 455 2272 489 patet
2289 445 2474 477 manifeste:

1404 493 1443 523 de
1467 493 1584 524 osculis
1607 501 1714 524 autern
1738 494 1848 524 eadem
1872 494 1960 534 apud
1978 503 2091 524 omnes
2107 500 2154 523 est
2177 492 2267 523 ratio.
2291 491 2333 521 Et
2355 490 2475 520 anima-

1403 537 1445 567 lia
1467 538 1536 573 alia,
1561 544 1592 567 et
1615 537 1808 574 communis,
1833 545 1869 568 ut
1892 545 1983 578 puto,
2007 537 2179 568 hominum
2198 535 2340 567 venereis
2354 534 2476 565 actibus

1404 581 1585 612 vacantium
1600 581 1763 612 inclinatio
1780 591 1836 612 seu
1853 592 1929 612 usus
1945 589 2086 613 testatur.
2103 582 2144 612 Et
2160 580 2315 621 superius,
2332 579 2365 609 in
2381 578 2476 609 arta*

1405 626 1500 656 huius
1523 625 1729 666 quaestionis,
1755 629 1877 656 Auctor
1897 626 1959 656 hoc
1978 626 2065 657 dixit.
2090 626 2131 656 Et
2146 625 2268 656 ratione
2284 623 2475 663 comproba-

1405 677 1473 700 tur:
1508 670 1583 711 quia
1606 676 1720 700 natura
1743 669 1858 700 directe
1882 670 1941 700 hos
1965 677 2053 700 actus
2081 669 2240 700 ordinavit
2263 670 2303 699 ad
2326 666 2476 699 concubi-

1405 721 1484 750 tum,
1510 721 1540 744 et
1563 714 1636 744 ideo
1660 713 1770 753 posuit
1793 714 1825 744 in
1850 714 1894 744 eis
1918 714 2171 745 delectationem.

1461 759 1548 789 Haec
1575 765 1683 788 autem
1712 757 1908 798 propositio,
1933 758 1959 788 si
1986 758 2136 798 iungatur
2165 757 2211 788 illi
2238 755 2407 788 universali
2431 765 2477 785 re·

1377 838 1379 848 Α
1404 803 1507 843 gulae,
1520 802 1648 838 scilicet,
1665 802 1936 833 circumstantiae
1951 808 2053 840 actus,
2068 807 2104 833 ut
2117 802 2378 833 circumstantiae
2389 805 2476 837 sunt,

1405 847 1521 878 habent
1544 847 1626 877 idem
1651 848 1804 877 motivum
1828 856 1885 877 seu
1909 846 2063 877 obiectum
2088 847 2256 877 moraliter
2277 845 2362 886 quod
2385 844 2478 875 habet

1405 897 1497 922 actus
1510 901 1603 932 quem
1621 892 1831 922 circumstant
1855 889 1899 933 (et
1914 890 1992 921 haec
2008 900 2075 921 non
2091 897 2160 930 eget
2176 890 2379 931 probatione:
2397 899 2478 930 quo-

1405 936 1492 966 niam
1508 945 1574 966 non
1591 935 1679 966 aliter
1695 942 1799 965 essent
1815 935 1957 965 eiusdem
1973 933 2119 976 speciei):
2145 944 2182 964 ex
2198 934 2247 964 his
2263 934 2388 964 duabus
2404 943 2478 973 pro-

1406 980 1620 1021 positionibus
1645 980 1787 1020 sequitur
1811 979 1976 1009 manifeste
2000 979 2089 1020 quod
2113 979 2232 1015 oscula,
2250 985 2352 1008 tactus
2369 985 2399 1008 et
2415 987 2479 1007 am—

1405 1025 1526 1066 plexus,
1552 1031 1709 1065 quatenus
1733 1023 1930 1055 delectabilia
1953 1023 2112 1064 quaedam
2134 1030 2210 1053 sunt
2233 1023 2408 1052 secundum
2434 1029 2478 1052 ta-

1406 1077 1509 1105 ctum,
1535 1069 1574 1099 ad
1599 1079 1697 1099 unam
1722 1076 1752 1099 et
1775 1069 1910 1099 eandem
1934 1067 2152 1098 delectationis
2175 1066 2314 1107 speciem
2337 1072 2480 1106 spectant

1406 1114 1445 1144 ad
1469 1124 1568 1154 quam
1591 1120 1711 1154 spectat
1734 1112 1900 1144 delectatio
1925 1122 2124 1152 consequens
2149 1111 2280 1147 coitum,
2305 1120 2403 1151 quem
2423 1110 2479 1140 cir-

1407 1165 1600 1189 cumstarent
1629 1158 1655 1188 si
1679 1158 1810 1188 adesset.
1845 1157 1886 1187 Et
1915 1156 1988 1187 hinc
2026 1156 2192 1187 manifeste
2220 1155 2363 1196 sequitur
2390 1155 2480 1196 quod

1407 1203 1518 1233 oscula
1547 1209 1579 1233 et
1605 1202 1791 1233 huiusmodi
1816 1211 1890 1232 cum
1915 1211 2012 1232 uxore
2040 1201 2080 1231 ad
2104 1200 2293 1231 concubitus
2315 1199 2479 1230 matrimo-

1407 1247 1497 1278 nialis
1521 1246 1784 1285 delectationem,
1810 1256 1883 1277 cum
1908 1245 2013 1276 soluta
2041 1246 2081 1276 ad
2104 1244 2322 1276 fornicationis
2345 1244 2480 1275 delecta-

1407 1292 1539 1327 tionem,
1564 1301 1639 1322 cum
1663 1290 1899 1331 consanguinea
1923 1291 1963 1320 ad
1985 1290 2124 1320 incestus
2147 1289 2391 1320 delectationem
2410 1297 2479 1329 spe—

1408 1343 1502 1367 ctant.
1527 1336 1567 1366 Et
1591 1343 1756 1375 propterea
1781 1345 1856 1366 cum
1878 1345 1976 1366 uxore
1999 1344 2067 1365 non
2083 1341 2158 1365 sunt
2180 1340 2308 1374 peccata
2323 1332 2480 1369 mortalia,

1408 1391 1483 1412 cum
1507 1380 1575 1410 aliis
1599 1387 1706 1410 autem
1731 1387 1805 1410 sunt
1829 1379 1976 1410 mortalia
2000 1386 2136 1419 peccata.

1464 1425 1515 1457 IV.
1541 1425 1582 1455 Et
1604 1424 1760 1465 quoniam
1783 1423 1858 1454 huic
1882 1423 1996 1454 rationi
2020 1429 2125 1464 potest
2139 1422 2324 1463 responderi
2344 1421 2480 1452 dicendo

1408 1470 1497 1510 quod
1513 1469 1607 1499 habet
1627 1469 1738 1500 locum
1753 1469 1785 1499 in
1803 1468 1930 1505 osculis,
1947 1475 2016 1504 etc„
2037 1468 2167 1509 quando
2185 1474 2260 1498 sunt
2275 1467 2481 1498 circumstan-

1408 1514 1468 1544 tiae
1483 1514 1597 1551 coitus,
1622 1523 1688 1544 non
1708 1520 1815 1544 autem
1838 1514 1970 1554 quando
1988 1522 2052 1542 non
2069 1519 2143 1543 sunt
2161 1511 2413 1543 circumstantiae
2428 1520 2481 1542 co-

1380 1582 1382 1591 .
1408 1559 1481 1594 itus,
1495 1559 1551 1588 sed
1566 1558 1743 1588 secundum
1756 1567 1798 1594 se,
1814 1564 1850 1588 ut
1866 1558 1905 1588 de
1921 1557 1997 1597 ipsis
2012 1567 2098 1588 nunc
2114 1564 2161 1587 est
2177 1557 2336 1597 quaestio:
2353 1561 2483 1597 oportet

1408 1603 1470 1633 hoc
1495 1602 1669 1633 excludere.
1695 1602 1735 1632 Et
1758 1602 1864 1642 primo
1888 1601 2065 1632 excluditur
2087 1611 2144 1642 per
2167 1601 2230 1632 hoc
2252 1601 2342 1642 quod
2365 1601 2398 1631 in
2422 1600 2483 1641 pri—

1380 1649 1382 1688 }
1409 1657 1462 1678 ma
1485 1647 1706 1687 propositione
1730 1653 1932 1687 assumptum
1952 1653 2007 1682 est,
2032 1645 2149 1676 scilicet
2165 1646 2255 1686 quod
2270 1646 2437 1686 amplexus
2451 1651 2483 1676 et

1410 1691 1614 1728 huiusmodi,
1640 1698 1798 1732 quatenus
1822 1698 1896 1721 sunt
1919 1690 2114 1722 delectabilia
2141 1690 2319 1721 secundum
2343 1697 2481 1727 tactum,

1410 1740 1484 1766 s'unt
1514 1736 1692 1766 secundum
1716 1745 1806 1766 suam
1832 1742 1979 1766 naturam
2007 1734 2261 1766 circumstantiae
2291 1734 2404 1766 coitus.
2435 1735 2483 1766 Ex

1409 1780 1471 1810 hoc
1496 1779 1582 1810 enim
1606 1779 1749 1820 sequitur
1771 1780 1871 1820 quod,
1889 1779 1954 1810 sive
1969 1779 2174 1810 circumstent
2188 1786 2261 1810 actu
2278 1779 2401 1811 coitum
2417 1780 2483 1813 sive

1410 1834 1486 1860 non,
1511 1824 1593 1854 hanc
1616 1824 1735 1854 habent
1758 1830 1918 1859 naturam,
1943 1823 2033 1864 quod
2056 1824 2096 1854 ad
2120 1823 2295 1855 bonitatem
2321 1824 2369 1855 vel
2391 1825 2482 1856 mali-

1410 1868 1487 1899 tiam
1506 1868 1663 1898 moralem
1687 1877 1753 1898 non
1770 1874 1913 1908 spectant
1936 1867 1996 1898 nisi
2014 1874 2049 1898 ut
2065 1867 2334 1899 circumstantiae:
2359 1879 2397 1899 ex
2416 1879 2483 1910 quo

1410 1919 1485 1943 sunt
1507 1912 1685 1943 secundum
1702 1922 1735 1942 se
1752 1918 1840 1943 actus
1856 1911 2105 1943 circumstantes.
2129 1912 2170 1942 Et
2189 1912 2215 1942 si
2233 1912 2311 1943 haec
2327 1923 2394 1943 non
2409 1920 2484 1945 sunt

1410 1957 1494 1988 bona
1506 1956 1557 1986 vel
1572 1956 1656 1986 mala
1673 1955 1834 1987 moraliter
1846 1955 1906 1986 nisi
1920 1963 1955 1986 ut
1971 1956 2234 1993 circumstantiae,
2251 1964 2379 1998 oportet
2394 1957 2484 1998 quod

1410 2001 1554 2032 eiusdem
1577 2000 1726 2031 bonitatis
1750 2001 1799 2031 vel
1823 2000 1961 2031 malitiae
1984 2000 2047 2031 sint
2071 2007 2101 2031 et
2124 2001 2303 2031 secundum
2326 2011 2370 2038 se,
2394 2009 2426 2032 et
2449 2009 2485 2034 ut

1411 2046 1615 2076 circumstant
1638 2052 1744 2076 actum
1769 2045 1882 2076 coitus.
1908 2045 2006 2082 Quod
2030 2052 2076 2076 est
2098 2044 2269 2076 intentum.

1466 2090 1653 2120 Excluditur
1675 2090 1828 2126 secundo,
1852 2099 1909 2129 per
1931 2089 1993 2120 hoc
2017 2089 2107 2130 quod
2129 2097 2218 2120 actus
2241 2090 2303 2127 isti,
2327 2098 2485 2131 quatenu·

1411 2135 1589 2165 secundum
1613 2142 1734 2166 tactum
1757 2133 1956 2165 delectabiles
1980 2141 2075 2172 sunt,
2099 2133 2215 2165 directe
2239 2142 2270 2166 et
2298 2145 2354 2176 per
2377 2145 2411 2166 se
2434 2145 2485 2168 or-

1412 2179 1510 2210 dinati
1534 2187 1609 2210 sunt
1632 2188 1650 2208 a
1665 2186 1776 2210 natura
1800 2179 1840 2209 ad
1857 2178 2084 2210 concubitum:
2110 2185 2145 2209 ut
2161 2178 2194 2209 in
2210 2178 2278 2210 aliis
2294 2178 2486 2213 animalibus

1411 2230 1524 2254 natura
1547 2230 1688 2254 testatur.
1713 2225 1760 2253 Ac
1783 2233 1839 2263 per
1861 2222 1939 2259 hoc,
1963 2223 2094 2264 quando
2118 2222 2200 2254 fiunt
2221 2223 2415 2265 inquantum
2437 2234 2486 2256 se—

1411 2268 1554 2298 cundum
1578 2275 1699 2298 tactum
1723 2266 1931 2303 delectabiles,
1955 2267 1981 2297 si
2005 2267 2193 2298 ordinantur
2214 2268 2254 2298 ad
2277 2269 2486 2301 concubitum

1413 2312 1463 2342 vel
1485 2311 1570 2342 illius
1602 2311 1844 2342 delectationem
1875 2321 1913 2341 ex
1935 2311 2112 2342 intentione
2135 2312 2310 2352 operantis,
2335 2323 2486 2345 consum—

1412 2363 1531 2387 matam
1554 2355 1783 2396 perfectionem
1807 2356 1856 2386 sui
1881 2355 2001 2386 ordinis
2025 2356 2204 2397 acquirunt.
2228 2356 2262 2387 Si
2285 2367 2360 2388 vero
2385 2368 2422 2389 ex
2437 2358 2486 2390 in-

1411 2401 1552 2432 tentione
1576 2400 1736 2440 operantis
1760 2400 1799 2430 ab
1824 2399 1935 2430 ordine
1951 2400 1991 2430 ad
2007 2400 2216 2431 concubitum
2239 2408 2270 2432 et
2292 2402 2378 2433 illius
2402 2403 2486 2434 dele-

1413 2445 1584 2476 ctationem
1608 2444 1814 2480 retrahantur,
1839 2454 1876 2475 ex
1891 2454 1958 2485 quo
1982 2451 2088 2475 tamen
2105 2445 2302 2476 consentitur
2317 2446 2361 2477 eis
2377 2457 2486 2478 secun-

1414 2491 1492 2520 dum
1515 2489 1595 2520 illud
1620 2498 1657 2519 ex
1680 2499 1757 2530 quo,
1782 2495 1941 2530 quantum
1963 2488 1996 2519 in
2020 2499 2052 2519 se
2077 2496 2132 2526 est,
2158 2489 2346 2522 ordinantur
2369 2491 2486 2523 directe

1412 2535 1452 2565 ad
1477 2533 1684 2564 concubitum
1707 2534 1757 2563 vel
1780 2533 1865 2564 illius
1889 2533 2142 2570 delectationem,
2167 2533 2285 2570 scilicet
2307 2536 2485 2567 secundum

1413 2579 1503 2620 quod
1526 2585 1600 2608 sunt
1624 2577 1822 2608 delectabiles
1853 2578 2030 2609 secundum
2054 2585 2191 2615 tactum,
2222 2578 2296 2610 licet
2319 2590 2385 2611 non
2409 2590 2485 2612 con-

1413 2623 1565 2654 sentiatur
1595 2622 1627 2652 in
1651 2622 1758 2663 ipsum
1783 2622 1928 2653 ordinem
1952 2623 1991 2653 ad
2015 2622 2224 2654 concubitum
2247 2623 2298 2657 vel
2324 2624 2410 2656 illius
2433 2625 2486 2656 de-

1414 2667 1634 2703 lectationem,
1658 2667 1791 2697 redeunt
1818 2667 1858 2697 ad
1887 2674 2034 2698 naturam
2062 2677 2137 2698 suae
2164 2667 2296 2708 speciei:
2330 2670 2486 2710 quoniam

1415 2722 1479 2742 non
1504 2711 1616 2742 referre
1640 2711 1699 2741 hos
1723 2718 1811 2742 actus
1836 2718 1871 2741 ut
1894 2710 2108 2748 delectabiles,
2133 2712 2173 2742 ad
2196 2722 2302 2749 suum,
2327 2708 2508 2755 quantum*

1414 2757 1446 2787 in
1471 2766 1503 2786 se
1527 2763 1582 2792 est,
1607 2754 1714 2789 finem.
1739 2765 1805 2786 non
1829 2755 1931 2786 aufert
1953 2756 2016 2787 illis
2039 2756 2203 2796 propriam
2227 2757 2381 2798 speciem
2410 2758 2485 2800 quia

1415 2800 1577 2842 propriam
1601 2800 1740 2840 speciem
1764 2800 1881 2831 habent
1911 2810 1948 2830 ex
1970 2801 2032 2831 hoc
2056 2801 2146 2842 quod
2178 2803 2356 2833 secundum
2379 2813 2413 2833 se
2436 2812 2486 2834 or·

1386 2863 1388 2875 l
1415 2845 1564 2876 dinantur
1586 2845 1626 2875 ad
1650 2845 1745 2875 talem
1769 2843 1876 2881 finem,
1900 2853 1931 2876 et
1946 2855 2012 2876 non
2029 2855 2066 2876 ex
2082 2845 2144 2876 hoc
2167 2847 2256 2887 quod
2279 2847 2319 2877 ab
2334 2854 2486 2887 operante

1415 2890 1601 2920 ordinantur
1624 2889 1664 2919 ad
1687 2889 1783 2920 talem
1807 2888 1924 2928 finem,
1949 2889 2030 2921 sicut
2054 2890 2092 2921 de
2114 2890 2324 2922 seminatione
2344 2891 2487 2923 humana

1415 2934 1560 2975 superius
1575 2934 1593 2952 *
1616 2933 1736 2965 dictum
1761 2940 1807 2964 est
1831 2934 1920 2974 quod
1944 2944 2010 2965 non
2034 2944 2072 2965 ex
2095 2933 2157 2965 fine
2177 2932 2346 2976 operantis,
2371 2937 2426 2966 sed
2449 2946 2486 2967 ex

1415 2978 1477 3009 fine
1501 2978 1606 3020 operis
1630 2979 1808 3009 secundum
1831 2988 1864 3009 se
1888 2978 2095 3019 specificatur.

1471 3023 1510 3054 V.
1534 3022 1633 3060 Quod
1652 3030 1759 3054 autem
1781 3022 1859 3054 haec
1874 3022 1914 3054 sit
1930 3023 2073 3054 doctrina
2087 3023 2236 3055 Auctoris
2258 3023 2320 3054 hoc
2343 3023 2376 3055 in
2399 3025 2486 3062 loco,

1416 3067 1635 3098 manifestatur
1657 3067 1778 3108 primo,
1803 3077 1840 3098 ex
1855 3067 1918 3098 hoc
1940 3068 2029 3108 quod
2053 3067 2218 3108 distinguit
2239 3068 2349 3099 oscula
2372 3076 2403 3100 et
2425 3069 2485 3100 hu·

1416 3112 1555 3143 iusmodi
1570 3112 1603 3142 in
1620 3112 1686 3143 duo
1702 3121 1832 3152 genera:
1855 3111 1972 3143 scilicet
1995 3113 2174 3143 secundum
2189 3121 2239 3148 se;
2260 3119 2292 3144 et
2306 3112 2486 3150 libidinosa,

1416 3167 1498 3198 quae
1521 3163 1627 3187 censet
1651 3156 1804 3188 mortalia.
1831 3155 1966 3188 Constat
1979 3158 2088 3187 autem
2111 3158 2201 3198 quod
2223 3164 2312 3188 actus
2334 3157 2385 3189 isti
2409 3168 2487 3200 qua-

1416 3209 1508 3232 tenus
1532 3201 1730 3232 delectabiles
1754 3201 1932 3232 secundum
1948 3207 2078 3238 tactum,
2102 3208 2177 3232 sunt
2199 3201 2371 3233 libidinosi.
2398 3203 2486 3234 Tum

1416 3245 1491 3287 quia
1515 3245 1582 3286 ipse
1608 3245 1783 3285 coniugalis
1798 3244 1997 3281 concubitus,
2022 3244 2047 3275 si
2071 3244 2125 3277 fiat
2148 3246 2365 3277 delectationis
2382 3257 2486 3284 causa,

1416 3290 1605 3321 libidinosus
1623 3289 1753 3321 dicitur:
1775 3295 1812 3320 ut
1827 3288 1922 3320 etiam
1933 3288 1966 3319 in
1983 3289 2067 3320 calce
2078 3289 2095 3309 *
2111 3290 2240 3321 secundi
2256 3290 2378 3322 articuli
2391 3291 2487 3323 huius

1417 3334 1612 3376 quaestionis
1635 3334 1741 3365 habes.
1766 3351 1787 3357 -
1812 3333 1900 3364 Tum
1929 3333 2005 3374 quia
2033 3334 2243 3366 conscientiae
2267 3345 2428 3366 remorsus
2451 3346 2488 3368 ac

1418 3379 1567 3410 stimulus
1596 3387 1862 3420 unumquemque
1892 3377 1941 3408 his
1964 3378 2119 3409 irretitum
2143 3379 2290 3410 sollicitat
2319 3387 2354 3411 ut
2377 3390 2486 3417 reum,

1389 3449 1391 3464 2
1418 3431 1448 3454 et
1472 3433 1536 3453 non
1560 3421 1715 3453 irretitum
1739 3429 1831 3459 arcet,
1857 3429 1892 3452 ut
1916 3430 2081 3462 peccatum
2106 3433 2276 3454 venereum
2300 3424 2377 3455 haec
2401 3424 2484 3465 inge-

1418 3478 1500 3498 rens.
1523 3484 1544 3490 -
1568 3467 1657 3498 Tum
1687 3466 1763 3507 quia
1789 3475 1880 3506 agere
1903 3466 1980 3497 haec
2011 3468 2052 3497 ob
2077 3467 2318 3500 delectationem
2341 3476 2488 3500 verentur

1418 3521 1572 3552 personae
1595 3520 1704 3542 coram
1727 3510 1812 3547 aliis,
1836 3510 1939 3551 ipsam
1962 3511 2075 3542 talium
2099 3520 2230 3544 actuum
2253 3512 2486 3553 impudicitiam

1418 3565 1478 3586 suo
1502 3555 1625 3596 pudore
1649 3561 1839 3586 attestantes.
1864 3554 1966 3586 Cuius
1990 3556 2117 3595 signum
2141 3564 2189 3588 est
2210 3558 2300 3598 quod
2323 3557 2485 3597 coniuges,

1418 3600 1498 3631 inter
1521 3609 1604 3640 quos
1627 3598 1839 3639 praesumitur
1861 3600 1950 3640 quod
1966 3600 2185 3632 delectationis
2199 3611 2294 3632 causa
2312 3601 2390 3632 haec
2406 3610 2487 3633 exer—

1391 3670 1392 3675 ,
1419 3651 1517 3680 ceant,
1544 3650 1654 3674 cavent
1678 3642 1735 3673 sibi
1760 3643 1799 3673 ab
1824 3643 2009 3674 huiusmodi
2033 3645 2153 3676 actibus
2178 3655 2285 3676 coram
2308 3645 2386 3676 aliis.

2506 576 2565 598 ’Ad
2580 582 2600 604 5.

2513 2943 2523 2952 ·
2541 2943 2593 2964 Art.
2611 2947 2632 2970 2,
2654 2941 2726 2965 Com-

2513 2973 2585 2991 melss.
2600 2974 2665 2991 ΙΙΙΙΙΙΙ.
2679 2975 2702 2991 x.

2515 3298 2525 3308 ⁴
2540 3296 2610 3326 Rup-
2625 3297 2655 3320 nd
2668 3297 2690 3321 6.
