<?xml version="1.0" encoding="UTF-8"?>
<!DOCTYPE html PUBLIC "-//W3C//DTD XHTML 1.0 Transitional//EN"
    "http://www.w3.org/TR/xhtml1/DTD/xhtml1-transitional.dtd">
<html xmlns="http://www.w3.org/1999/xhtml" xml:lang="en" lang="en">
 <head>
  <title>
</title>
<meta http-equiv="Content-Type" content="text/html;charset=utf-8" />
  <meta name='ocr-system' content='tesseract 3.04.00' />
  <meta name='ocr-capabilities' content='ocr_page ocr_carea ocr_par ocr_line ocrx_word'/>
</head>
<body>
  <div class='ocr_page' id='page_1' title='image "./operaomniaiussui10thom/operaomniaiussui10thom_0076.png"; bbox 0 0 2768 4198; ppageno 0'>
   <div class='ocr_carea' id='block_1_1' title="bbox 43 539 254 567">
    <p class='ocr_par' dir='ltr' id='par_1_1' title="bbox 43 539 254 567">
     <span class='ocr_line' id='line_1_1' title="bbox 43 539 254 567; baseline 0 -7"><span class='ocrx_word' id='word_1_1' title='bbox 43 539 107 560; x_wconf 79' lang='lat' dir='ltr'>’Lib.</span> <span class='ocrx_word' id='word_1_2' title='bbox 114 539 142 565; x_wconf 74' lang='lat'>11,</span> <span class='ocrx_word' id='word_1_3' title='bbox 149 545 200 567; x_wconf 85' lang='lat' dir='ltr'>cap.</span> <span class='ocrx_word' id='word_1_4' title='bbox 207 545 254 560; x_wconf 80' lang='lat' dir='ltr'>xix.</span> 
     </span>
    </p>
   </div>
   <div class='ocr_carea' id='block_1_2' title="bbox 37 2224 108 2242">
    <p class='ocr_par' dir='ltr' id='par_1_2' title="bbox 37 2224 108 2242">
     <span class='ocr_line' id='line_1_2' title="bbox 37 2224 108 2242; baseline 0 0"><span class='ocrx_word' id='word_1_5' title='bbox 37 2224 43 2230; x_wconf 79' lang='lat'>⁸</span> <span class='ocrx_word' id='word_1_6' title='bbox 86 2228 108 2242; x_wconf 86' lang='lat' dir='ltr'>u.</span> 
     </span>
    </p>
   </div>
   <div class='ocr_carea' id='block_1_3' title="bbox 117 2225 246 2248">
    <p class='ocr_par' dir='ltr' id='par_1_3' title="bbox 117 2225 246 2248">
     <span class='ocr_line' id='line_1_3' title="bbox 117 2225 246 2248; baseline -0.008 -5"><span class='ocrx_word' id='word_1_7' title='bbox 117 2227 196 2248; x_wconf 80' lang='lat' dir='ltr'>cxxm,</span> <span class='ocrx_word' id='word_1_8' title='bbox 205 2225 246 2243; x_wconf 84' lang='lat' dir='ltr'>art.</span> 
     </span>
    </p>
   </div>
   <div class='ocr_carea' id='block_1_4' title="bbox 34 2249 200 2275">
    <p class='ocr_par' dir='ltr' id='par_1_4' title="bbox 34 2249 200 2275">
     <span class='ocr_line' id='line_1_4' title="bbox 34 2249 200 2275; baseline 0 -5"><span class='ocrx_word' id='word_1_9' title='bbox 34 2254 55 2275; x_wconf 86' lang='lat'>7,</span> <span class='ocrx_word' id='word_1_10' title='bbox 69 2249 200 2270; x_wconf 60' lang='lat' dir='ltr'>hommem.</span> 
     </span>
    </p>
   </div>
   <div class='ocr_carea' id='block_1_5' title="bbox 114 2379 248 2400">
    <p class='ocr_par' dir='ltr' id='par_1_5' title="bbox 114 2379 248 2400">
     <span class='ocr_line' id='line_1_5' title="bbox 114 2379 248 2400; baseline 0.007 -1"><span class='ocrx_word' id='word_1_11' title='bbox 114 2393 119 2399; x_wconf 93' lang='lat'>.</span> <span class='ocrx_word' id='word_1_12' title='bbox 135 2379 186 2400; x_wconf 85' lang='lat' dir='ltr'>lect.</span> <span class='ocrx_word' id='word_1_13' title='bbox 201 2384 248 2400; x_wconf 84' lang='lat' dir='ltr'>xtv.</span> 
     </span>
    </p>
   </div>
   <div class='ocr_carea' id='block_1_6' title="bbox 288 289 1819 342">
    <p class='ocr_par' dir='ltr' id='par_1_6' title="bbox 288 289 1819 342">
     <span class='ocr_line' id='line_1_6' title="bbox 288 289 1819 342; baseline -0.003 -10"><span class='ocrx_word' id='word_1_14' title='bbox 288 297 337 342; x_wconf 83' lang='lat'>34</span> <span class='ocrx_word' id='word_1_15' title='bbox 935 290 1203 338; x_wconf 81' lang='lat' dir='ltr'>QUAESTIO</span> <span class='ocrx_word' id='word_1_16' title='bbox 1235 289 1411 337; x_wconf 83' lang='lat' dir='ltr'>cxxiv,</span> <span class='ocrx_word' id='word_1_17' title='bbox 1440 290 1740 328; x_wconf 81' lang='lat' dir='ltr'><strong>ARTICULUS</strong></span> <span class='ocrx_word' id='word_1_18' title='bbox 1771 292 1819 327; x_wconf 90' lang='lat'>111</span> 
     </span>
    </p>
   </div>
   <div class='ocr_carea' id='block_1_7' title="bbox 283 367 2480 630">
    <p class='ocr_par' dir='ltr' id='par_1_7' title="bbox 283 367 2480 630">
     <span class='ocr_line' id='line_1_7' title="bbox 284 367 2478 423; baseline -0.003 -12"><span class='ocrx_word' id='word_1_19' title='bbox 284 374 524 423; x_wconf 82' lang='lat' dir='ltr'>perfectionis</span> <span class='ocrx_word' id='word_1_20' title='bbox 560 374 630 410; x_wconf 91' lang='lat' dir='ltr'>sub</span> <span class='ocrx_word' id='word_1_21' title='bbox 670 371 827 408; x_wconf 91' lang='lat' dir='ltr'>consilio</span> <span class='ocrx_word' id='word_1_22' title='bbox 862 370 1001 407; x_wconf 88' lang='lat' dir='ltr'>cadens</span> <span class='ocrx_word' id='word_1_23' title='bbox 1039 369 1104 416; x_wconf 90' lang='lat' dir='ltr'>qui</span> <span class='ocrx_word' id='word_1_24' title='bbox 1142 368 1179 404; x_wconf 90' lang='lat' dir='ltr'>in</span> <span class='ocrx_word' id='word_1_25' title='bbox 1223 367 1350 416; x_wconf 85' lang='lat' dir='ltr'>aliquo</span> <span class='ocrx_word' id='word_1_26' title='bbox 1379 367 1382 406; x_wconf 91' lang='grc' dir='ltr'>Ι</span> <span class='ocrx_word' id='word_1_27' title='bbox 1461 370 1521 405; x_wconf 84' lang='lat' dir='ltr'>An</span> <span class='ocrx_word' id='word_1_28' title='bbox 1549 381 1741 407; x_wconf 74' lang='lat' dir='ltr'>SECUNDUM</span> <span class='ocrx_word' id='word_1_29' title='bbox 1770 381 1956 407; x_wconf 64' lang='lat' dir='ltr'>mesanum</span> <span class='ocrx_word' id='word_1_30' title='bbox 1986 369 2091 418; x_wconf 90' lang='lat' dir='ltr'>quod</span> <span class='ocrx_word' id='word_1_31' title='bbox 2121 369 2344 418; x_wconf 88' lang='lat' dir='ltr'>martyrium</span> <span class='ocrx_word' id='word_1_32' title='bbox 2375 380 2478 405; x_wconf 90' lang='lat' dir='ltr'>com-</span> 
     </span>
     <span class='ocr_line' id='line_1_8' title="bbox 286 421 2479 472; baseline -0.002 -9"><span class='ocrx_word' id='word_1_33' title='bbox 286 435 426 463; x_wconf 88' lang='lat' dir='ltr'>eventu</span> <span class='ocrx_word' id='word_1_34' title='bbox 454 439 532 463; x_wconf 91' lang='lat' dir='ltr'>non</span> <span class='ocrx_word' id='word_1_35' title='bbox 568 426 677 462; x_wconf 87' lang='lat' dir='ltr'>cadat</span> <span class='ocrx_word' id='word_1_36' title='bbox 712 425 782 461; x_wconf 90' lang='lat' dir='ltr'>sub</span> <span class='ocrx_word' id='word_1_37' title='bbox 811 430 1033 472; x_wconf 89' lang='lat' dir='ltr'>praecepto,</span> <span class='ocrx_word' id='word_1_38' title='bbox 1064 421 1171 470; x_wconf 85' lang='lat' dir='ltr'>quasi</span> <span class='ocrx_word' id='word_1_39' title='bbox 1208 421 1256 457; x_wconf 92' lang='lat' dir='ltr'>de</span> <span class='ocrx_word' id='word_1_40' title='bbox 1286 432 1350 457; x_wconf 91' lang='lat' dir='ltr'>ne·</span> <span class='ocrx_word' id='word_1_41' title='bbox 1406 421 1583 469; x_wconf 86' lang='lat' dir='ltr'>plectitur</span> <span class='ocrx_word' id='word_1_42' title='bbox 1618 422 1657 459; x_wconf 90' lang='lat' dir='ltr'>id</span> <span class='ocrx_word' id='word_1_43' title='bbox 1691 423 1798 471; x_wconf 93' lang='lat' dir='ltr'>quod</span> <span class='ocrx_word' id='word_1_44' title='bbox 1830 434 2028 460; x_wconf 89' lang='lat' dir='ltr'>summum</span> <span class='ocrx_word' id='word_1_45' title='bbox 2064 422 2103 459; x_wconf 92' lang='lat' dir='ltr'>in</span> <span class='ocrx_word' id='word_1_46' title='bbox 2141 421 2359 459; x_wconf 87' lang='lat' dir='ltr'>obedientia</span> <span class='ocrx_word' id='word_1_47' title='bbox 2397 433 2479 458; x_wconf 92' lang='lat' dir='ltr'>esse</span> 
     </span>
     <span class='ocr_line' id='line_1_9' title="bbox 285 472 2480 525; baseline -0.002 -9"><span class='ocrx_word' id='word_1_48' title='bbox 285 480 454 516; x_wconf 87' lang='lat' dir='ltr'>cessitate</span> <span class='ocrx_word' id='word_1_49' title='bbox 475 479 602 516; x_wconf 86' lang='lat' dir='ltr'>salutis</span> <span class='ocrx_word' id='word_1_50' title='bbox 623 478 802 514; x_wconf 86' lang='lat' dir='ltr'>existens:</span> <span class='ocrx_word' id='word_1_51' title='bbox 829 476 923 512; x_wconf 89' lang='lat' dir='ltr'>sicut</span> <span class='ocrx_word' id='word_1_52' title='bbox 942 474 1175 522; x_wconf 89' lang='lat' dir='ltr'>Augustinus</span> <span class='ocrx_word' id='word_1_53' title='bbox 1197 473 1297 520; x_wconf 81' lang='lat' dir='ltr'>dicit,</span> <span class='ocrx_word' id='word_1_54' title='bbox 1313 473 1352 510; x_wconf 92' lang='lat' dir='ltr'>in</span> <span class='ocrx_word' id='word_1_55' title='bbox 1380 500 1381 519; x_wconf 64' lang='lat'>3</span> <span class='ocrx_word' id='word_1_56' title='bbox 1406 481 1533 522; x_wconf 91' lang='lat' dir='ltr'>potest</span> <span class='ocrx_word' id='word_1_57' title='bbox 1551 472 1576 521; x_wconf 59' lang='grc' dir='ltr'>ὅ,</span> <span class='ocrx_word' id='word_1_58' title='bbox 1597 482 1639 511; x_wconf 92' lang='lat' dir='ltr'>ut</span> <span class='ocrx_word' id='word_1_59' title='bbox 1667 475 1816 520; x_wconf 86' lang='lat' dir='ltr'>scilicet</span> <span class='ocrx_word' id='word_1_60' title='bbox 1834 475 1968 525; x_wconf 87' lang='lat' dir='ltr'>aliquis</span> <span class='ocrx_word' id='word_1_61' title='bbox 1992 475 2038 512; x_wconf 93' lang='lat' dir='ltr'>sit</span> <span class='ocrx_word' id='word_1_62' title='bbox 2066 475 2251 513; x_wconf 90' lang='lat' dir='ltr'>obediens</span> <span class='ocrx_word' id='word_1_63' title='bbox 2279 487 2402 525; x_wconf 91' lang='lat' dir='ltr'>usque</span> <span class='ocrx_word' id='word_1_64' title='bbox 2431 475 2480 512; x_wconf 88' lang='lat' dir='ltr'>ad</span> 
     </span>
     <span class='ocr_line' id='line_1_10' title="bbox 283 526 2478 577; baseline -0.002 -8"><span class='ocrx_word' id='word_1_65' title='bbox 283 533 376 569; x_wconf 93' lang='lat' dir='ltr'>libro</span> <span class='ocrx_word' id='word_1_66' title='bbox 397 533 443 569; x_wconf 90' lang='lat' dir='ltr'>de</span> <span class='ocrx_word' id='word_1_67' title='bbox 460 531 689 568; x_wconf 84' lang='lat' dir='ltr'>Adulterinis</span> <span class='ocrx_word' id='word_1_68' title='bbox 713 529 907 577; x_wconf 80' lang='lat' dir='ltr'>Coniugiis</span> <span class='ocrx_word' id='word_1_69' title='bbox 925 527 956 574; x_wconf 68' lang='lat'>²⁸,</span> <span class='ocrx_word' id='word_1_70' title='bbox 979 527 1084 575; x_wconf 92' lang='lat' dir='ltr'>quod</span> <span class='ocrx_word' id='word_1_71' title='bbox 1104 526 1237 575; x_wconf 90' lang='lat' dir='ltr'>aliquis</span> <span class='ocrx_word' id='word_1_72' title='bbox 1260 526 1351 562; x_wconf 90' lang='lat' dir='ltr'>inci·</span> <span class='ocrx_word' id='word_1_73' title='bbox 1379 545 1381 548; x_wconf 92' lang='lat'>·</span> <span class='ocrx_word' id='word_1_74' title='bbox 1407 534 1595 564; x_wconf 88' lang='lat' dir='ltr'>mortem:</span> <span class='ocrx_word' id='word_1_75' title='bbox 1634 527 1729 565; x_wconf 90' lang='lat' dir='ltr'>sicut</span> <span class='ocrx_word' id='word_1_76' title='bbox 1757 529 1804 566; x_wconf 93' lang='lat' dir='ltr'>de</span> <span class='ocrx_word' id='word_1_77' title='bbox 1834 529 1986 566; x_wconf 89' lang='lat' dir='ltr'>Christo</span> <span class='ocrx_word' id='word_1_78' title='bbox 2020 529 2173 576; x_wconf 88' lang='lat' dir='ltr'>legitur,</span> <span class='ocrx_word' id='word_1_79' title='bbox 2202 528 2360 577; x_wconf 82' lang='lat' dir='ltr'>Philipp.</span> <span class='ocrx_word' id='word_1_80' title='bbox 2391 540 2415 565; x_wconf 91' lang='lat'>11</span> <span class='ocrx_word' id='word_1_81' title='bbox 2437 527 2478 571; x_wconf 68' lang='lat'>³⁸,</span> 
     </span>
     <span class='ocr_line' id='line_1_11' title="bbox 284 574 2479 630; baseline -0.002 -9"><span class='ocrx_word' id='word_1_82' title='bbox 284 585 337 622; x_wconf 92' lang='lat' dir='ltr'>dit</span> <span class='ocrx_word' id='word_1_83' title='bbox 366 585 403 622; x_wconf 94' lang='lat' dir='ltr'>in</span> <span class='ocrx_word' id='word_1_84' title='bbox 440 584 704 621; x_wconf 87' lang='lat' dir='ltr'>necessitatem</span> <span class='ocrx_word' id='word_1_85' title='bbox 734 581 988 618; x_wconf 84' lang='lat' dir='ltr'>continentiae</span> <span class='ocrx_word' id='word_1_86' title='bbox 1022 581 1235 616; x_wconf 89' lang='lat' dir='ltr'>servandae</span> <span class='ocrx_word' id='word_1_87' title='bbox 1263 591 1352 627; x_wconf 85' lang='lat' dir='ltr'>pro·</span> <span class='ocrx_word' id='word_1_88' title='bbox 1379 574 1381 595; x_wconf 76' lang='lat'>¹</span> <span class='ocrx_word' id='word_1_89' title='bbox 1407 580 1512 628; x_wconf 93' lang='lat' dir='ltr'>quod</span> <span class='ocrx_word' id='word_1_90' title='bbox 1530 581 1663 628; x_wconf 89' lang='lat' dir='ltr'>factus</span> <span class='ocrx_word' id='word_1_91' title='bbox 1691 586 1746 617; x_wconf 89' lang='lat' dir='ltr'>est</span> <span class='ocrx_word' id='word_1_92' title='bbox 1764 582 1939 618; x_wconf 86' lang='lat' dir='ltr'>obediens</span> <span class='ocrx_word' id='word_1_93' title='bbox 1958 594 2075 630; x_wconf 84' lang='lat' dir='ltr'>usque</span> <span class='ocrx_word' id='word_1_94' title='bbox 2097 584 2149 619; x_wconf 89' lang='lat' dir='ltr'>ad</span> <span class='ocrx_word' id='word_1_95' title='bbox 2165 587 2337 619; x_wconf 89' lang='lat' dir='ltr'>mortem.</span> <span class='ocrx_word' id='word_1_96' title='bbox 2368 581 2479 619; x_wconf 90' lang='lat' dir='ltr'>Unde</span> 
     </span>
    </p>
   </div>
   <div class='ocr_carea' id='block_1_8' title="bbox 263 632 2480 686">
    <p class='ocr_par' dir='ltr' id='par_1_8' title="bbox 263 632 2480 686">
     <span class='ocr_line' id='line_1_12' title="bbox 263 632 2480 686; baseline -0.002 -11"><span class='ocrx_word' id='word_1_97' title='bbox 263 646 365 686; x_wconf 86' lang='lat' dir='ltr'>pter</span> <span class='ocrx_word' id='word_1_98' title='bbox 392 634 604 674; x_wconf 80' lang='lat' dir='ltr'>absentiam</span> <span class='ocrx_word' id='word_1_99' title='bbox 633 636 694 672; x_wconf 88' lang='lat' dir='ltr'>vel</span> <span class='ocrx_word' id='word_1_100' title='bbox 723 634 981 671; x_wconf 86' lang='lat' dir='ltr'>infirmitatem</span> <span class='ocrx_word' id='word_1_101' title='bbox 1016 633 1155 669; x_wconf 89' lang='lat' dir='ltr'>uxoris.</span> <span class='ocrx_word' id='word_1_102' title='bbox 1186 633 1235 668; x_wconf 89' lang='lat' dir='ltr'>Et</span> <span class='ocrx_word' id='word_1_103' title='bbox 1263 632 1350 669; x_wconf 92' lang='lat' dir='ltr'>ideo</span> <span class='ocrx_word' id='word_1_104' title='bbox 1406 639 1510 680; x_wconf 89' lang='lat' dir='ltr'>patet</span> <span class='ocrx_word' id='word_1_105' title='bbox 1529 633 1635 682; x_wconf 95' lang='lat' dir='ltr'>quod</span> <span class='ocrx_word' id='word_1_106' title='bbox 1654 634 1879 682; x_wconf 89' lang='lat' dir='ltr'>martyrium</span> <span class='ocrx_word' id='word_1_107' title='bbox 1899 635 2113 672; x_wconf 88' lang='lat' dir='ltr'>secundum</span> <span class='ocrx_word' id='word_1_108' title='bbox 2130 647 2170 672; x_wconf 91' lang='lat' dir='ltr'>se</span> <span class='ocrx_word' id='word_1_109' title='bbox 2201 643 2256 672; x_wconf 92' lang='lat' dir='ltr'>est</span> <span class='ocrx_word' id='word_1_110' title='bbox 2278 634 2480 684; x_wconf 83' lang='lat' dir='ltr'>perfectius</span> 
     </span>
    </p>
   </div>
   <div class='ocr_carea' id='block_1_9' title="bbox 280 685 2482 1054">
    <p class='ocr_par' dir='ltr' id='par_1_9' title="bbox 283 685 2116 737">
     <span class='ocr_line' id='line_1_13' title="bbox 283 685 2116 737; baseline -0.002 -9"><span class='ocrx_word' id='word_1_111' title='bbox 283 703 360 728; x_wconf 91' lang='lat' dir='ltr'>non</span> <span class='ocrx_word' id='word_1_112' title='bbox 382 699 437 727; x_wconf 89' lang='lat' dir='ltr'>est</span> <span class='ocrx_word' id='word_1_113' title='bbox 457 698 587 726; x_wconf 86' lang='lat' dir='ltr'>contra</span> <span class='ocrx_word' id='word_1_114' title='bbox 615 687 888 737; x_wconf 87' lang='lat' dir='ltr'>perfectionem</span> <span class='ocrx_word' id='word_1_115' title='bbox 908 686 1077 734; x_wconf 89' lang='lat' dir='ltr'>martyrii</span> <span class='ocrx_word' id='word_1_116' title='bbox 1107 685 1193 722; x_wconf 90' lang='lat' dir='ltr'>siin</span> <span class='ocrx_word' id='word_1_117' title='bbox 1223 685 1351 734; x_wconf 91' lang='lat' dir='ltr'>aliquo</span> <span class='ocrx_word' id='word_1_118' title='bbox 1380 703 1381 727; x_wconf 72' lang='grc' dir='ltr'><strong>ς</strong></span> <span class='ocrx_word' id='word_1_119' title='bbox 1408 697 1526 734; x_wconf 89' lang='lat' dir='ltr'>quam</span> <span class='ocrx_word' id='word_1_120' title='bbox 1555 685 1775 723; x_wconf 87' lang='lat' dir='ltr'>obedientia</span> <span class='ocrx_word' id='word_1_121' title='bbox 1803 687 1977 724; x_wconf 88' lang='lat' dir='ltr'>absolute</span> <span class='ocrx_word' id='word_1_122' title='bbox 2006 688 2116 725; x_wconf 90' lang='lat' dir='ltr'>dicta.</span> 
     </span>
    </p>

    <p class='ocr_par' dir='ltr' id='par_1_10' title="bbox 280 738 2482 1000">
     <span class='ocr_line' id='line_1_14' title="bbox 282 738 2482 790; baseline -0.001 -10"><span class='ocrx_word' id='word_1_123' title='bbox 282 755 371 780; x_wconf 87' lang='lat' dir='ltr'>casu</span> <span class='ocrx_word' id='word_1_124' title='bbox 401 743 447 779; x_wconf 84' lang='lat' dir='ltr'>sit</span> <span class='ocrx_word' id='word_1_125' title='bbox 476 743 522 779; x_wconf 89' lang='lat' dir='ltr'>de</span> <span class='ocrx_word' id='word_1_126' title='bbox 552 741 772 778; x_wconf 88' lang='lat' dir='ltr'>necessitate</span> <span class='ocrx_word' id='word_1_127' title='bbox 807 739 946 776; x_wconf 91' lang='lat' dir='ltr'>salutis.</span> <span class='ocrx_word' id='word_1_128' title='bbox 987 740 1055 775; x_wconf 91' lang='lat' dir='ltr'>Est</span> <span class='ocrx_word' id='word_1_129' title='bbox 1084 738 1188 775; x_wconf 90' lang='lat' dir='ltr'>enim</span> <span class='ocrx_word' id='word_1_130' title='bbox 1217 738 1352 787; x_wconf 90' lang='lat' dir='ltr'>aliquis</span> <span class='ocrx_word' id='word_1_131' title='bbox 1380 741 1381 757; x_wconf 74' lang='lat'>³</span> <span class='ocrx_word' id='word_1_132' title='bbox 1460 740 1520 775; x_wconf 81' lang='lat' dir='ltr'>An</span> <span class='ocrx_word' id='word_1_133' title='bbox 1548 750 1710 776; x_wconf 71' lang='lat' dir='ltr'>marium</span> <span class='ocrx_word' id='word_1_134' title='bbox 1743 750 1929 777; x_wconf 68' lang='lat' dir='ltr'>mesanum</span> <span class='ocrx_word' id='word_1_135' title='bbox 1958 741 2063 789; x_wconf 91' lang='lat' dir='ltr'>quod</span> <span class='ocrx_word' id='word_1_136' title='bbox 2091 741 2187 778; x_wconf 91' lang='lat' dir='ltr'>ratio</span> <span class='ocrx_word' id='word_1_137' title='bbox 2220 741 2282 778; x_wconf 91' lang='lat' dir='ltr'>illa</span> <span class='ocrx_word' id='word_1_138' title='bbox 2310 740 2482 790; x_wconf 89' lang='lat' dir='ltr'>procedit</span> 
     </span>
     <span class='ocr_line' id='line_1_15' title="bbox 282 791 2479 843; baseline -0 -11"><span class='ocrx_word' id='word_1_139' title='bbox 282 809 390 832; x_wconf 84' lang='lat' dir='ltr'>casus</span> <span class='ocrx_word' id='word_1_140' title='bbox 406 796 442 832; x_wconf 89' lang='lat' dir='ltr'>in</span> <span class='ocrx_word' id='word_1_141' title='bbox 465 807 542 842; x_wconf 87' lang='lat' dir='ltr'>quo</span> <span class='ocrx_word' id='word_1_142' title='bbox 560 793 781 841; x_wconf 88' lang='lat' dir='ltr'>martyrium</span> <span class='ocrx_word' id='word_1_143' title='bbox 799 792 966 840; x_wconf 90' lang='lat' dir='ltr'>perferre</span> <span class='ocrx_word' id='word_1_144' title='bbox 983 804 1061 828; x_wconf 93' lang='lat' dir='ltr'>non</span> <span class='ocrx_word' id='word_1_145' title='bbox 1083 800 1138 828; x_wconf 92' lang='lat' dir='ltr'>est</span> <span class='ocrx_word' id='word_1_146' title='bbox 1153 791 1201 828; x_wconf 93' lang='lat' dir='ltr'>de</span> <span class='ocrx_word' id='word_1_147' title='bbox 1221 803 1353 828; x_wconf 90' lang='lat' dir='ltr'>neces·</span> <span class='ocrx_word' id='word_1_148' title='bbox 1380 827 1381 838; x_wconf 35' lang='lat'>2</span> <span class='ocrx_word' id='word_1_149' title='bbox 1408 792 1456 828; x_wconf 92' lang='lat' dir='ltr'>de</span> <span class='ocrx_word' id='word_1_150' title='bbox 1485 791 1666 840; x_wconf 89' lang='lat' dir='ltr'>martyrio</span> <span class='ocrx_word' id='word_1_151' title='bbox 1696 792 1912 830; x_wconf 89' lang='lat' dir='ltr'>secundum</span> <span class='ocrx_word' id='word_1_152' title='bbox 1940 794 2136 842; x_wconf 86' lang='lat' dir='ltr'>propriam</span> <span class='ocrx_word' id='word_1_153' title='bbox 2166 794 2335 843; x_wconf 91' lang='lat' dir='ltr'>speciem</span> <span class='ocrx_word' id='word_1_154' title='bbox 2361 802 2479 839; x_wconf 65' lang='lat' dir='ltr'>actm,</span> 
     </span>
     <span class='ocr_line' id='line_1_16' title="bbox 281 844 2481 895; baseline -0 -10"><span class='ocrx_word' id='word_1_155' title='bbox 281 849 387 886; x_wconf 85' lang='lat' dir='ltr'>sitate</span> <span class='ocrx_word' id='word_1_156' title='bbox 416 848 558 884; x_wconf 88' lang='lat' dir='ltr'>salutis:</span> <span class='ocrx_word' id='word_1_157' title='bbox 589 854 681 895; x_wconf 90' lang='lat' dir='ltr'>puta</span> <span class='ocrx_word' id='word_1_158' title='bbox 707 857 795 882; x_wconf 90' lang='lat' dir='ltr'>cum</span> <span class='ocrx_word' id='word_1_159' title='bbox 826 857 871 882; x_wconf 88' lang='lat' dir='ltr'>ex</span> <span class='ocrx_word' id='word_1_160' title='bbox 905 845 986 881; x_wconf 91' lang='lat' dir='ltr'>zelo</span> <span class='ocrx_word' id='word_1_161' title='bbox 1016 844 1107 882; x_wconf 89' lang='lat' dir='ltr'>fidei</span> <span class='ocrx_word' id='word_1_162' title='bbox 1135 852 1171 880; x_wconf 92' lang='lat' dir='ltr'>et</span> <span class='ocrx_word' id='word_1_163' title='bbox 1200 844 1354 881; x_wconf 88' lang='lat' dir='ltr'>caritate</span> <span class='ocrx_word' id='word_1_164' title='bbox 1380 845 1381 850; x_wconf 77' lang='grc'>’</span> <span class='ocrx_word' id='word_1_165' title='bbox 1409 856 1452 880; x_wconf 89' lang='lat' dir='ltr'>ex</span> <span class='ocrx_word' id='word_1_166' title='bbox 1478 856 1556 892; x_wconf 89' lang='lat' dir='ltr'>qua</span> <span class='ocrx_word' id='word_1_167' title='bbox 1580 857 1659 881; x_wconf 91' lang='lat' dir='ltr'>non</span> <span class='ocrx_word' id='word_1_168' title='bbox 1683 845 1800 881; x_wconf 90' lang='lat' dir='ltr'>habet</span> <span class='ocrx_word' id='word_1_169' title='bbox 1823 845 2083 883; x_wconf 84' lang='lat' dir='ltr'>excellentiam</span> <span class='ocrx_word' id='word_1_170' title='bbox 2104 847 2200 884; x_wconf 91' lang='lat' dir='ltr'>inter</span> <span class='ocrx_word' id='word_1_171' title='bbox 2219 859 2356 884; x_wconf 90' lang='lat' dir='ltr'>omnes</span> <span class='ocrx_word' id='word_1_172' title='bbox 2375 855 2481 884; x_wconf 88' lang='lat' dir='ltr'>actus</span> 
     </span>
     <span class='ocr_line' id='line_1_17' title="bbox 281 897 2482 946; baseline -0 -8"><span class='ocrx_word' id='word_1_173' title='bbox 281 902 443 938; x_wconf 89' lang='lat' dir='ltr'>fraterna</span> <span class='ocrx_word' id='word_1_174' title='bbox 463 899 654 936; x_wconf 90' lang='lat' dir='ltr'>multoties</span> <span class='ocrx_word' id='word_1_175' title='bbox 673 900 848 946; x_wconf 87' lang='lat' dir='ltr'>leguntur</span> <span class='ocrx_word' id='word_1_176' title='bbox 867 898 986 935; x_wconf 87' lang='lat' dir='ltr'>sancti</span> <span class='ocrx_word' id='word_1_177' title='bbox 1006 906 1194 946; x_wconf 84' lang='lat' dir='ltr'>martyres</span> <span class='ocrx_word' id='word_1_178' title='bbox 1216 906 1353 946; x_wconf 90' lang='lat' dir='ltr'>sponte</span> <span class='ocrx_word' id='word_1_179' title='bbox 1380 919 1382 932; x_wconf 61' lang='grc' dir='ltr'>ι</span> <span class='ocrx_word' id='word_1_180' title='bbox 1407 897 1613 934; x_wconf 85' lang='lat' dir='ltr'>virtutum:</span> <span class='ocrx_word' id='word_1_181' title='bbox 1644 897 1740 934; x_wconf 90' lang='lat' dir='ltr'>sicut</span> <span class='ocrx_word' id='word_1_182' title='bbox 1759 910 1830 935; x_wconf 89' lang='lat' dir='ltr'>nec</span> <span class='ocrx_word' id='word_1_183' title='bbox 1849 898 2030 936; x_wconf 88' lang='lat' dir='ltr'>fortitudo</span> <span class='ocrx_word' id='word_1_184' title='bbox 2051 907 2107 936; x_wconf 86' lang='lat' dir='ltr'>est</span> <span class='ocrx_word' id='word_1_185' title='bbox 2126 901 2369 937; x_wconf 86' lang='lat' dir='ltr'>excellentior</span> <span class='ocrx_word' id='word_1_186' title='bbox 2386 900 2482 937; x_wconf 85' lang='lat' dir='ltr'>inter</span> 
     </span>
     <span class='ocr_line' id='line_1_18' title="bbox 280 951 1748 1000; baseline -0.001 -10"><span class='ocrx_word' id='word_1_187' title='bbox 280 967 319 991; x_wconf 86' lang='lat' dir='ltr'>se</span> <span class='ocrx_word' id='word_1_188' title='bbox 340 953 519 990; x_wconf 89' lang='lat' dir='ltr'>obtulisse</span> <span class='ocrx_word' id='word_1_189' title='bbox 548 952 741 1000; x_wconf 89' lang='lat' dir='ltr'>martyrio.</span> <span class='ocrx_word' id='word_1_190' title='bbox 762 972 787 980; x_wconf 93' lang='lat'><em>-</em></span> <span class='ocrx_word' id='word_1_191' title='bbox 808 953 872 988; x_wconf 91' lang='lat' dir='ltr'>Illa</span> <span class='ocrx_word' id='word_1_192' title='bbox 892 960 1021 989; x_wconf 90' lang='lat' dir='ltr'>autem</span> <span class='ocrx_word' id='word_1_193' title='bbox 1041 959 1246 1000; x_wconf 90' lang='lat' dir='ltr'>praecepta</span> <span class='ocrx_word' id='word_1_194' title='bbox 1266 958 1354 988; x_wconf 90' lang='lat' dir='ltr'>sunt</span> <span class='ocrx_word' id='word_1_195' title='bbox 1409 963 1546 988; x_wconf 87' lang='lat' dir='ltr'>omnes</span> <span class='ocrx_word' id='word_1_196' title='bbox 1575 951 1748 988; x_wconf 82' lang='lat' dir='ltr'>virtutes.</span> 
     </span>
    </p>

    <p class='ocr_par' dir='ltr' id='par_1_11' title="bbox 280 1004 1382 1054">
     <span class='ocr_line' id='line_1_19' title="bbox 280 1004 1382 1054; baseline -0.003 -11"><span class='ocrx_word' id='word_1_197' title='bbox 280 1007 521 1054; x_wconf 88' lang='lat' dir='ltr'>intelligenda</span> <span class='ocrx_word' id='word_1_198' title='bbox 550 1006 764 1043; x_wconf 89' lang='lat' dir='ltr'>secundum</span> <span class='ocrx_word' id='word_1_199' title='bbox 804 1005 1138 1054; x_wconf 89' lang='lat' dir='ltr'>praeparationem</span> <span class='ocrx_word' id='word_1_200' title='bbox 1169 1004 1299 1041; x_wconf 89' lang='lat' dir='ltr'>animi.</span> <span class='ocrx_word' id='word_1_201' title='bbox 1381 1005 1382 1015; x_wconf 93' lang='lat'>¹</span> 
     </span>
    </p>
   </div>
   <div class='ocr_carea' id='block_1_10' title="bbox 1017 1085 1542 1088">
    <p class='ocr_par' dir='ltr' id='par_1_12' title="bbox 1017 1085 1542 1088">
     <span class='ocr_line' id='line_1_20' title="bbox 1017 1085 1542 1088; baseline 0 0"><span class='ocrx_word' id='word_1_202' title='bbox 1017 1085 1542 1088; x_wconf 95' lang='lat' dir='ltr'> </span> 
     </span>
    </p>
   </div>
   <div class='ocr_carea' id='block_1_11' title="bbox 331 1120 684 1152">
    <p class='ocr_par' dir='ltr' id='par_1_13' title="bbox 331 1120 684 1152">
     <span class='ocr_line' id='line_1_21' title="bbox 331 1120 684 1152; baseline -0.003 -7"><span class='ocrx_word' id='word_1_203' title='bbox 331 1120 355 1151; x_wconf 79' lang='grc' dir='ltr'>ὃ)</span> <span class='ocrx_word' id='word_1_204' title='bbox 376 1128 432 1146; x_wconf 83' lang='lat' dir='ltr'>esse</span> <span class='ocrx_word' id='word_1_205' title='bbox 447 1123 548 1152; x_wconf 84' lang='lat' dir='ltr'>potest.</span> <span class='ocrx_word' id='word_1_206' title='bbox 561 1134 578 1138; x_wconf 92' lang='lat'>—</span> <span class='ocrx_word' id='word_1_207' title='bbox 596 1123 636 1145; x_wconf 82' lang='lat' dir='ltr'>est</span> <span class='ocrx_word' id='word_1_208' title='bbox 656 1120 684 1144; x_wconf 84' lang='lat' dir='ltr'>P.</span> 
     </span>
    </p>
   </div>
   <div class='ocr_carea' id='block_1_12' title="bbox 960 1198 1804 1232">
    <p class='ocr_par' dir='ltr' id='par_1_14' title="bbox 960 1198 1804 1232">
     <span class='ocr_line' id='line_1_22' title="bbox 960 1198 1804 1232; baseline 0.001 -1"><span class='ocrx_word' id='word_1_209' title='bbox 960 1198 1298 1232; x_wconf 57' lang='lat' dir='ltr'>Commenta-ia</span> <span class='ocrx_word' id='word_1_210' title='bbox 1321 1199 1576 1232; x_wconf 74' lang='lat' dir='ltr'>Cardinalis</span> <span class='ocrx_word' id='word_1_211' title='bbox 1598 1199 1804 1232; x_wconf 79' lang='lat' dir='ltr'>Caietani</span> 
     </span>
    </p>
   </div>
   <div class='ocr_carea' id='block_1_13' title="bbox 275 1277 2484 2341">
    <p class='ocr_par' dir='ltr' id='par_1_15' title="bbox 275 1277 2484 2298">
     <span class='ocr_line' id='line_1_23' title="bbox 308 1277 2483 1319; baseline -0 -10"><span class='ocrx_word' id='word_1_212' title='bbox 308 1289 328 1309; x_wconf 76' lang='lat' dir='ltr'>N</span> <span class='ocrx_word' id='word_1_213' title='bbox 362 1279 494 1309; x_wconf 87' lang='lat' dir='ltr'>articulo</span> <span class='ocrx_word' id='word_1_214' title='bbox 523 1278 615 1309; x_wconf 92' lang='lat' dir='ltr'>tertio</span> <span class='ocrx_word' id='word_1_215' title='bbox 649 1278 793 1309; x_wconf 91' lang='lat' dir='ltr'>eiusdem</span> <span class='ocrx_word' id='word_1_216' title='bbox 823 1278 1020 1319; x_wconf 82' lang='lat' dir='ltr'>quaestionis</span> <span class='ocrx_word' id='word_1_217' title='bbox 1051 1277 1352 1318; x_wconf 82' lang='lat' dir='ltr'>centesimaevigesi-</span> <span class='ocrx_word' id='word_1_218' title='bbox 1378 1278 1381 1295; x_wconf 66' lang='lat'>³</span> <span class='ocrx_word' id='word_1_219' title='bbox 1406 1279 1447 1310; x_wconf 92' lang='lat' dir='ltr'>ad</span> <span class='ocrx_word' id='word_1_220' title='bbox 1470 1278 1691 1310; x_wconf 90' lang='lat' dir='ltr'>fortitudinem</span> <span class='ocrx_word' id='word_1_221' title='bbox 1714 1278 1875 1315; x_wconf 86' lang='lat' dir='ltr'>referatur,</span> <span class='ocrx_word' id='word_1_222' title='bbox 1893 1289 1958 1309; x_wconf 89' lang='lat' dir='ltr'>non</span> <span class='ocrx_word' id='word_1_223' title='bbox 1983 1286 2030 1310; x_wconf 92' lang='lat' dir='ltr'>est</span> <span class='ocrx_word' id='word_1_224' title='bbox 2043 1278 2216 1309; x_wconf 81' lang='lat' dir='ltr'>laudabile:</span> <span class='ocrx_word' id='word_1_225' title='bbox 2241 1278 2301 1309; x_wconf 90' lang='lat' dir='ltr'>ista</span> <span class='ocrx_word' id='word_1_226' title='bbox 2323 1277 2483 1319; x_wconf 87' lang='lat' dir='ltr'>siquidem</span> 
     </span>
     <span class='ocr_line' id='line_1_24' title="bbox 282 1293 2480 1365; baseline 0 -12"><span class='ocrx_word' id='word_1_227' title='bbox 282 1293 511 1364; x_wconf 82' lang='lat' dir='ltr'>Imaequartae</span> <span class='ocrx_word' id='word_1_228' title='bbox 536 1323 671 1353; x_wconf 88' lang='lat' dir='ltr'>dubium</span> <span class='ocrx_word' id='word_1_229' title='bbox 702 1323 839 1354; x_wconf 89' lang='lat' dir='ltr'>occurrit</span> <span class='ocrx_word' id='word_1_230' title='bbox 867 1323 947 1354; x_wconf 90' lang='lat' dir='ltr'>circa</span> <span class='ocrx_word' id='word_1_231' title='bbox 980 1323 1137 1353; x_wconf 88' lang='lat' dir='ltr'>rationem</span> <span class='ocrx_word' id='word_1_232' title='bbox 1169 1323 1290 1354; x_wconf 80' lang='lat' dir='ltr'>litterae</span> <span class='ocrx_word' id='word_1_233' title='bbox 1313 1322 1353 1352; x_wconf 92' lang='lat' dir='ltr'>ad</span> <span class='ocrx_word' id='word_1_234' title='bbox 1378 1341 1380 1360; x_wconf 51' lang='lat'>1</span> <span class='ocrx_word' id='word_1_235' title='bbox 1408 1323 1632 1355; x_wconf 87' lang='lat' dir='ltr'>conditionalis</span> <span class='ocrx_word' id='word_1_236' title='bbox 1657 1330 1703 1355; x_wconf 90' lang='lat' dir='ltr'>est</span> <span class='ocrx_word' id='word_1_237' title='bbox 1726 1332 1814 1354; x_wconf 90' lang='lat' dir='ltr'>vera:</span> <span class='ocrx_word' id='word_1_238' title='bbox 1839 1323 1876 1354; x_wconf 91' lang='lat' dir='ltr'>Si</span> <span class='ocrx_word' id='word_1_239' title='bbox 1890 1323 1995 1365; x_wconf 85' lang='lat' dir='ltr'>fortis</span> <span class='ocrx_word' id='word_1_240' title='bbox 2011 1324 2165 1354; x_wconf 84' lang='lat' dir='ltr'>toleraret</span> <span class='ocrx_word' id='word_1_241' title='bbox 2188 1327 2322 1354; x_wconf 79' lang='lat' dir='ltr'>mortem</span> <span class='ocrx_word' id='word_1_242' title='bbox 2340 1331 2404 1353; x_wconf 87' lang='lat' dir='ltr'>non</span> <span class='ocrx_word' id='word_1_243' title='bbox 2427 1322 2480 1354; x_wconf 83' lang='lat' dir='ltr'>bo-</span> 
     </span>
     <span class='ocr_line' id='line_1_25' title="bbox 279 1361 2483 1410; baseline -0 -11"><span class='ocrx_word' id='word_1_244' title='bbox 279 1368 537 1399; x_wconf 88' lang='lat' dir='ltr'>concludendum</span> <span class='ocrx_word' id='word_1_245' title='bbox 561 1367 651 1407; x_wconf 89' lang='lat' dir='ltr'>quod</span> <span class='ocrx_word' id='word_1_246' title='bbox 676 1367 875 1408; x_wconf 83' lang='lat' dir='ltr'>martyrium,</span> <span class='ocrx_word' id='word_1_247' title='bbox 896 1367 1032 1398; x_wconf 88' lang='lat' dir='ltr'>relatum</span> <span class='ocrx_word' id='word_1_248' title='bbox 1056 1367 1096 1397; x_wconf 91' lang='lat' dir='ltr'>ad</span> <span class='ocrx_word' id='word_1_249' title='bbox 1120 1367 1352 1403; x_wconf 90' lang='lat' dir='ltr'>fortitudinem,</span> <span class='ocrx_word' id='word_1_250' title='bbox 1378 1361 1380 1396; x_wconf 51' lang='grc' dir='ltr'><em>ἒ</em></span> <span class='ocrx_word' id='word_1_251' title='bbox 1408 1379 1482 1399; x_wconf 89' lang='lat' dir='ltr'>nam</span> <span class='ocrx_word' id='word_1_252' title='bbox 1506 1368 1682 1400; x_wconf 81' lang='lat' dir='ltr'>secundum</span> <span class='ocrx_word' id='word_1_253' title='bbox 1688 1368 1794 1410; x_wconf 87' lang='lat' dir='ltr'>finem</span> <span class='ocrx_word' id='word_1_254' title='bbox 1811 1369 1968 1399; x_wconf 85' lang='lat' dir='ltr'>materiae</span> <span class='ocrx_word' id='word_1_255' title='bbox 1990 1369 2078 1399; x_wconf 87' lang='lat' dir='ltr'>circa</span> <span class='ocrx_word' id='word_1_256' title='bbox 2094 1377 2202 1408; x_wconf 82' lang='lat' dir='ltr'>quam,</span> <span class='ocrx_word' id='word_1_257' title='bbox 2220 1377 2284 1398; x_wconf 87' lang='lat' dir='ltr'>non</span> <span class='ocrx_word' id='word_1_258' title='bbox 2309 1371 2390 1398; x_wconf 83' lang='lat' dir='ltr'>esset</span> <span class='ocrx_word' id='word_1_259' title='bbox 2412 1366 2483 1398; x_wconf 82' lang='lat' dir='ltr'>lau·</span> 
     </span>
     <span class='ocr_line' id='line_1_26' title="bbox 278 1411 2483 1455; baseline 0 -13"><span class='ocrx_word' id='word_1_260' title='bbox 278 1423 345 1442; x_wconf 90' lang='lat' dir='ltr'>non</span> <span class='ocrx_word' id='word_1_261' title='bbox 369 1419 415 1443; x_wconf 89' lang='lat' dir='ltr'>est</span> <span class='ocrx_word' id='word_1_262' title='bbox 439 1419 526 1442; x_wconf 90' lang='lat' dir='ltr'>actus</span> <span class='ocrx_word' id='word_1_263' title='bbox 551 1411 807 1451; x_wconf 88' lang='lat' dir='ltr'>perfectissimus.</span> <span class='ocrx_word' id='word_1_264' title='bbox 839 1412 880 1443; x_wconf 86' lang='lat' dir='ltr'>Et</span> <span class='ocrx_word' id='word_1_265' title='bbox 904 1419 950 1442; x_wconf 90' lang='lat' dir='ltr'>est</span> <span class='ocrx_word' id='word_1_266' title='bbox 975 1412 1054 1443; x_wconf 91' lang='lat' dir='ltr'>ratio</span> <span class='ocrx_word' id='word_1_267' title='bbox 1079 1412 1168 1442; x_wconf 88' lang='lat' dir='ltr'>dubii</span> <span class='ocrx_word' id='word_1_268' title='bbox 1197 1412 1352 1452; x_wconf 81' lang='lat' dir='ltr'>quoniam</span> <span class='ocrx_word' id='word_1_269' title='bbox 1378 1415 1380 1455; x_wconf 71' lang='lat' dir='ltr'>j</span> <span class='ocrx_word' id='word_1_270' title='bbox 1406 1413 1533 1444; x_wconf 86' lang='lat' dir='ltr'>dabilis.</span> <span class='ocrx_word' id='word_1_271' title='bbox 1568 1413 1706 1444; x_wconf 89' lang='lat' dir='ltr'>Intendit</span> <span class='ocrx_word' id='word_1_272' title='bbox 1734 1412 1830 1453; x_wconf 83' lang='lat' dir='ltr'>igitur</span> <span class='ocrx_word' id='word_1_273' title='bbox 1853 1415 1975 1443; x_wconf 87' lang='lat' dir='ltr'>Auctor</span> <span class='ocrx_word' id='word_1_274' title='bbox 2003 1412 2093 1453; x_wconf 94' lang='lat' dir='ltr'>quod</span> <span class='ocrx_word' id='word_1_275' title='bbox 2116 1411 2322 1453; x_wconf 87' lang='lat' dir='ltr'>martyrium,</span> <span class='ocrx_word' id='word_1_276' title='bbox 2347 1411 2483 1442; x_wconf 86' lang='lat' dir='ltr'>relatum</span> 
     </span>
     <span class='ocr_line' id='line_1_27' title="bbox 279 1455 2483 1498; baseline -0 -11"><span class='ocrx_word' id='word_1_277' title='bbox 279 1467 354 1488; x_wconf 90' lang='lat' dir='ltr'>cum</span> <span class='ocrx_word' id='word_1_278' title='bbox 369 1456 493 1492; x_wconf 86' lang='lat' dir='ltr'>dicitur,</span> <span class='ocrx_word' id='word_1_279' title='bbox 514 1456 599 1493; x_wconf 87' lang='lat' dir='ltr'>Quia</span> <span class='ocrx_word' id='word_1_280' title='bbox 614 1456 756 1487; x_wconf 85' lang='lat' dir='ltr'>tolerare</span> <span class='ocrx_word' id='word_1_281' title='bbox 769 1462 903 1487; x_wconf 87' lang='lat' dir='ltr'>mortem</span> <span class='ocrx_word' id='word_1_282' title='bbox 922 1466 985 1487; x_wconf 85' lang='lat' dir='ltr'>non</span> <span class='ocrx_word' id='word_1_283' title='bbox 999 1462 1046 1488; x_wconf 86' lang='lat' dir='ltr'>est</span> <span class='ocrx_word' id='word_1_284' title='bbox 1062 1457 1224 1487; x_wconf 84' lang='lat' dir='ltr'>laudabile</span> <span class='ocrx_word' id='word_1_285' title='bbox 1238 1466 1352 1487; x_wconf 85' lang='lat' dir='ltr'>secun·</span> <span class='ocrx_word' id='word_1_286' title='bbox 1378 1458 1380 1490; x_wconf 86' lang='lat'>!</span> <span class='ocrx_word' id='word_1_287' title='bbox 1407 1458 1446 1488; x_wconf 91' lang='lat' dir='ltr'>ad</span> <span class='ocrx_word' id='word_1_288' title='bbox 1471 1457 1702 1493; x_wconf 88' lang='lat' dir='ltr'>fortitudinem,</span> <span class='ocrx_word' id='word_1_289' title='bbox 1727 1457 1885 1498; x_wconf 86' lang='lat' dir='ltr'>dependet</span> <span class='ocrx_word' id='word_1_290' title='bbox 1908 1467 1945 1488; x_wconf 83' lang='lat' dir='ltr'>ex</span> <span class='ocrx_word' id='word_1_291' title='bbox 1968 1457 2109 1488; x_wconf 91' lang='lat' dir='ltr'>bonitate</span> <span class='ocrx_word' id='word_1_292' title='bbox 2129 1455 2320 1487; x_wconf 87' lang='lat' dir='ltr'>bonificante</span> <span class='ocrx_word' id='word_1_293' title='bbox 2344 1462 2483 1487; x_wconf 90' lang='lat' dir='ltr'>mortem</span> 
     </span>
     <span class='ocr_line' id='line_1_28' title="bbox 278 1492 2484 1543; baseline -0 -11"><span class='ocrx_word' id='word_1_294' title='bbox 278 1502 354 1532; x_wconf 85' lang='lat' dir='ltr'>dum</span> <span class='ocrx_word' id='word_1_295' title='bbox 380 1511 425 1539; x_wconf 87' lang='lat' dir='ltr'>se,</span> <span class='ocrx_word' id='word_1_296' title='bbox 450 1501 506 1531; x_wconf 83' lang='lat' dir='ltr'>sed</span> <span class='ocrx_word' id='word_1_297' title='bbox 529 1501 632 1531; x_wconf 91' lang='lat' dir='ltr'>solum</span> <span class='ocrx_word' id='word_1_298' title='bbox 655 1501 832 1532; x_wconf 84' lang='lat' dir='ltr'>secundum</span> <span class='ocrx_word' id='word_1_299' title='bbox 857 1502 942 1542; x_wconf 82' lang='lat' dir='ltr'>quod</span> <span class='ocrx_word' id='word_1_300' title='bbox 960 1501 1133 1532; x_wconf 81' lang='lat' dir='ltr'>ordinatur</span> <span class='ocrx_word' id='word_1_301' title='bbox 1156 1501 1200 1532; x_wconf 81' lang='lat' dir='ltr'>ad</span> <span class='ocrx_word' id='word_1_302' title='bbox 1222 1501 1354 1542; x_wconf 83' lang='lat' dir='ltr'>aliquod</span> <span class='ocrx_word' id='word_1_303' title='bbox 1378 1492 1381 1542; x_wconf 80' lang='grc' dir='ltr'>Ι</span> <span class='ocrx_word' id='word_1_304' title='bbox 1407 1502 1558 1543; x_wconf 87' lang='lat' dir='ltr'>illiusque</span> <span class='ocrx_word' id='word_1_305' title='bbox 1582 1502 1732 1542; x_wconf 87' lang='lat' dir='ltr'>pericula,</span> <span class='ocrx_word' id='word_1_306' title='bbox 1750 1501 1792 1532; x_wconf 89' lang='lat' dir='ltr'>ita</span> <span class='ocrx_word' id='word_1_307' title='bbox 1808 1502 1897 1542; x_wconf 91' lang='lat' dir='ltr'>quod</span> <span class='ocrx_word' id='word_1_308' title='bbox 1912 1501 1979 1532; x_wconf 90' lang='lat' dir='ltr'>sine</span> <span class='ocrx_word' id='word_1_309' title='bbox 2003 1501 2056 1532; x_wconf 89' lang='lat' dir='ltr'>tali</span> <span class='ocrx_word' id='word_1_310' title='bbox 2074 1501 2214 1532; x_wconf 90' lang='lat' dir='ltr'>bonitate</span> <span class='ocrx_word' id='word_1_311' title='bbox 2237 1500 2386 1532; x_wconf 87' lang='lat' dir='ltr'>materiae</span> <span class='ocrx_word' id='word_1_312' title='bbox 2403 1510 2484 1531; x_wconf 87' lang='lat' dir='ltr'>mar-</span> 
     </span>
     <span class='ocr_line' id='line_1_29' title="bbox 279 1545 1914 1588; baseline 0 -12"><span class='ocrx_word' id='word_1_313' title='bbox 279 1547 394 1576; x_wconf 89' lang='lat' dir='ltr'>bonum</span> <span class='ocrx_word' id='word_1_314' title='bbox 419 1545 503 1586; x_wconf 81' lang='lat' dir='ltr'>quod</span> <span class='ocrx_word' id='word_1_315' title='bbox 527 1546 668 1576; x_wconf 84' lang='lat' dir='ltr'>consistit</span> <span class='ocrx_word' id='word_1_316' title='bbox 692 1546 724 1576; x_wconf 85' lang='lat' dir='ltr'>in</span> <span class='ocrx_word' id='word_1_317' title='bbox 749 1551 823 1576; x_wconf 88' lang='lat' dir='ltr'>actu</span> <span class='ocrx_word' id='word_1_318' title='bbox 848 1546 976 1576; x_wconf 78' lang='lat' dir='ltr'>virtutis</span> <span class='ocrx_word' id='word_1_319' title='bbox 995 1553 1065 1582; x_wconf 89' lang='lat' dir='ltr'>etc.‚</span> <span class='ocrx_word' id='word_1_320' title='bbox 1091 1552 1146 1576; x_wconf 88' lang='lat' dir='ltr'>aut</span> <span class='ocrx_word' id='word_1_321' title='bbox 1167 1546 1305 1576; x_wconf 89' lang='lat' dir='ltr'>sumitur</span> <span class='ocrx_word' id='word_1_322' title='bbox 1319 1546 1352 1587; x_wconf 91' lang='lat' dir='ltr'>ly</span> <span class='ocrx_word' id='word_1_323' title='bbox 1378 1548 1380 1586; x_wconf 70' lang='lat' dir='ltr'>l</span> <span class='ocrx_word' id='word_1_324' title='bbox 1407 1546 1527 1588; x_wconf 89' lang='lat' dir='ltr'>tyrium</span> <span class='ocrx_word' id='word_1_325' title='bbox 1551 1557 1617 1577; x_wconf 90' lang='lat' dir='ltr'>non</span> <span class='ocrx_word' id='word_1_326' title='bbox 1642 1553 1723 1577; x_wconf 90' lang='lat' dir='ltr'>esset</span> <span class='ocrx_word' id='word_1_327' title='bbox 1745 1546 1914 1577; x_wconf 78' lang='lat' dir='ltr'>laudabile.</span> 
     </span>
     <span class='ocr_line' id='line_1_30' title="bbox 279 1589 2483 1630; baseline -0 -9"><span class='ocrx_word' id='word_1_328' title='bbox 279 1591 420 1621; x_wconf 89' lang='lat' dir='ltr'>tolerare</span> <span class='ocrx_word' id='word_1_329' title='bbox 443 1595 577 1620; x_wconf 85' lang='lat' dir='ltr'>mortem</span> <span class='ocrx_word' id='word_1_330' title='bbox 603 1591 781 1620; x_wconf 87' lang='lat' dir='ltr'>secundum</span> <span class='ocrx_word' id='word_1_331' title='bbox 804 1590 908 1620; x_wconf 87' lang='lat' dir='ltr'>solam</span> <span class='ocrx_word' id='word_1_332' title='bbox 931 1597 1020 1621; x_wconf 91' lang='lat' dir='ltr'>actus</span> <span class='ocrx_word' id='word_1_333' title='bbox 1044 1590 1270 1621; x_wconf 83' lang='lat' dir='ltr'>substantiam:</span> <span class='ocrx_word' id='word_1_334' title='bbox 1297 1597 1354 1621; x_wconf 91' lang='lat' dir='ltr'>aut</span> <span class='ocrx_word' id='word_1_335' title='bbox 1464 1592 1518 1623; x_wconf 87' lang='lat'>111.</span> <span class='ocrx_word' id='word_1_336' title='bbox 1542 1591 1583 1623; x_wconf 88' lang='lat' dir='ltr'>Et</span> <span class='ocrx_word' id='word_1_337' title='bbox 1606 1591 1685 1622; x_wconf 86' lang='lat' dir='ltr'>haec</span> <span class='ocrx_word' id='word_1_338' title='bbox 1700 1590 1863 1622; x_wconf 86' lang='lat' dir='ltr'>sufficiunt</span> <span class='ocrx_word' id='word_1_339' title='bbox 1878 1590 1918 1622; x_wconf 89' lang='lat' dir='ltr'>ad</span> <span class='ocrx_word' id='word_1_340' title='bbox 1934 1597 2063 1621; x_wconf 88' lang='lat' dir='ltr'>motum</span> <span class='ocrx_word' id='word_1_341' title='bbox 2078 1590 2224 1621; x_wconf 90' lang='lat' dir='ltr'>dubium.</span> <span class='ocrx_word' id='word_1_342' title='bbox 2248 1589 2310 1620; x_wconf 88' lang='lat' dir='ltr'>Sed</span> <span class='ocrx_word' id='word_1_343' title='bbox 2326 1589 2483 1630; x_wconf 86' lang='lat' dir='ltr'>quoniam</span> 
     </span>
     <span class='ocr_line' id='line_1_31' title="bbox 278 1632 2483 1676; baseline 0 -12"><span class='ocrx_word' id='word_1_344' title='bbox 278 1635 457 1665; x_wconf 89' lang='lat' dir='ltr'>secundum</span> <span class='ocrx_word' id='word_1_345' title='bbox 480 1635 570 1675; x_wconf 93' lang='lat' dir='ltr'>quod</span> <span class='ocrx_word' id='word_1_346' title='bbox 593 1640 640 1664; x_wconf 90' lang='lat' dir='ltr'>est</span> <span class='ocrx_word' id='word_1_347' title='bbox 663 1642 750 1665; x_wconf 88' lang='lat' dir='ltr'>actus</span> <span class='ocrx_word' id='word_1_348' title='bbox 770 1634 956 1665; x_wconf 84' lang='lat' dir='ltr'>fortitudine</span> <span class='ocrx_word' id='word_1_349' title='bbox 979 1634 1180 1665; x_wconf 83' lang='lat' dir='ltr'>informatus.</span> <span class='ocrx_word' id='word_1_350' title='bbox 1205 1634 1238 1665; x_wconf 91' lang='lat' dir='ltr'>Si</span> <span class='ocrx_word' id='word_1_351' title='bbox 1263 1644 1354 1665; x_wconf 84' lang='lat' dir='ltr'>nam·</span> <span class='ocrx_word' id='word_1_352' title='bbox 1378 1652 1380 1661; x_wconf 54' lang='grc' dir='ltr'><em>ι</em></span> <span class='ocrx_word' id='word_1_353' title='bbox 1406 1635 1439 1666; x_wconf 91' lang='lat' dir='ltr'>in</span> <span class='ocrx_word' id='word_1_354' title='bbox 1462 1636 1565 1667; x_wconf 89' lang='lat' dir='ltr'>littera</span> <span class='ocrx_word' id='word_1_355' title='bbox 1589 1635 1735 1666; x_wconf 86' lang='lat' dir='ltr'>subditur</span> <span class='ocrx_word' id='word_1_356' title='bbox 1757 1635 1847 1676; x_wconf 90' lang='lat' dir='ltr'>quod</span> <span class='ocrx_word' id='word_1_357' title='bbox 1867 1634 2054 1666; x_wconf 89' lang='lat' dir='ltr'>huiusmodi</span> <span class='ocrx_word' id='word_1_358' title='bbox 2078 1635 2200 1665; x_wconf 89' lang='lat' dir='ltr'>bonum</span> <span class='ocrx_word' id='word_1_359' title='bbox 2224 1632 2401 1665; x_wconf 88' lang='lat' dir='ltr'>bonificans</span> <span class='ocrx_word' id='word_1_360' title='bbox 2416 1643 2483 1664; x_wconf 87' lang='lat' dir='ltr'>ma-</span> 
     </span>
     <span class='ocr_line' id='line_1_32' title="bbox 278 1672 2483 1721; baseline 0 -12"><span class='ocrx_word' id='word_1_361' title='bbox 278 1689 341 1719; x_wconf 94' lang='lat' dir='ltr'>que</span> <span class='ocrx_word' id='word_1_362' title='bbox 365 1679 503 1709; x_wconf 87' lang='lat' dir='ltr'>sumitur</span> <span class='ocrx_word' id='word_1_363' title='bbox 526 1678 631 1719; x_wconf 89' lang='lat' dir='ltr'>primo</span> <span class='ocrx_word' id='word_1_364' title='bbox 656 1679 775 1715; x_wconf 84' lang='lat' dir='ltr'>modo,</span> <span class='ocrx_word' id='word_1_365' title='bbox 801 1689 911 1710; x_wconf 89' lang='lat' dir='ltr'>verum</span> <span class='ocrx_word' id='word_1_366' title='bbox 932 1679 1063 1715; x_wconf 88' lang='lat' dir='ltr'>dicitur,</span> <span class='ocrx_word' id='word_1_367' title='bbox 1088 1679 1143 1709; x_wconf 90' lang='lat' dir='ltr'>sed</span> <span class='ocrx_word' id='word_1_368' title='bbox 1167 1689 1232 1709; x_wconf 90' lang='lat' dir='ltr'>non</span> <span class='ocrx_word' id='word_1_369' title='bbox 1258 1679 1353 1710; x_wconf 82' lang='lat' dir='ltr'>infert</span> <span class='ocrx_word' id='word_1_370' title='bbox 1378 1672 1380 1703; x_wconf 64' lang='lat' dir='ltr'>i</span> <span class='ocrx_word' id='word_1_371' title='bbox 1407 1680 1518 1711; x_wconf 90' lang='lat' dir='ltr'>teriam</span> <span class='ocrx_word' id='word_1_372' title='bbox 1541 1680 1574 1711; x_wconf 91' lang='lat' dir='ltr'>in</span> <span class='ocrx_word' id='word_1_373' title='bbox 1597 1681 1688 1721; x_wconf 92' lang='lat' dir='ltr'>quod</span> <span class='ocrx_word' id='word_1_374' title='bbox 1719 1679 1885 1711; x_wconf 87' lang='lat' dir='ltr'>ordinatur</span> <span class='ocrx_word' id='word_1_375' title='bbox 1910 1679 2099 1720; x_wconf 88' lang='lat' dir='ltr'>martyrium</span> <span class='ocrx_word' id='word_1_376' title='bbox 2128 1679 2264 1710; x_wconf 89' lang='lat' dir='ltr'>relatum</span> <span class='ocrx_word' id='word_1_377' title='bbox 2288 1678 2327 1708; x_wconf 87' lang='lat' dir='ltr'>ad</span> <span class='ocrx_word' id='word_1_378' title='bbox 2358 1678 2483 1710; x_wconf 85' lang='lat' dir='ltr'>fortitu-</span> 
     </span>
     <span class='ocr_line' id='line_1_33' title="bbox 278 1717 2481 1765; baseline 0 -12"><span class='ocrx_word' id='word_1_379' title='bbox 278 1723 519 1754; x_wconf 89' lang='lat' dir='ltr'>conclusionem</span> <span class='ocrx_word' id='word_1_380' title='bbox 539 1723 704 1754; x_wconf 89' lang='lat' dir='ltr'>intentam.</span> <span class='ocrx_word' id='word_1_381' title='bbox 730 1724 850 1754; x_wconf 88' lang='lat' dir='ltr'>Verum</span> <span class='ocrx_word' id='word_1_382' title='bbox 867 1723 1025 1764; x_wconf 89' lang='lat' dir='ltr'>siquidem</span> <span class='ocrx_word' id='word_1_383' title='bbox 1043 1731 1090 1754; x_wconf 91' lang='lat' dir='ltr'>est</span> <span class='ocrx_word' id='word_1_384' title='bbox 1104 1724 1195 1764; x_wconf 91' lang='lat' dir='ltr'>quod</span> <span class='ocrx_word' id='word_1_385' title='bbox 1218 1724 1353 1755; x_wconf 89' lang='lat' dir='ltr'>tolerare</span> <span class='ocrx_word' id='word_1_386' title='bbox 1378 1717 1380 1746; x_wconf 66' lang='grc' dir='ltr'>ἶ</span> <span class='ocrx_word' id='word_1_387' title='bbox 1407 1724 1526 1762; x_wconf 84' lang='lat' dir='ltr'>dinem,</span> <span class='ocrx_word' id='word_1_388' title='bbox 1551 1725 1695 1756; x_wconf 81' lang='lat' dir='ltr'>consistit</span> <span class='ocrx_word' id='word_1_389' title='bbox 1718 1725 1750 1754; x_wconf 87' lang='lat' dir='ltr'>in</span> <span class='ocrx_word' id='word_1_390' title='bbox 1774 1729 1849 1755; x_wconf 88' lang='lat' dir='ltr'>actu</span> <span class='ocrx_word' id='word_1_391' title='bbox 1869 1725 2009 1761; x_wconf 75' lang='lat' dir='ltr'>virtutis,</span> <span class='ocrx_word' id='word_1_392' title='bbox 2033 1731 2064 1754; x_wconf 89' lang='lat' dir='ltr'>et</span> <span class='ocrx_word' id='word_1_393' title='bbox 2088 1723 2178 1765; x_wconf 89' lang='lat' dir='ltr'>quod</span> <span class='ocrx_word' id='word_1_394' title='bbox 2201 1728 2294 1754; x_wconf 86' lang='lat' dir='ltr'>actus</span> <span class='ocrx_word' id='word_1_395' title='bbox 2317 1723 2383 1761; x_wconf 86' lang='lat' dir='ltr'>ille,</span> <span class='ocrx_word' id='word_1_396' title='bbox 2408 1733 2481 1754; x_wconf 86' lang='lat' dir='ltr'>cum</span> 
     </span>
     <span class='ocr_line' id='line_1_34' title="bbox 278 1758 2483 1812; baseline 0.001 -15"><span class='ocrx_word' id='word_1_397' title='bbox 278 1775 416 1798; x_wconf 88' lang='lat' dir='ltr'>mortem</span> <span class='ocrx_word' id='word_1_398' title='bbox 447 1767 625 1798; x_wconf 91' lang='lat' dir='ltr'>secundum</span> <span class='ocrx_word' id='word_1_399' title='bbox 658 1778 690 1798; x_wconf 90' lang='lat' dir='ltr'>se</span> <span class='ocrx_word' id='word_1_400' title='bbox 722 1777 787 1798; x_wconf 91' lang='lat' dir='ltr'>non</span> <span class='ocrx_word' id='word_1_401' title='bbox 812 1775 859 1798; x_wconf 87' lang='lat' dir='ltr'>est</span> <span class='ocrx_word' id='word_1_402' title='bbox 890 1768 1068 1804; x_wconf 84' lang='lat' dir='ltr'>laudabile,</span> <span class='ocrx_word' id='word_1_403' title='bbox 1093 1769 1249 1808; x_wconf 87' lang='lat' dir='ltr'>quoniam</span> <span class='ocrx_word' id='word_1_404' title='bbox 1273 1767 1353 1798; x_wconf 87' lang='lat' dir='ltr'>nihil</span> <span class='ocrx_word' id='word_1_405' title='bbox 1378 1758 1380 1812; x_wconf 47' lang='grc' dir='ltr'><em>ζ</em></span> <span class='ocrx_word' id='word_1_406' title='bbox 1405 1770 1447 1799; x_wconf 86' lang='lat' dir='ltr'>sit</span> <span class='ocrx_word' id='word_1_407' title='bbox 1458 1770 1555 1811; x_wconf 84' lang='lat' dir='ltr'>finis,</span> <span class='ocrx_word' id='word_1_408' title='bbox 1581 1774 1628 1800; x_wconf 84' lang='lat' dir='ltr'>est</span> <span class='ocrx_word' id='word_1_409' title='bbox 1651 1769 1767 1800; x_wconf 86' lang='lat' dir='ltr'>melior</span> <span class='ocrx_word' id='word_1_410' title='bbox 1787 1774 1863 1799; x_wconf 83' lang='lat' dir='ltr'>actu</span> <span class='ocrx_word' id='word_1_411' title='bbox 1878 1767 2109 1810; x_wconf 79' lang='lat' dir='ltr'>fortitudinis:</span> <span class='ocrx_word' id='word_1_412' title='bbox 2139 1768 2213 1799; x_wconf 87' lang='lat' dir='ltr'>ideo</span> <span class='ocrx_word' id='word_1_413' title='bbox 2236 1767 2413 1799; x_wconf 82' lang='lat' dir='ltr'>videndum</span> <span class='ocrx_word' id='word_1_414' title='bbox 2435 1773 2483 1799; x_wconf 70' lang='lat' dir='ltr'>est</span> 
     </span>
     <span class='ocr_line' id='line_1_35' title="bbox 278 1811 2483 1854; baseline 0.001 -13"><span class='ocrx_word' id='word_1_415' title='bbox 278 1812 353 1842; x_wconf 91' lang='lat' dir='ltr'>boni</span> <span class='ocrx_word' id='word_1_416' title='bbox 378 1811 507 1842; x_wconf 89' lang='lat' dir='ltr'>moralis</span> <span class='ocrx_word' id='word_1_417' title='bbox 534 1811 626 1852; x_wconf 89' lang='lat' dir='ltr'>ponit</span> <span class='ocrx_word' id='word_1_418' title='bbox 651 1812 757 1852; x_wconf 86' lang='lat' dir='ltr'>passio</span> <span class='ocrx_word' id='word_1_419' title='bbox 781 1812 859 1843; x_wconf 87' lang='lat' dir='ltr'>ista:</span> <span class='ocrx_word' id='word_1_420' title='bbox 891 1813 946 1842; x_wconf 87' lang='lat' dir='ltr'>sed</span> <span class='ocrx_word' id='word_1_421' title='bbox 973 1813 1013 1842; x_wconf 90' lang='lat' dir='ltr'>ad</span> <span class='ocrx_word' id='word_1_422' title='bbox 1035 1812 1191 1843; x_wconf 91' lang='lat' dir='ltr'>intentam</span> <span class='ocrx_word' id='word_1_423' title='bbox 1222 1812 1352 1843; x_wconf 89' lang='lat' dir='ltr'>conclu·</span> <span class='ocrx_word' id='word_1_424' title='bbox 1378 1814 1379 1846; x_wconf 66' lang='lat'>1</span> <span class='ocrx_word' id='word_1_425' title='bbox 1406 1813 1441 1848; x_wconf 87' lang='lat' dir='ltr'>si,</span> <span class='ocrx_word' id='word_1_426' title='bbox 1463 1813 1681 1844; x_wconf 83' lang='lat' dir='ltr'>universaliter</span> <span class='ocrx_word' id='word_1_427' title='bbox 1703 1820 1759 1844; x_wconf 84' lang='lat' dir='ltr'>aut</span> <span class='ocrx_word' id='word_1_428' title='bbox 1783 1812 2020 1854; x_wconf 83' lang='lat' dir='ltr'>particulariter,</span> <span class='ocrx_word' id='word_1_429' title='bbox 2044 1822 2155 1844; x_wconf 90' lang='lat' dir='ltr'>verum</span> <span class='ocrx_word' id='word_1_430' title='bbox 2179 1820 2226 1844; x_wconf 90' lang='lat' dir='ltr'>est</span> <span class='ocrx_word' id='word_1_431' title='bbox 2249 1811 2339 1854; x_wconf 92' lang='lat' dir='ltr'>quod</span> <span class='ocrx_word' id='word_1_432' title='bbox 2357 1812 2483 1844; x_wconf 83' lang='lat' dir='ltr'>bonnm</span> 
     </span>
     <span class='ocr_line' id='line_1_36' title="bbox 277 1855 2482 1910; baseline 0.001 -24"><span class='ocrx_word' id='word_1_433' title='bbox 277 1857 413 1892; x_wconf 87' lang='lat' dir='ltr'>sionem,</span> <span class='ocrx_word' id='word_1_434' title='bbox 430 1855 559 1893; x_wconf 90' lang='lat' dir='ltr'>scilicet,</span> <span class='ocrx_word' id='word_1_435' title='bbox 576 1856 792 1896; x_wconf 62' lang='lat' dir='ltr'>Martyrium,</span> <span class='ocrx_word' id='word_1_436' title='bbox 811 1856 949 1887; x_wconf 84' lang='lat' dir='ltr'>relatum</span> <span class='ocrx_word' id='word_1_437' title='bbox 974 1856 1018 1887; x_wconf 82' lang='lat' dir='ltr'>ad</span> <span class='ocrx_word' id='word_1_438' title='bbox 1022 1856 1268 1897; x_wconf 83' lang='lat' dir='ltr'>fortitudinem,</span> <span class='ocrx_word' id='word_1_439' title='bbox 1286 1866 1350 1887; x_wconf 87' lang='lat' dir='ltr'>non</span> <span class='ocrx_word' id='word_1_440' title='bbox 1378 1874 1379 1910; x_wconf 33' lang='grc'>1</span> <span class='ocrx_word' id='word_1_441' title='bbox 1405 1857 1581 1888; x_wconf 84' lang='lat' dir='ltr'>bonificans</span> <span class='ocrx_word' id='word_1_442' title='bbox 1605 1857 1771 1888; x_wconf 82' lang='lat' dir='ltr'>materiam</span> <span class='ocrx_word' id='word_1_443' title='bbox 1795 1856 1989 1888; x_wconf 85' lang='lat' dir='ltr'>fortitudinis</span> <span class='ocrx_word' id='word_1_444' title='bbox 2005 1857 2045 1888; x_wconf 87' lang='lat' dir='ltr'>sit</span> <span class='ocrx_word' id='word_1_445' title='bbox 2060 1855 2132 1887; x_wconf 86' lang='lat' dir='ltr'>finis</span> <span class='ocrx_word' id='word_1_446' title='bbox 2156 1855 2352 1888; x_wconf 65' lang='lat' dir='ltr'>fortitudinis</span> <span class='ocrx_word' id='word_1_447' title='bbox 2367 1856 2482 1890; x_wconf 70' lang='lat' dir='ltr'>melier</span> 
     </span>
     <span class='ocr_line' id='line_1_37' title="bbox 276 1899 2482 1942; baseline 0.002 -12"><span class='ocrx_word' id='word_1_448' title='bbox 276 1906 322 1931; x_wconf 87' lang='lat' dir='ltr'>est</span> <span class='ocrx_word' id='word_1_449' title='bbox 345 1905 438 1930; x_wconf 84' lang='lat' dir='ltr'>actus</span> <span class='ocrx_word' id='word_1_450' title='bbox 455 1899 730 1941; x_wconf 58' lang='lat' dir='ltr'>perfectissimus,</span> <span class='ocrx_word' id='word_1_451' title='bbox 757 1900 835 1930; x_wconf 91' lang='lat' dir='ltr'>nihil</span> <span class='ocrx_word' id='word_1_452' title='bbox 859 1899 946 1936; x_wconf 90' lang='lat' dir='ltr'>facit;</span> <span class='ocrx_word' id='word_1_453' title='bbox 972 1900 1128 1941; x_wconf 89' lang='lat' dir='ltr'>quoniam</span> <span class='ocrx_word' id='word_1_454' title='bbox 1161 1900 1351 1942; x_wconf 86' lang='lat' dir='ltr'>martyrium</span> <span class='ocrx_word' id='word_1_455' title='bbox 1405 1901 1484 1942; x_wconf 91' lang='lat' dir='ltr'>ipsa.</span> <span class='ocrx_word' id='word_1_456' title='bbox 1509 1902 1582 1933; x_wconf 84' lang='lat' dir='ltr'>Hoc</span> <span class='ocrx_word' id='word_1_457' title='bbox 1606 1901 1692 1932; x_wconf 89' lang='lat' dir='ltr'>enim</span> <span class='ocrx_word' id='word_1_458' title='bbox 1716 1900 1774 1932; x_wconf 89' lang='lat' dir='ltr'>erit</span> <span class='ocrx_word' id='word_1_459' title='bbox 1797 1901 1988 1941; x_wconf 89' lang='lat' dir='ltr'>respondere</span> <span class='ocrx_word' id='word_1_460' title='bbox 2012 1901 2111 1932; x_wconf 88' lang='lat' dir='ltr'>dubio</span> <span class='ocrx_word' id='word_1_461' title='bbox 2134 1900 2168 1931; x_wconf 90' lang='lat' dir='ltr'>in</span> <span class='ocrx_word' id='word_1_462' title='bbox 2187 1900 2387 1942; x_wconf 74' lang='lat' dir='ltr'>praecedenti</span> <span class='ocrx_word' id='word_1_463' title='bbox 2409 1900 2482 1934; x_wconf 70' lang='lat' dir='ltr'>aiti-</span> 
     </span>
     <span class='ocr_line' id='line_1_38' title="bbox 276 1944 2482 1986; baseline 0.001 -12"><span class='ocrx_word' id='word_1_464' title='bbox 276 1945 319 1975; x_wconf 92' lang='lat' dir='ltr'>sic</span> <span class='ocrx_word' id='word_1_465' title='bbox 343 1951 509 1984; x_wconf 88' lang='lat' dir='ltr'>acceptum</span> <span class='ocrx_word' id='word_1_466' title='bbox 533 1953 599 1974; x_wconf 91' lang='lat' dir='ltr'>non</span> <span class='ocrx_word' id='word_1_467' title='bbox 625 1944 778 1985; x_wconf 87' lang='lat' dir='ltr'>importat</span> <span class='ocrx_word' id='word_1_468' title='bbox 801 1944 1010 1975; x_wconf 89' lang='lat' dir='ltr'>solummodo</span> <span class='ocrx_word' id='word_1_469' title='bbox 1039 1945 1172 1975; x_wconf 87' lang='lat' dir='ltr'>tolerare</span> <span class='ocrx_word' id='word_1_470' title='bbox 1201 1951 1350 1981; x_wconf 87' lang='lat' dir='ltr'>mortem,</span> <span class='ocrx_word' id='word_1_471' title='bbox 1405 1947 1489 1982; x_wconf 88' lang='lat' dir='ltr'>culo,</span> <span class='ocrx_word' id='word_1_472' title='bbox 1510 1946 1542 1977; x_wconf 88' lang='lat' dir='ltr'>in</span> <span class='ocrx_word' id='word_1_473' title='bbox 1560 1945 1769 1986; x_wconf 82' lang='lat' dir='ltr'>responsione</span> <span class='ocrx_word' id='word_1_474' title='bbox 1786 1946 1826 1976; x_wconf 90' lang='lat' dir='ltr'>ad</span> <span class='ocrx_word' id='word_1_475' title='bbox 1842 1945 1984 1985; x_wconf 86' lang='lat' dir='ltr'>primum</span> <span class='ocrx_word' id='word_1_476' title='bbox 2000 1944 2035 1981; x_wconf 83' lang='grc'>*;</span> <span class='ocrx_word' id='word_1_477' title='bbox 2061 1952 2092 1976; x_wconf 93' lang='lat' dir='ltr'>et</span> <span class='ocrx_word' id='word_1_478' title='bbox 2108 1944 2381 1976; x_wconf 65' lang='lat' dir='ltr'>declax-arminia!</span> <span class='ocrx_word' id='word_1_479' title='bbox 2403 1945 2482 1977; x_wconf 71' lang='lat' dir='ltr'>haec</span> 
     </span>
     <span class='ocr_line' id='line_1_39' title="bbox 275 1988 1934 2031; baseline 0.001 -12"><span class='ocrx_word' id='word_1_480' title='bbox 275 1990 329 2020; x_wconf 85' lang='lat' dir='ltr'>sed</span> <span class='ocrx_word' id='word_1_481' title='bbox 354 1989 475 2019; x_wconf 85' lang='lat' dir='ltr'>fortiter</span> <span class='ocrx_word' id='word_1_482' title='bbox 498 1988 633 2019; x_wconf 89' lang='lat' dir='ltr'>tolerare</span> <span class='ocrx_word' id='word_1_483' title='bbox 657 1996 806 2019; x_wconf 88' lang='lat' dir='ltr'>mortem.</span> <span class='ocrx_word' id='word_1_484' title='bbox 831 2006 852 2012; x_wconf 92' lang='lat'><em>-</em></span> <span class='ocrx_word' id='word_1_485' title='bbox 876 1989 908 2020; x_wconf 92' lang='lat' dir='ltr'>Si</span> <span class='ocrx_word' id='word_1_486' title='bbox 932 1999 1008 2020; x_wconf 89' lang='lat' dir='ltr'>vero</span> <span class='ocrx_word' id='word_1_487' title='bbox 1039 1996 1186 2020; x_wconf 86' lang='lat' dir='ltr'>sumatur</span> <span class='ocrx_word' id='word_1_488' title='bbox 1208 1989 1351 2020; x_wconf 89' lang='lat' dir='ltr'>secundo</span> <span class='ocrx_word' id='word_1_489' title='bbox 1377 2015 1378 2021; x_wconf 68' lang='grc'>,</span> <span class='ocrx_word' id='word_1_490' title='bbox 1405 1998 1437 2022; x_wconf 91' lang='lat' dir='ltr'>et</span> <span class='ocrx_word' id='word_1_491' title='bbox 1459 1990 1548 2031; x_wconf 91' lang='lat' dir='ltr'>prius</span> <span class='ocrx_word' id='word_1_492' title='bbox 1571 1990 1664 2027; x_wconf 86' lang='lat' dir='ltr'>dicta,</span> <span class='ocrx_word' id='word_1_493' title='bbox 1689 1996 1786 2030; x_wconf 90' lang='lat' dir='ltr'>atque</span> <span class='ocrx_word' id='word_1_494' title='bbox 1809 1989 1934 2021; x_wconf 84' lang='lat' dir='ltr'>similia.</span> 
     </span>
     <span class='ocr_line' id='line_1_40' title="bbox 275 2032 2482 2075; baseline 0 -12"><span class='ocrx_word' id='word_1_495' title='bbox 275 2034 375 2064; x_wconf 91' lang='lat' dir='ltr'>modo</span> <span class='ocrx_word' id='word_1_496' title='bbox 388 2057 395 2070; x_wconf 86' lang='lat'><strong><em>‚</em></strong></span> <span class='ocrx_word' id='word_1_497' title='bbox 419 2040 496 2064; x_wconf 91' lang='lat' dir='ltr'>tunc</span> <span class='ocrx_word' id='word_1_498' title='bbox 520 2032 636 2063; x_wconf 86' lang='lat' dir='ltr'>falsum</span> <span class='ocrx_word' id='word_1_499' title='bbox 660 2034 850 2070; x_wconf 87' lang='lat' dir='ltr'>assumitur,</span> <span class='ocrx_word' id='word_1_500' title='bbox 875 2034 1010 2065; x_wconf 87' lang='lat' dir='ltr'>scilicet:</span> <span class='ocrx_word' id='word_1_501' title='bbox 1041 2034 1196 2065; x_wconf 86' lang='lat' dir='ltr'>Tolerare</span> <span class='ocrx_word' id='word_1_502' title='bbox 1210 2034 1352 2075; x_wconf 88' lang='lat' dir='ltr'>fortiter</span> <span class='ocrx_word' id='word_1_503' title='bbox 1472 2035 1647 2067; x_wconf 87' lang='lat' dir='ltr'>Sciendum</span> <span class='ocrx_word' id='word_1_504' title='bbox 1670 2041 1718 2065; x_wconf 90' lang='lat' dir='ltr'>est</span> <span class='ocrx_word' id='word_1_505' title='bbox 1733 2044 1808 2075; x_wconf 84' lang='lat' dir='ltr'>ergo</span> <span class='ocrx_word' id='word_1_506' title='bbox 1823 2034 1914 2075; x_wconf 90' lang='lat' dir='ltr'>quod</span> <span class='ocrx_word' id='word_1_507' title='bbox 1936 2033 2026 2065; x_wconf 83' lang='lat' dir='ltr'>aliter</span> <span class='ocrx_word' id='word_1_508' title='bbox 2048 2040 2095 2064; x_wconf 90' lang='lat' dir='ltr'>est</span> <span class='ocrx_word' id='word_1_509' title='bbox 2118 2033 2290 2065; x_wconf 86' lang='lat' dir='ltr'>dicendum</span> <span class='ocrx_word' id='word_1_510' title='bbox 2304 2033 2331 2064; x_wconf 86' lang='lat' dir='ltr'>si</span> <span class='ocrx_word' id='word_1_511' title='bbox 2346 2033 2482 2065; x_wconf 83' lang='lat' dir='ltr'>omnino</span> 
     </span>
     <span class='ocr_line' id='line_1_41' title="bbox 276 2077 2482 2116; baseline 0 -8"><span class='ocrx_word' id='word_1_512' title='bbox 276 2084 409 2109; x_wconf 86' lang='lat' dir='ltr'>mortem</span> <span class='ocrx_word' id='word_1_513' title='bbox 427 2087 490 2109; x_wconf 85' lang='lat' dir='ltr'>non</span> <span class='ocrx_word' id='word_1_514' title='bbox 511 2083 558 2108; x_wconf 88' lang='lat' dir='ltr'>est</span> <span class='ocrx_word' id='word_1_515' title='bbox 575 2078 751 2109; x_wconf 85' lang='lat' dir='ltr'>secundum</span> <span class='ocrx_word' id='word_1_516' title='bbox 767 2088 803 2109; x_wconf 89' lang='lat' dir='ltr'>se</span> <span class='ocrx_word' id='word_1_517' title='bbox 819 2078 991 2109; x_wconf 80' lang='lat' dir='ltr'>laudabile.</span> <span class='ocrx_word' id='word_1_518' title='bbox 1013 2078 1176 2116; x_wconf 86' lang='lat' dir='ltr'>Quoniam</span> <span class='ocrx_word' id='word_1_519' title='bbox 1194 2079 1245 2110; x_wconf 87' lang='lat' dir='ltr'>hic</span> <span class='ocrx_word' id='word_1_520' title='bbox 1261 2086 1351 2110; x_wconf 87' lang='lat' dir='ltr'>actus</span> <span class='ocrx_word' id='word_1_521' title='bbox 1406 2080 1624 2112; x_wconf 80' lang='lat' dir='ltr'>universaliter</span> <span class='ocrx_word' id='word_1_522' title='bbox 1652 2079 1691 2110; x_wconf 91' lang='lat' dir='ltr'>de</span> <span class='ocrx_word' id='word_1_523' title='bbox 1714 2078 1778 2110; x_wconf 87' lang='lat' dir='ltr'>fine</span> <span class='ocrx_word' id='word_1_524' title='bbox 1805 2077 1996 2110; x_wconf 84' lang='lat' dir='ltr'>bonificante</span> <span class='ocrx_word' id='word_1_525' title='bbox 2026 2077 2192 2110; x_wconf 82' lang='lat' dir='ltr'>materiam</span> <span class='ocrx_word' id='word_1_526' title='bbox 2216 2077 2411 2109; x_wconf 82' lang='lat' dir='ltr'>fortitudinis</span> <span class='ocrx_word' id='word_1_527' title='bbox 2433 2077 2482 2110; x_wconf 89' lang='lat' dir='ltr'>lo-</span> 
     </span>
     <span class='ocr_line' id='line_1_42' title="bbox 276 2121 2482 2166; baseline 0 -12"><span class='ocrx_word' id='word_1_528' title='bbox 276 2123 410 2154; x_wconf 84' lang='lat' dir='ltr'>includit</span> <span class='ocrx_word' id='word_1_529' title='bbox 433 2122 590 2153; x_wconf 86' lang='lat' dir='ltr'>actualem</span> <span class='ocrx_word' id='word_1_530' title='bbox 619 2122 840 2153; x_wconf 80' lang='lat' dir='ltr'>fortitudinem</span> <span class='ocrx_word' id='word_1_531' title='bbox 869 2130 905 2153; x_wconf 90' lang='lat' dir='ltr'>ut</span> <span class='ocrx_word' id='word_1_532' title='bbox 927 2122 1081 2159; x_wconf 88' lang='lat' dir='ltr'>formam,</span> <span class='ocrx_word' id='word_1_533' title='bbox 1105 2133 1188 2164; x_wconf 85' lang='lat' dir='ltr'>quae</span> <span class='ocrx_word' id='word_1_534' title='bbox 1211 2131 1257 2154; x_wconf 90' lang='lat' dir='ltr'>est</span> <span class='ocrx_word' id='word_1_535' title='bbox 1281 2133 1351 2154; x_wconf 90' lang='lat' dir='ltr'>mo·</span> <span class='ocrx_word' id='word_1_536' title='bbox 1405 2125 1550 2166; x_wconf 85' lang='lat' dir='ltr'>quimur:</span> <span class='ocrx_word' id='word_1_537' title='bbox 1575 2131 1606 2156; x_wconf 91' lang='lat' dir='ltr'>et</span> <span class='ocrx_word' id='word_1_538' title='bbox 1629 2124 1719 2155; x_wconf 87' lang='lat' dir='ltr'>aliter</span> <span class='ocrx_word' id='word_1_539' title='bbox 1742 2123 1767 2154; x_wconf 87' lang='lat' dir='ltr'>si</span> <span class='ocrx_word' id='word_1_540' title='bbox 1792 2123 1831 2154; x_wconf 90' lang='lat' dir='ltr'>de</span> <span class='ocrx_word' id='word_1_541' title='bbox 1854 2123 1971 2154; x_wconf 89' lang='lat' dir='ltr'>eodem</span> <span class='ocrx_word' id='word_1_542' title='bbox 2002 2122 2186 2163; x_wconf 83' lang='lat' dir='ltr'>regulariter</span> <span class='ocrx_word' id='word_1_543' title='bbox 2215 2132 2321 2154; x_wconf 85' lang='lat' dir='ltr'>sermo</span> <span class='ocrx_word' id='word_1_544' title='bbox 2345 2129 2401 2154; x_wconf 81' lang='lat' dir='ltr'>est.</span> <span class='ocrx_word' id='word_1_545' title='bbox 2431 2121 2482 2162; x_wconf 80' lang='lat' dir='ltr'>Ad</span> 
     </span>
     <span class='ocr_line' id='line_1_43' title="bbox 276 2166 2483 2209; baseline 0 -12"><span class='ocrx_word' id='word_1_546' title='bbox 276 2168 339 2198; x_wconf 89' lang='lat' dir='ltr'>rale</span> <span class='ocrx_word' id='word_1_547' title='bbox 362 2168 497 2203; x_wconf 82' lang='lat' dir='ltr'>bonum,</span> <span class='ocrx_word' id='word_1_548' title='bbox 513 2173 544 2197; x_wconf 92' lang='lat' dir='ltr'>et</span> <span class='ocrx_word' id='word_1_549' title='bbox 567 2166 732 2207; x_wconf 82' lang='lat' dir='ltr'>proximus</span> <span class='ocrx_word' id='word_1_550' title='bbox 748 2166 820 2197; x_wconf 88' lang='lat' dir='ltr'>finis</span> <span class='ocrx_word' id='word_1_551' title='bbox 836 2167 1034 2198; x_wconf 88' lang='lat' dir='ltr'>tolerationis</span> <span class='ocrx_word' id='word_1_552' title='bbox 1057 2168 1235 2198; x_wconf 89' lang='lat' dir='ltr'>secundum</span> <span class='ocrx_word' id='word_1_553' title='bbox 1258 2177 1351 2199; x_wconf 83' lang='lat' dir='ltr'>suam</span> <span class='ocrx_word' id='word_1_554' title='bbox 1406 2169 1497 2201; x_wconf 89' lang='lat' dir='ltr'>cuius</span> <span class='ocrx_word' id='word_1_555' title='bbox 1521 2168 1724 2203; x_wconf 79' lang='lat' dir='ltr'>evidentiam.</span> <span class='ocrx_word' id='word_1_556' title='bbox 1749 2167 1887 2198; x_wconf 90' lang='lat' dir='ltr'>recolere</span> <span class='ocrx_word' id='word_1_557' title='bbox 1911 2173 2039 2209; x_wconf 87' lang='lat' dir='ltr'>oportet</span> <span class='ocrx_word' id='word_1_558' title='bbox 2061 2167 2152 2208; x_wconf 89' lang='lat' dir='ltr'>quod</span> <span class='ocrx_word' id='word_1_559' title='bbox 2180 2166 2336 2198; x_wconf 87' lang='lat' dir='ltr'>fortitudo</span> <span class='ocrx_word' id='word_1_560' title='bbox 2360 2173 2407 2198; x_wconf 80' lang='lat' dir='ltr'>est</span> <span class='ocrx_word' id='word_1_561' title='bbox 2429 2166 2483 2198; x_wconf 88' lang='lat' dir='ltr'>tri-</span> 
     </span>
     <span class='ocr_line' id='line_1_44' title="bbox 276 2211 2482 2255; baseline 0 -13"><span class='ocrx_word' id='word_1_562' title='bbox 276 2211 496 2247; x_wconf 85' lang='lat' dir='ltr'>substantiam,</span> <span class='ocrx_word' id='word_1_563' title='bbox 517 2218 553 2241; x_wconf 92' lang='lat' dir='ltr'>ut</span> <span class='ocrx_word' id='word_1_564' title='bbox 576 2218 662 2251; x_wconf 88' lang='lat' dir='ltr'>patet</span> <span class='ocrx_word' id='word_1_565' title='bbox 686 2221 722 2241; x_wconf 85' lang='lat' dir='ltr'>ex</span> <span class='ocrx_word' id='word_1_566' title='bbox 746 2221 842 2252; x_wconf 90' lang='lat' dir='ltr'>supra</span> <span class='ocrx_word' id='word_1_567' title='bbox 857 2211 874 2230; x_wconf 87' lang='grc'><em>*</em></span> <span class='ocrx_word' id='word_1_568' title='bbox 898 2211 1003 2242; x_wconf 91' lang='lat' dir='ltr'>dictis:</span> <span class='ocrx_word' id='word_1_569' title='bbox 1030 2222 1065 2243; x_wconf 88' lang='lat' dir='ltr'>ac</span> <span class='ocrx_word' id='word_1_570' title='bbox 1082 2222 1138 2252; x_wconf 90' lang='lat' dir='ltr'>per</span> <span class='ocrx_word' id='word_1_571' title='bbox 1153 2212 1224 2248; x_wconf 87' lang='lat' dir='ltr'>hoc,</span> <span class='ocrx_word' id='word_1_572' title='bbox 1241 2219 1288 2243; x_wconf 89' lang='lat' dir='ltr'>est</span> <span class='ocrx_word' id='word_1_573' title='bbox 1304 2222 1351 2243; x_wconf 83' lang='lat' dir='ltr'>se·</span> <span class='ocrx_word' id='word_1_574' title='bbox 1376 2232 1378 2247; x_wconf 35' lang='grc' dir='ltr'><strong>ᾗ</strong></span> <span class='ocrx_word' id='word_1_575' title='bbox 1406 2214 1495 2255; x_wconf 87' lang='lat' dir='ltr'>plex:</span> <span class='ocrx_word' id='word_1_576' title='bbox 1520 2213 1638 2244; x_wconf 88' lang='lat' dir='ltr'>scilicet</span> <span class='ocrx_word' id='word_1_577' title='bbox 1661 2212 1847 2249; x_wconf 82' lang='lat' dir='ltr'>monastica,</span> <span class='ocrx_word' id='word_1_578' title='bbox 1871 2212 2002 2253; x_wconf 90' lang='lat' dir='ltr'>politica</span> <span class='ocrx_word' id='word_1_579' title='bbox 2017 2218 2047 2242; x_wconf 91' lang='lat' dir='ltr'>et</span> <span class='ocrx_word' id='word_1_580' title='bbox 2062 2211 2208 2252; x_wconf 83' lang='lat' dir='ltr'>gratuita.</span> <span class='ocrx_word' id='word_1_581' title='bbox 2233 2211 2410 2243; x_wconf 79' lang='lat' dir='ltr'>Monastica</span> <span class='ocrx_word' id='word_1_582' title='bbox 2425 2219 2482 2243; x_wconf 83' lang='lat' dir='ltr'>vo-</span> 
     </span>
     <span class='ocr_line' id='line_1_45' title="bbox 277 2250 2482 2298; baseline 0 -11"><span class='ocrx_word' id='word_1_583' title='bbox 277 2256 420 2287; x_wconf 91' lang='lat' dir='ltr'>cundum</span> <span class='ocrx_word' id='word_1_584' title='bbox 443 2265 476 2286; x_wconf 91' lang='lat' dir='ltr'>se</span> <span class='ocrx_word' id='word_1_585' title='bbox 499 2255 678 2287; x_wconf 84' lang='lat' dir='ltr'>laudabilis.</span> <span class='ocrx_word' id='word_1_586' title='bbox 1376 2250 1378 2259; x_wconf 79' lang='lat'>¹</span> <span class='ocrx_word' id='word_1_587' title='bbox 1406 2265 1495 2290; x_wconf 87' lang='lat' dir='ltr'>catur</span> <span class='ocrx_word' id='word_1_588' title='bbox 1518 2258 1674 2289; x_wconf 88' lang='lat' dir='ltr'>fortitudo</span> <span class='ocrx_word' id='word_1_589' title='bbox 1698 2257 1854 2293; x_wconf 87' lang='lat' dir='ltr'>absolute,</span> <span class='ocrx_word' id='word_1_590' title='bbox 1874 2263 1911 2287; x_wconf 90' lang='lat' dir='ltr'>ut</span> <span class='ocrx_word' id='word_1_591' title='bbox 1933 2255 2052 2287; x_wconf 79' lang='lat' dir='ltr'>scilicet</span> <span class='ocrx_word' id='word_1_592' title='bbox 2075 2257 2199 2287; x_wconf 89' lang='lat' dir='ltr'>bonum</span> <span class='ocrx_word' id='word_1_593' title='bbox 2222 2255 2314 2287; x_wconf 89' lang='lat' dir='ltr'>fortis</span> <span class='ocrx_word' id='word_1_594' title='bbox 2338 2263 2400 2294; x_wconf 76' lang='lat' dir='ltr'>est3</span> <span class='ocrx_word' id='word_1_595' title='bbox 2422 2265 2482 2298; x_wconf 88' lang='lat' dir='ltr'>po-</span> 
     </span>
    </p>

    <p class='ocr_par' dir='ltr' id='par_1_16' title="bbox 334 2299 2482 2341">
     <span class='ocr_line' id='line_1_46' title="bbox 334 2299 2482 2341; baseline 0 -11"><span class='ocrx_word' id='word_1_596' title='bbox 334 2301 369 2331; x_wconf 91' lang='lat' dir='ltr'>ll.</span> <span class='ocrx_word' id='word_1_597' title='bbox 394 2301 446 2331; x_wconf 86' lang='lat' dir='ltr'>Ad</span> <span class='ocrx_word' id='word_1_598' title='bbox 468 2300 531 2331; x_wconf 94' lang='lat' dir='ltr'>hoc</span> <span class='ocrx_word' id='word_1_599' title='bbox 554 2300 669 2331; x_wconf 87' lang='lat' dir='ltr'>dicitur</span> <span class='ocrx_word' id='word_1_600' title='bbox 684 2300 784 2340; x_wconf 92' lang='lat' dir='ltr'>quod,</span> <span class='ocrx_word' id='word_1_601' title='bbox 802 2310 877 2330; x_wconf 90' lang='lat' dir='ltr'>cum</span> <span class='ocrx_word' id='word_1_602' title='bbox 901 2299 1056 2331; x_wconf 86' lang='lat' dir='ltr'>fortitudo</span> <span class='ocrx_word' id='word_1_603' title='bbox 1071 2301 1111 2332; x_wconf 88' lang='lat' dir='ltr'>sit</span> <span class='ocrx_word' id='word_1_604' title='bbox 1127 2302 1213 2332; x_wconf 83' lang='lat' dir='ltr'>circa</span> <span class='ocrx_word' id='word_1_605' title='bbox 1238 2302 1352 2332; x_wconf 84' lang='lat' dir='ltr'>mortis</span> <span class='ocrx_word' id='word_1_606' title='bbox 1376 2303 1377 2335; x_wconf 60' lang='grc' dir='ltr'>ἒ</span> <span class='ocrx_word' id='word_1_607' title='bbox 1403 2303 1489 2335; x_wconf 86' lang='lat' dir='ltr'>litica</span> <span class='ocrx_word' id='word_1_608' title='bbox 1512 2312 1606 2339; x_wconf 78' lang='lat' dir='ltr'>vero,</span> <span class='ocrx_word' id='word_1_609' title='bbox 1631 2309 1667 2333; x_wconf 93' lang='lat' dir='ltr'>ut</span> <span class='ocrx_word' id='word_1_610' title='bbox 1691 2311 1709 2332; x_wconf 91' lang='lat' dir='ltr'>a</span> <span class='ocrx_word' id='word_1_611' title='bbox 1731 2301 1825 2341; x_wconf 83' lang='lat' dir='ltr'>legali</span> <span class='ocrx_word' id='word_1_612' title='bbox 1849 2301 1968 2332; x_wconf 80' lang='lat' dir='ltr'>iustitia</span> <span class='ocrx_word' id='word_1_613' title='bbox 1990 2301 2166 2341; x_wconf 86' lang='lat' dir='ltr'>imperatur</span> <span class='ocrx_word' id='word_1_614' title='bbox 2188 2307 2220 2331; x_wconf 91' lang='lat' dir='ltr'>et</span> <span class='ocrx_word' id='word_1_615' title='bbox 2242 2301 2283 2331; x_wconf 85' lang='lat' dir='ltr'>ad</span> <span class='ocrx_word' id='word_1_616' title='bbox 2307 2310 2482 2333; x_wconf 73' lang='lat' dir='ltr'>commum</span> 
     </span>
    </p>
   </div>
   <div class='ocr_carea' id='block_1_14' title="bbox 112 2343 2482 2386">
    <p class='ocr_par' dir='ltr' id='par_1_17' title="bbox 112 2343 2482 2386">
     <span class='ocr_line' id='line_1_47' title="bbox 112 2343 2482 2386; baseline 0.003 -15"><span class='ocrx_word' id='word_1_617' title='bbox 112 2357 160 2375; x_wconf 76' lang='grc' dir='ltr'>.νι,</span> <span class='ocrx_word' id='word_1_618' title='bbox 173 2358 196 2373; x_wconf 87' lang='lat' dir='ltr'>n.</span> <span class='ocrx_word' id='word_1_619' title='bbox 207 2352 249 2372; x_wconf 70' lang='grc'>8.-</span> <span class='ocrx_word' id='word_1_620' title='bbox 270 2345 420 2386; x_wconf 77' lang='lat' dir='ltr'>pericula</span> <span class='ocrx_word' id='word_1_621' title='bbox 451 2346 587 2385; x_wconf 77' lang='lat' dir='ltr'>optima,</span> <span class='ocrx_word' id='word_1_622' title='bbox 613 2352 648 2375; x_wconf 93' lang='lat' dir='ltr'>ut</span> <span class='ocrx_word' id='word_1_623' title='bbox 671 2351 758 2384; x_wconf 86' lang='lat' dir='ltr'>patet</span> <span class='ocrx_word' id='word_1_624' title='bbox 781 2354 818 2374; x_wconf 85' lang='lat' dir='ltr'>ex</span> <span class='ocrx_word' id='word_1_625' title='bbox 842 2345 883 2375; x_wconf 90' lang='lat'>111</span> <span class='ocrx_word' id='word_1_626' title='bbox 906 2344 1010 2376; x_wconf 86' lang='lat' dir='ltr'>Ethic.</span> <span class='ocrx_word' id='word_1_627' title='bbox 1026 2345 1058 2382; x_wconf 74' lang='lat'>¹⁸²,</span> <span class='ocrx_word' id='word_1_628' title='bbox 1083 2346 1123 2376; x_wconf 86' lang='lat' dir='ltr'>ad</span> <span class='ocrx_word' id='word_1_629' title='bbox 1156 2345 1351 2376; x_wconf 80' lang='lat' dir='ltr'>fortitudinis</span> <span class='ocrx_word' id='word_1_630' title='bbox 1376 2343 1377 2353; x_wconf 94' lang='lat'>¹</span> <span class='ocrx_word' id='word_1_631' title='bbox 1404 2349 1529 2379; x_wconf 88' lang='lat' dir='ltr'>bonum</span> <span class='ocrx_word' id='word_1_632' title='bbox 1553 2346 1735 2382; x_wconf 59' lang='lat' dir='ltr'>ordinatum</span> <span class='ocrx_word' id='word_1_633' title='bbox 1759 2345 1895 2386; x_wconf 83' lang='lat' dir='ltr'>gratuita</span> <span class='ocrx_word' id='word_1_634' title='bbox 1918 2353 2036 2382; x_wconf 86' lang='lat' dir='ltr'>autem,</span> <span class='ocrx_word' id='word_1_635' title='bbox 2053 2345 2103 2375; x_wconf 90' lang='lat' dir='ltr'>vel</span> <span class='ocrx_word' id='word_1_636' title='bbox 2118 2345 2230 2375; x_wconf 88' lang='lat' dir='ltr'>eadem</span> <span class='ocrx_word' id='word_1_637' title='bbox 2254 2351 2289 2376; x_wconf 91' lang='lat' dir='ltr'>ut</span> <span class='ocrx_word' id='word_1_638' title='bbox 2313 2355 2332 2375; x_wconf 92' lang='lat' dir='ltr'>a</span> <span class='ocrx_word' id='word_1_639' title='bbox 2354 2345 2482 2377; x_wconf 80' lang='lat' dir='ltr'>caritate</span> 
     </span>
    </p>
   </div>
   <div class='ocr_carea' id='block_1_15' title="bbox 276 2388 2481 2609">
    <p class='ocr_par' dir='ltr' id='par_1_18' title="bbox 276 2388 2481 2609">
     <span class='ocr_line' id='line_1_48' title="bbox 276 2388 2481 2433; baseline 0 -14"><span class='ocrx_word' id='word_1_640' title='bbox 276 2397 384 2420; x_wconf 89' lang='lat' dir='ltr'>actum</span> <span class='ocrx_word' id='word_1_641' title='bbox 408 2389 541 2430; x_wconf 84' lang='lat' dir='ltr'>duplex,</span> <span class='ocrx_word' id='word_1_642' title='bbox 566 2399 622 2420; x_wconf 91' lang='lat' dir='ltr'>seu</span> <span class='ocrx_word' id='word_1_643' title='bbox 654 2388 822 2429; x_wconf 88' lang='lat' dir='ltr'>dupliciter</span> <span class='ocrx_word' id='word_1_644' title='bbox 852 2396 979 2429; x_wconf 90' lang='lat' dir='ltr'>oportet</span> <span class='ocrx_word' id='word_1_645' title='bbox 1010 2399 1198 2421; x_wconf 89' lang='lat' dir='ltr'>concurrere</span> <span class='ocrx_word' id='word_1_646' title='bbox 1226 2390 1350 2421; x_wconf 85' lang='lat' dir='ltr'>bonum</span> <span class='ocrx_word' id='word_1_647' title='bbox 1375 2398 1378 2423; x_wconf 64' lang='grc' dir='ltr'>ὲ</span> <span class='ocrx_word' id='word_1_648' title='bbox 1405 2393 1588 2433; x_wconf 87' lang='lat' dir='ltr'>imperatur,</span> <span class='ocrx_word' id='word_1_649' title='bbox 1608 2391 1659 2422; x_wconf 87' lang='lat' dir='ltr'>vel</span> <span class='ocrx_word' id='word_1_650' title='bbox 1674 2400 1756 2432; x_wconf 88' lang='lat' dir='ltr'>quae</span> <span class='ocrx_word' id='word_1_651' title='bbox 1772 2389 1878 2421; x_wconf 87' lang='lat' dir='ltr'>infusa</span> <span class='ocrx_word' id='word_1_652' title='bbox 1893 2396 1949 2421; x_wconf 88' lang='lat' dir='ltr'>est.</span> <span class='ocrx_word' id='word_1_653' title='bbox 1975 2389 2058 2420; x_wconf 89' lang='lat' dir='ltr'>lnter</span> <span class='ocrx_word' id='word_1_654' title='bbox 2073 2388 2202 2430; x_wconf 89' lang='lat' dir='ltr'>quasin</span> <span class='ocrx_word' id='word_1_655' title='bbox 2218 2388 2387 2430; x_wconf 91' lang='lat' dir='ltr'>proposito</span> <span class='ocrx_word' id='word_1_656' title='bbox 2404 2389 2481 2421; x_wconf 87' lang='lat' dir='ltr'>haec</span> 
     </span>
     <span class='ocr_line' id='line_1_49' title="bbox 277 2432 2480 2476; baseline 0 -12"><span class='ocrx_word' id='word_1_657' title='bbox 277 2433 407 2464; x_wconf 85' lang='lat' dir='ltr'>moralis</span> <span class='ocrx_word' id='word_1_658' title='bbox 431 2433 564 2464; x_wconf 87' lang='lat' dir='ltr'>virtutis.</span> <span class='ocrx_word' id='word_1_659' title='bbox 598 2433 720 2470; x_wconf 86' lang='lat' dir='ltr'>Primo,</span> <span class='ocrx_word' id='word_1_660' title='bbox 746 2434 785 2463; x_wconf 85' lang='lat' dir='ltr'>ad</span> <span class='ocrx_word' id='word_1_661' title='bbox 810 2433 1070 2465; x_wconf 90' lang='lat' dir='ltr'>constituendum</span> <span class='ocrx_word' id='word_1_662' title='bbox 1094 2434 1259 2465; x_wconf 86' lang='lat' dir='ltr'>materiam</span> <span class='ocrx_word' id='word_1_663' title='bbox 1283 2435 1351 2466; x_wconf 88' lang='lat' dir='ltr'>eius</span> <span class='ocrx_word' id='word_1_664' title='bbox 1376 2443 1377 2475; x_wconf 65' lang='lat' dir='ltr'>j</span> <span class='ocrx_word' id='word_1_665' title='bbox 1405 2435 1579 2468; x_wconf 85' lang='lat' dir='ltr'>differentia</span> <span class='ocrx_word' id='word_1_666' title='bbox 1603 2442 1665 2472; x_wconf 83' lang='lat' dir='ltr'>est,</span> <span class='ocrx_word' id='word_1_667' title='bbox 1689 2434 1778 2476; x_wconf 92' lang='lat' dir='ltr'>quod</span> <span class='ocrx_word' id='word_1_668' title='bbox 1803 2435 1927 2465; x_wconf 89' lang='lat' dir='ltr'>bonum</span> <span class='ocrx_word' id='word_1_669' title='bbox 1954 2432 2132 2465; x_wconf 83' lang='lat' dir='ltr'>bonificans</span> <span class='ocrx_word' id='word_1_670' title='bbox 2161 2433 2328 2464; x_wconf 88' lang='lat' dir='ltr'>materiam</span> <span class='ocrx_word' id='word_1_671' title='bbox 2355 2433 2480 2465; x_wconf 81' lang='lat' dir='ltr'>fortitu·</span> 
     </span>
     <span class='ocr_line' id='line_1_50' title="bbox 277 2477 2481 2522; baseline 0 -13"><span class='ocrx_word' id='word_1_672' title='bbox 277 2478 444 2519; x_wconf 86' lang='lat' dir='ltr'>optimam,</span> <span class='ocrx_word' id='word_1_673' title='bbox 469 2478 531 2508; x_wconf 91' lang='lat' dir='ltr'>hoc</span> <span class='ocrx_word' id='word_1_674' title='bbox 555 2484 610 2514; x_wconf 87' lang='lat' dir='ltr'>est,</span> <span class='ocrx_word' id='word_1_675' title='bbox 635 2477 857 2508; x_wconf 87' lang='lat' dir='ltr'>constituenda</span> <span class='ocrx_word' id='word_1_676' title='bbox 876 2477 989 2509; x_wconf 90' lang='lat' dir='ltr'>mortis</span> <span class='ocrx_word' id='word_1_677' title='bbox 1012 2479 1153 2520; x_wconf 89' lang='lat' dir='ltr'>pericula</span> <span class='ocrx_word' id='word_1_678' title='bbox 1168 2479 1200 2509; x_wconf 90' lang='lat' dir='ltr'>in</span> <span class='ocrx_word' id='word_1_679' title='bbox 1225 2479 1350 2520; x_wconf 88' lang='lat' dir='ltr'>optimo</span> <span class='ocrx_word' id='word_1_680' title='bbox 1376 2481 1378 2522; x_wconf 59' lang='grc' dir='ltr'><strong><em>ζ</em></strong></span> <span class='ocrx_word' id='word_1_681' title='bbox 1405 2481 1487 2512; x_wconf 85' lang='lat' dir='ltr'>dinis</span> <span class='ocrx_word' id='word_1_682' title='bbox 1517 2480 1665 2522; x_wconf 84' lang='lat' dir='ltr'>politicae</span> <span class='ocrx_word' id='word_1_683' title='bbox 1689 2486 1736 2510; x_wconf 75' lang='lat' dir='ltr'>est</span> <span class='ocrx_word' id='word_1_684' title='bbox 1759 2478 1935 2510; x_wconf 83' lang='lat' dir='ltr'>formaliter</span> <span class='ocrx_word' id='word_1_685' title='bbox 1966 2477 2230 2515; x_wconf 86' lang='lat' dir='ltr'>determinatum,</span> <span class='ocrx_word' id='word_1_686' title='bbox 2255 2477 2331 2520; x_wconf 89' lang='lat' dir='ltr'>quia</span> <span class='ocrx_word' id='word_1_687' title='bbox 2361 2477 2481 2510; x_wconf 81' lang='lat' dir='ltr'>iustitia</span> 
     </span>
     <span class='ocr_line' id='line_1_51' title="bbox 277 2521 2480 2566; baseline 0.001 -13"><span class='ocrx_word' id='word_1_688' title='bbox 277 2531 363 2553; x_wconf 84' lang='lat' dir='ltr'>esse:</span> <span class='ocrx_word' id='word_1_689' title='bbox 387 2522 477 2553; x_wconf 88' lang='lat' dir='ltr'>aliter</span> <span class='ocrx_word' id='word_1_690' title='bbox 500 2532 566 2552; x_wconf 90' lang='lat' dir='ltr'>non</span> <span class='ocrx_word' id='word_1_691' title='bbox 591 2529 694 2553; x_wconf 90' lang='lat' dir='ltr'>essent</span> <span class='ocrx_word' id='word_1_692' title='bbox 718 2522 848 2553; x_wconf 87' lang='lat' dir='ltr'>materia</span> <span class='ocrx_word' id='word_1_693' title='bbox 871 2522 951 2554; x_wconf 88' lang='lat' dir='ltr'>circa</span> <span class='ocrx_word' id='word_1_694' title='bbox 970 2533 1069 2564; x_wconf 86' lang='lat' dir='ltr'>quam</span> <span class='ocrx_word' id='word_1_695' title='bbox 1093 2530 1269 2555; x_wconf 83' lang='lat' dir='ltr'>versaretur</span> <span class='ocrx_word' id='word_1_696' title='bbox 1286 2523 1350 2554; x_wconf 85' lang='lat' dir='ltr'>for·</span> <span class='ocrx_word' id='word_1_697' title='bbox 1376 2547 1378 2562; x_wconf 32' lang='grc' dir='ltr'><strong>ι</strong></span> <span class='ocrx_word' id='word_1_698' title='bbox 1405 2525 1513 2566; x_wconf 81' lang='lat' dir='ltr'>legalis</span> <span class='ocrx_word' id='word_1_699' title='bbox 1537 2531 1601 2561; x_wconf 83' lang='lat' dir='ltr'>est;</span> <span class='ocrx_word' id='word_1_700' title='bbox 1626 2531 1657 2555; x_wconf 91' lang='lat' dir='ltr'>et</span> <span class='ocrx_word' id='word_1_701' title='bbox 1681 2523 1826 2554; x_wconf 87' lang='lat' dir='ltr'>similiter</span> <span class='ocrx_word' id='word_1_702' title='bbox 1848 2522 2096 2554; x_wconf 86' lang='lat' dir='ltr'>determinatum</span> <span class='ocrx_word' id='word_1_703' title='bbox 2118 2530 2166 2554; x_wconf 86' lang='lat' dir='ltr'>est</span> <span class='ocrx_word' id='word_1_704' title='bbox 2179 2521 2358 2554; x_wconf 86' lang='lat' dir='ltr'>bonificans</span> <span class='ocrx_word' id='word_1_705' title='bbox 2379 2530 2480 2555; x_wconf 83' lang='lat' dir='ltr'>mate-</span> 
     </span>
     <span class='ocr_line' id='line_1_52' title="bbox 277 2565 2481 2609; baseline 0 -11"><span class='ocrx_word' id='word_1_706' title='bbox 277 2567 419 2598; x_wconf 86' lang='lat' dir='ltr'>titudinis</span> <span class='ocrx_word' id='word_1_707' title='bbox 443 2567 559 2603; x_wconf 87' lang='lat' dir='ltr'>virtus;</span> <span class='ocrx_word' id='word_1_708' title='bbox 591 2567 822 2607; x_wconf 89' lang='lat' dir='ltr'>praesupponit</span> <span class='ocrx_word' id='word_1_709' title='bbox 849 2566 1007 2608; x_wconf 87' lang='lat' dir='ltr'>siquidem</span> <span class='ocrx_word' id='word_1_710' title='bbox 1031 2567 1187 2599; x_wconf 89' lang='lat' dir='ltr'>fortitudo</span> <span class='ocrx_word' id='word_1_711' title='bbox 1211 2568 1351 2608; x_wconf 88' lang='lat' dir='ltr'>pericula</span> <span class='ocrx_word' id='word_1_712' title='bbox 1376 2565 1378 2600; x_wconf 72' lang='lat' dir='ltr'>l</span> <span class='ocrx_word' id='word_1_713' title='bbox 1405 2571 1485 2602; x_wconf 90' lang='lat' dir='ltr'>riam</span> <span class='ocrx_word' id='word_1_714' title='bbox 1508 2568 1704 2602; x_wconf 88' lang='lat' dir='ltr'>fortitudinis</span> <span class='ocrx_word' id='word_1_715' title='bbox 1730 2568 1894 2608; x_wconf 84' lang='lat' dir='ltr'>gratuitae,</span> <span class='ocrx_word' id='word_1_716' title='bbox 1917 2567 1993 2609; x_wconf 87' lang='lat' dir='ltr'>quia</span> <span class='ocrx_word' id='word_1_717' title='bbox 2017 2568 2139 2599; x_wconf 83' lang='lat' dir='ltr'>iustitia</span> <span class='ocrx_word' id='word_1_718' title='bbox 2151 2567 2238 2608; x_wconf 80' lang='lat' dir='ltr'>fidei</span> <span class='ocrx_word' id='word_1_719' title='bbox 2261 2573 2319 2604; x_wconf 81' lang='lat' dir='ltr'>est,</span> <span class='ocrx_word' id='word_1_720' title='bbox 2339 2574 2375 2598; x_wconf 87' lang='lat' dir='ltr'>ut</span> <span class='ocrx_word' id='word_1_721' title='bbox 2398 2567 2481 2599; x_wconf 81' lang='lat' dir='ltr'>clare</span> 
     </span>
    </p>
   </div>
   <div class='ocr_carea' id='block_1_16' title="bbox 2507 530 2634 553">
    <p class='ocr_par' dir='ltr' id='par_1_19' title="bbox 2507 530 2634 553">
     <span class='ocr_line' id='line_1_53' title="bbox 2507 530 2634 553; baseline 0.008 -1"><span class='ocrx_word' id='word_1_722' title='bbox 2507 534 2515 542; x_wconf 80' lang='lat'>⁴</span> <span class='ocrx_word' id='word_1_723' title='bbox 2532 531 2599 553; x_wconf 79' lang='lat' dir='ltr'>Vera.</span> <span class='ocrx_word' id='word_1_724' title='bbox 2612 530 2634 553; x_wconf 84' lang='lat'>8.</span> 
     </span>
    </p>
   </div>
   <div class='ocr_carea' id='block_1_17' title="bbox 2507 1954 2720 2004">
    <p class='ocr_par' dir='ltr' id='par_1_20' title="bbox 2507 1954 2720 2004">
     <span class='ocr_line' id='line_1_54' title="bbox 2509 1954 2720 1977; baseline -0.005 0"><span class='ocrx_word' id='word_1_725' title='bbox 2509 1956 2517 1964; x_wconf 87' lang='lat'><strong>·</strong></span> <span class='ocrx_word' id='word_1_726' title='bbox 2540 1954 2674 1977; x_wconf 75' lang='lat' dir='ltr'>commem.</span> <span class='ocrx_word' id='word_1_727' title='bbox 2697 1959 2720 1976; x_wconf 88' lang='lat' dir='ltr'>n.</span> 
     </span>
     <span class='ocr_line' id='line_1_55' title="bbox 2507 1987 2540 2004; baseline 0 0"><span class='ocrx_word' id='word_1_728' title='bbox 2507 1987 2540 2004; x_wconf 80' lang='grc' dir='ltr'>ιι.</span> 
     </span>
    </p>
   </div>
   <div class='ocr_carea' id='block_1_18' title="bbox 276 2607 2522 2655">
    <p class='ocr_par' dir='ltr' id='par_1_21' title="bbox 276 2607 2522 2655">
     <span class='ocr_line' id='line_1_56' title="bbox 276 2607 2522 2655; baseline 0.001 -13"><span class='ocrx_word' id='word_1_729' title='bbox 276 2611 357 2642; x_wconf 91' lang='lat' dir='ltr'>circa</span> <span class='ocrx_word' id='word_1_730' title='bbox 379 2621 462 2652; x_wconf 89' lang='lat' dir='ltr'>quae</span> <span class='ocrx_word' id='word_1_731' title='bbox 485 2618 627 2642; x_wconf 89' lang='lat' dir='ltr'>versatur</span> <span class='ocrx_word' id='word_1_732' title='bbox 650 2621 717 2642; x_wconf 92' lang='lat' dir='ltr'>esse</span> <span class='ocrx_word' id='word_1_733' title='bbox 741 2611 879 2642; x_wconf 80' lang='lat' dir='ltr'>maxima</span> <span class='ocrx_word' id='word_1_734' title='bbox 903 2619 934 2643; x_wconf 88' lang='lat' dir='ltr'>et</span> <span class='ocrx_word' id='word_1_735' title='bbox 957 2612 1090 2652; x_wconf 86' lang='lat' dir='ltr'>optima.</span> <span class='ocrx_word' id='word_1_736' title='bbox 1122 2613 1285 2649; x_wconf 84' lang='lat' dir='ltr'>Secundo,</span> <span class='ocrx_word' id='word_1_737' title='bbox 1311 2614 1351 2644; x_wconf 86' lang='lat' dir='ltr'>ad</span> <span class='ocrx_word' id='word_1_738' title='bbox 1376 2607 1378 2635; x_wconf 67' lang='grc' dir='ltr'>Ι</span> <span class='ocrx_word' id='word_1_739' title='bbox 1404 2615 1502 2646; x_wconf 84' lang='lat' dir='ltr'>habes</span> <span class='ocrx_word' id='word_1_740' title='bbox 1525 2615 1565 2645; x_wconf 93' lang='lat' dir='ltr'>de</span> <span class='ocrx_word' id='word_1_741' title='bbox 1588 2614 1637 2644; x_wconf 90' lang='lat' dir='ltr'>his</span> <span class='ocrx_word' id='word_1_742' title='bbox 1661 2613 1790 2644; x_wconf 87' lang='lat' dir='ltr'>duobus</span> <span class='ocrx_word' id='word_1_743' title='bbox 1813 2612 1846 2643; x_wconf 91' lang='lat' dir='ltr'>in</span> <span class='ocrx_word' id='word_1_744' title='bbox 1870 2619 1926 2644; x_wconf 90' lang='lat' dir='ltr'>art.</span> <span class='ocrx_word' id='word_1_745' title='bbox 1951 2622 2066 2653; x_wconf 71' lang='lat' dir='ltr'>praec„</span> <span class='ocrx_word' id='word_1_746' title='bbox 2084 2611 2115 2642; x_wconf 90' lang='lat' dir='ltr'>in</span> <span class='ocrx_word' id='word_1_747' title='bbox 2139 2621 2221 2653; x_wconf 86' lang='lat' dir='ltr'>resp.</span> <span class='ocrx_word' id='word_1_748' title='bbox 2243 2612 2283 2642; x_wconf 87' lang='lat' dir='ltr'>ad</span> <span class='ocrx_word' id='word_1_749' title='bbox 2306 2620 2330 2648; x_wconf 72' lang='grc' dir='ltr'>ις</span> <span class='ocrx_word' id='word_1_750' title='bbox 2355 2611 2480 2655; x_wconf 68' lang='lat' dir='ltr'>bonum</span> <span class='ocrx_word' id='word_1_751' title='bbox 2517 2643 2522 2647; x_wconf 84' lang='grc'><strong>,</strong></span> 
     </span>
    </p>
   </div>
   <div class='ocr_carea' id='block_1_19' title="bbox 275 2644 2482 3675">
    <p class='ocr_par' dir='ltr' id='par_1_22' title="bbox 275 2644 2482 3675">
     <span class='ocr_line' id='line_1_57' title="bbox 275 2644 2482 2701; baseline -0.002 -8"><span class='ocrx_word' id='word_1_752' title='bbox 275 2655 516 2686; x_wconf 62' lang='lat' dir='ltr'>informandum</span> <span class='ocrx_word' id='word_1_753' title='bbox 545 2663 651 2687; x_wconf 90' lang='lat' dir='ltr'>actum</span> <span class='ocrx_word' id='word_1_754' title='bbox 682 2655 858 2686; x_wconf 88' lang='lat' dir='ltr'>sustinendi</span> <span class='ocrx_word' id='word_1_755' title='bbox 886 2656 936 2686; x_wconf 75' lang='lat' dir='ltr'>vel</span> <span class='ocrx_word' id='word_1_756' title='bbox 965 2656 1184 2698; x_wconf 58' lang='lat' dir='ltr'>QgrediendL</span> <span class='ocrx_word' id='word_1_757' title='bbox 1218 2657 1351 2688; x_wconf 77' lang='lat' dir='ltr'>timendi</span> <span class='ocrx_word' id='word_1_758' title='bbox 1376 2644 1378 2701; x_wconf 45' lang='grc' dir='ltr'><em>ξ</em></span> <span class='ocrx_word' id='word_1_759' title='bbox 1404 2666 1512 2691; x_wconf 90' lang='lat' dir='ltr'>autem</span> <span class='ocrx_word' id='word_1_760' title='bbox 1537 2657 1713 2690; x_wconf 88' lang='lat' dir='ltr'>bonificans</span> <span class='ocrx_word' id='word_1_761' title='bbox 1729 2657 1894 2688; x_wconf 85' lang='lat' dir='ltr'>materiam</span> <span class='ocrx_word' id='word_1_762' title='bbox 1919 2655 2114 2688; x_wconf 85' lang='lat' dir='ltr'>fortitudinis</span> <span class='ocrx_word' id='word_1_763' title='bbox 2133 2655 2328 2687; x_wconf 85' lang='lat' dir='ltr'>monasticae</span> <span class='ocrx_word' id='word_1_764' title='bbox 2344 2666 2411 2688; x_wconf 88' lang='lat' dir='ltr'>non</span> <span class='ocrx_word' id='word_1_765' title='bbox 2434 2662 2482 2688; x_wconf 79' lang='lat' dir='ltr'>eat</span> 
     </span>
     <span class='ocr_line' id='line_1_58' title="bbox 276 2699 2480 2743; baseline 0.001 -13"><span class='ocrx_word' id='word_1_766' title='bbox 276 2701 325 2730; x_wconf 88' lang='lat' dir='ltr'>vel</span> <span class='ocrx_word' id='word_1_767' title='bbox 350 2700 498 2737; x_wconf 88' lang='lat' dir='ltr'>audendi,</span> <span class='ocrx_word' id='word_1_768' title='bbox 514 2707 590 2731; x_wconf 88' lang='lat' dir='ltr'>etc.:</span> <span class='ocrx_word' id='word_1_769' title='bbox 617 2707 744 2741; x_wconf 89' lang='lat' dir='ltr'>oportet</span> <span class='ocrx_word' id='word_1_770' title='bbox 768 2710 907 2742; x_wconf 83' lang='lat' dir='ltr'>namque</span> <span class='ocrx_word' id='word_1_771' title='bbox 924 2701 1079 2732; x_wconf 86' lang='lat' dir='ltr'>sustinere</span> <span class='ocrx_word' id='word_1_772' title='bbox 1094 2702 1236 2743; x_wconf 82' lang='lat' dir='ltr'>quande,</span> <span class='ocrx_word' id='word_1_773' title='bbox 1257 2702 1349 2739; x_wconf 85' lang='lat' dir='ltr'>sicut,</span> <span class='ocrx_word' id='word_1_774' title='bbox 1405 2703 1660 2739; x_wconf 84' lang='lat' dir='ltr'>determinatum,</span> <span class='ocrx_word' id='word_1_775' title='bbox 1675 2701 1750 2743; x_wconf 80' lang='lat' dir='ltr'>quia</span> <span class='ocrx_word' id='word_1_776' title='bbox 1766 2708 1872 2742; x_wconf 88' lang='lat' dir='ltr'>potest</span> <span class='ocrx_word' id='word_1_777' title='bbox 1887 2710 1954 2732; x_wconf 84' lang='lat' dir='ltr'>esse</span> <span class='ocrx_word' id='word_1_778' title='bbox 1971 2701 2094 2732; x_wconf 87' lang='lat' dir='ltr'>bonum</span> <span class='ocrx_word' id='word_1_779' title='bbox 2111 2700 2344 2742; x_wconf 82' lang='lat' dir='ltr'>cuiuscumque</span> <span class='ocrx_word' id='word_1_780' title='bbox 2355 2699 2480 2732; x_wconf 83' lang='lat' dir='ltr'>virtutis</span> 
     </span>
     <span class='ocr_line' id='line_1_59' title="bbox 277 2744 2480 2790; baseline 0 -15"><span class='ocrx_word' id='word_1_781' title='bbox 277 2744 340 2781; x_wconf 91' lang='lat' dir='ltr'>ubi,</span> <span class='ocrx_word' id='word_1_782' title='bbox 366 2751 435 2781; x_wconf 69' lang='lat' dir='ltr'>etc„</span> <span class='ocrx_word' id='word_1_783' title='bbox 460 2752 602 2785; x_wconf 90' lang='lat' dir='ltr'>oportet;</span> <span class='ocrx_word' id='word_1_784' title='bbox 627 2745 858 2785; x_wconf 87' lang='lat' dir='ltr'>quodcumque</span> <span class='ocrx_word' id='word_1_785' title='bbox 882 2745 967 2776; x_wconf 87' lang='lat' dir='ltr'>enim</span> <span class='ocrx_word' id='word_1_786' title='bbox 985 2746 1102 2777; x_wconf 89' lang='lat' dir='ltr'>horum</span> <span class='ocrx_word' id='word_1_787' title='bbox 1126 2746 1270 2782; x_wconf 88' lang='lat' dir='ltr'>defuerit,</span> <span class='ocrx_word' id='word_1_788' title='bbox 1296 2747 1350 2778; x_wconf 90' lang='lat' dir='ltr'>de·</span> <span class='ocrx_word' id='word_1_789' title='bbox 1376 2746 1377 2773; x_wconf 61' lang='grc' dir='ltr'><em>ἒ</em></span> <span class='ocrx_word' id='word_1_790' title='bbox 1404 2749 1505 2790; x_wconf 84' lang='lat' dir='ltr'>ipsius</span> <span class='ocrx_word' id='word_1_791' title='bbox 1521 2747 1621 2779; x_wconf 88' lang='lat' dir='ltr'>fortis.</span> <span class='ocrx_word' id='word_1_792' title='bbox 1647 2747 1724 2784; x_wconf 92' lang='lat' dir='ltr'>Quo</span> <span class='ocrx_word' id='word_1_793' title='bbox 1740 2745 1776 2777; x_wconf 87' lang='lat' dir='ltr'>fit</span> <span class='ocrx_word' id='word_1_794' title='bbox 1798 2753 1835 2777; x_wconf 91' lang='lat' dir='ltr'>ut</span> <span class='ocrx_word' id='word_1_795' title='bbox 1849 2745 1937 2777; x_wconf 84' lang='lat' dir='ltr'>aliter</span> <span class='ocrx_word' id='word_1_796' title='bbox 1953 2755 1986 2776; x_wconf 81' lang='lat' dir='ltr'>se</span> <span class='ocrx_word' id='word_1_797' title='bbox 2001 2745 2115 2777; x_wconf 85' lang='lat' dir='ltr'>habeat</span> <span class='ocrx_word' id='word_1_798' title='bbox 2132 2744 2288 2777; x_wconf 86' lang='lat' dir='ltr'>fortitudo</span> <span class='ocrx_word' id='word_1_799' title='bbox 2304 2744 2480 2776; x_wconf 82' lang='lat' dir='ltr'>monastica</span> 
     </span>
     <span class='ocr_line' id='line_1_60' title="bbox 276 2788 2481 2831; baseline 0.001 -12"><span class='ocrx_word' id='word_1_800' title='bbox 276 2788 340 2820; x_wconf 87' lang='lat' dir='ltr'>ficit</span> <span class='ocrx_word' id='word_1_801' title='bbox 364 2789 558 2820; x_wconf 88' lang='lat' dir='ltr'>fortitudinis</span> <span class='ocrx_word' id='word_1_802' title='bbox 582 2790 671 2820; x_wconf 91' lang='lat' dir='ltr'>ratio.</span> <span class='ocrx_word' id='word_1_803' title='bbox 696 2789 762 2820; x_wconf 89' lang='lat' dir='ltr'>Nec</span> <span class='ocrx_word' id='word_1_804' title='bbox 786 2789 878 2820; x_wconf 84' lang='lat' dir='ltr'>refert</span> <span class='ocrx_word' id='word_1_805' title='bbox 896 2790 928 2820; x_wconf 92' lang='lat' dir='ltr'>in</span> <span class='ocrx_word' id='word_1_806' title='bbox 953 2790 1120 2831; x_wconf 90' lang='lat' dir='ltr'>proposito</span> <span class='ocrx_word' id='word_1_807' title='bbox 1144 2801 1185 2821; x_wconf 86' lang='lat' dir='ltr'>an</span> <span class='ocrx_word' id='word_1_808' title='bbox 1208 2791 1271 2822; x_wconf 90' lang='lat' dir='ltr'>sint</span> <span class='ocrx_word' id='word_1_809' title='bbox 1294 2791 1350 2822; x_wconf 90' lang='lat' dir='ltr'>bo·</span> <span class='ocrx_word' id='word_1_810' title='bbox 1376 2823 1378 2829; x_wconf 70' lang='lat'><em>,</em></span> <span class='ocrx_word' id='word_1_811' title='bbox 1404 2793 1442 2824; x_wconf 86' lang='lat' dir='ltr'>ad</span> <span class='ocrx_word' id='word_1_812' title='bbox 1459 2793 1663 2824; x_wconf 88' lang='lat' dir='ltr'>tolerandum</span> <span class='ocrx_word' id='word_1_813' title='bbox 1676 2798 1814 2822; x_wconf 88' lang='lat' dir='ltr'>mortem</span> <span class='ocrx_word' id='word_1_814' title='bbox 1829 2798 1960 2831; x_wconf 84' lang='lat' dir='ltr'>propter</span> <span class='ocrx_word' id='word_1_815' title='bbox 1975 2790 2151 2821; x_wconf 70' lang='lat' dir='ltr'>castitatem</span> <span class='ocrx_word' id='word_1_816' title='bbox 2167 2797 2199 2821; x_wconf 90' lang='lat' dir='ltr'>et</span> <span class='ocrx_word' id='word_1_817' title='bbox 2210 2789 2380 2826; x_wconf 51' lang='lat' dir='ltr'>similium</span> <span class='ocrx_word' id='word_1_818' title='bbox 2391 2789 2481 2821; x_wconf 80' lang='lat' dir='ltr'>aliter</span> 
     </span>
     <span class='ocr_line' id='line_1_61' title="bbox 278 2833 2478 2879; baseline 0.001 -16"><span class='ocrx_word' id='word_1_819' title='bbox 278 2834 389 2864; x_wconf 91' lang='lat' dir='ltr'>nitates</span> <span class='ocrx_word' id='word_1_820' title='bbox 413 2833 617 2870; x_wconf 87' lang='lat' dir='ltr'>diversarum,</span> <span class='ocrx_word' id='word_1_821' title='bbox 635 2841 690 2864; x_wconf 91' lang='lat' dir='ltr'>aut</span> <span class='ocrx_word' id='word_1_822' title='bbox 704 2834 847 2864; x_wconf 88' lang='lat' dir='ltr'>eiusdem</span> <span class='ocrx_word' id='word_1_823' title='bbox 864 2834 993 2865; x_wconf 86' lang='lat' dir='ltr'>rationis</span> <span class='ocrx_word' id='word_1_824' title='bbox 1017 2835 1094 2866; x_wconf 86' lang='lat' dir='ltr'>istae</span> <span class='ocrx_word' id='word_1_825' title='bbox 1110 2836 1202 2866; x_wconf 86' lang='lat' dir='ltr'>duae.</span> <span class='ocrx_word' id='word_1_826' title='bbox 1229 2836 1350 2867; x_wconf 86' lang='lat' dir='ltr'>Eadem</span> <span class='ocrx_word' id='word_1_827' title='bbox 1404 2837 1534 2879; x_wconf 88' lang='lat' dir='ltr'>politica</span> <span class='ocrx_word' id='word_1_828' title='bbox 1557 2844 1653 2878; x_wconf 88' lang='lat' dir='ltr'>atque</span> <span class='ocrx_word' id='word_1_829' title='bbox 1677 2836 1829 2876; x_wconf 80' lang='lat' dir='ltr'>gratuita:</span> <span class='ocrx_word' id='word_1_830' title='bbox 1855 2834 2010 2876; x_wconf 75' lang='lat' dir='ltr'>quoniam</span> <span class='ocrx_word' id='word_1_831' title='bbox 2035 2834 2160 2866; x_wconf 73' lang='lat' dir='ltr'>castitas</span> <span class='ocrx_word' id='word_1_832' title='bbox 2182 2835 2222 2865; x_wconf 88' lang='lat' dir='ltr'>ad</span> <span class='ocrx_word' id='word_1_833' title='bbox 2239 2833 2478 2866; x_wconf 85' lang='lat' dir='ltr'>bonificandum</span> 
     </span>
     <span class='ocr_line' id='line_1_62' title="bbox 278 2877 2479 2923; baseline 0.001 -15"><span class='ocrx_word' id='word_1_834' title='bbox 278 2888 418 2919; x_wconf 88' lang='lat' dir='ltr'>namque</span> <span class='ocrx_word' id='word_1_835' title='bbox 441 2879 520 2909; x_wconf 87' lang='lat' dir='ltr'>ratio</span> <span class='ocrx_word' id='word_1_836' title='bbox 545 2886 590 2909; x_wconf 89' lang='lat' dir='ltr'>est</span> <span class='ocrx_word' id='word_1_837' title='bbox 614 2878 640 2908; x_wconf 89' lang='lat' dir='ltr'>si</span> <span class='ocrx_word' id='word_1_838' title='bbox 665 2878 804 2919; x_wconf 90' lang='lat' dir='ltr'>pericula</span> <span class='ocrx_word' id='word_1_839' title='bbox 828 2878 939 2910; x_wconf 89' lang='lat' dir='ltr'>mortis</span> <span class='ocrx_word' id='word_1_840' title='bbox 971 2880 1142 2911; x_wconf 87' lang='lat' dir='ltr'>reddantur</span> <span class='ocrx_word' id='word_1_841' title='bbox 1168 2881 1254 2911; x_wconf 91' lang='lat' dir='ltr'>bona</span> <span class='ocrx_word' id='word_1_842' title='bbox 1276 2891 1350 2921; x_wconf 90' lang='lat' dir='ltr'>pro·</span> <span class='ocrx_word' id='word_1_843' title='bbox 1376 2895 1377 2898; x_wconf 44' lang='lat'>¹</span> <span class='ocrx_word' id='word_1_844' title='bbox 1404 2882 1545 2923; x_wconf 86' lang='lat' dir='ltr'>pericula</span> <span class='ocrx_word' id='word_1_845' title='bbox 1570 2880 1682 2912; x_wconf 89' lang='lat' dir='ltr'>mortis</span> <span class='ocrx_word' id='word_1_846' title='bbox 1705 2887 1848 2921; x_wconf 69' lang='lat' dir='ltr'>respectu</span> <span class='ocrx_word' id='word_1_847' title='bbox 1873 2879 2066 2911; x_wconf 87' lang='lat' dir='ltr'>fortitudinis</span> <span class='ocrx_word' id='word_1_848' title='bbox 2089 2878 2285 2911; x_wconf 81' lang='lat' dir='ltr'>monasticae</span> <span class='ocrx_word' id='word_1_849' title='bbox 2320 2877 2479 2910; x_wconf 84' lang='lat' dir='ltr'>concurrit</span> 
     </span>
     <span class='ocr_line' id='line_1_63' title="bbox 278 2920 2477 2966; baseline 0 -13"><span class='ocrx_word' id='word_1_850' title='bbox 278 2930 346 2963; x_wconf 89' lang='lat' dir='ltr'>pter</span> <span class='ocrx_word' id='word_1_851' title='bbox 379 2922 573 2954; x_wconf 88' lang='lat' dir='ltr'>fortitudinis</span> <span class='ocrx_word' id='word_1_852' title='bbox 602 2923 742 2959; x_wconf 84' lang='lat' dir='ltr'>bonum,</span> <span class='ocrx_word' id='word_1_853' title='bbox 768 2930 844 2963; x_wconf 87' lang='lat' dir='ltr'>puta</span> <span class='ocrx_word' id='word_1_854' title='bbox 870 2923 945 2964; x_wconf 87' lang='lat' dir='ltr'>quia</span> <span class='ocrx_word' id='word_1_855' title='bbox 977 2923 1092 2956; x_wconf 90' lang='lat' dir='ltr'>directe</span> <span class='ocrx_word' id='word_1_856' title='bbox 1122 2924 1291 2956; x_wconf 88' lang='lat' dir='ltr'>imminent</span> <span class='ocrx_word' id='word_1_857' title='bbox 1315 2933 1349 2957; x_wconf 90' lang='lat' dir='ltr'>ut</span> <span class='ocrx_word' id='word_1_858' title='bbox 1405 2926 1540 2958; x_wconf 88' lang='lat' dir='ltr'>omnino</span> <span class='ocrx_word' id='word_1_859' title='bbox 1571 2924 1747 2957; x_wconf 81' lang='lat' dir='ltr'>formaliter</span> <span class='ocrx_word' id='word_1_860' title='bbox 1778 2931 1813 2955; x_wconf 94' lang='lat' dir='ltr'>ut</span> <span class='ocrx_word' id='word_1_861' title='bbox 1836 2924 1985 2966; x_wconf 88' lang='lat' dir='ltr'>proprius</span> <span class='ocrx_word' id='word_1_862' title='bbox 2009 2922 2158 2955; x_wconf 86' lang='lat' dir='ltr'>materiae</span> <span class='ocrx_word' id='word_1_863' title='bbox 2181 2921 2269 2960; x_wconf 85' lang='lat' dir='ltr'>finis;</span> <span class='ocrx_word' id='word_1_864' title='bbox 2300 2923 2341 2954; x_wconf 86' lang='lat' dir='ltr'>ad</span> <span class='ocrx_word' id='word_1_865' title='bbox 2363 2920 2477 2954; x_wconf 84' lang='lat' dir='ltr'>bonifi-</span> 
     </span>
     <span class='ocr_line' id='line_1_64' title="bbox 278 2966 2477 3010; baseline 0 -13"><span class='ocrx_word' id='word_1_866' title='bbox 278 2967 422 2998; x_wconf 87' lang='lat' dir='ltr'>auferant</span> <span class='ocrx_word' id='word_1_867' title='bbox 451 2967 647 2998; x_wconf 87' lang='lat' dir='ltr'>fortitudinis</span> <span class='ocrx_word' id='word_1_868' title='bbox 675 2967 825 2998; x_wconf 88' lang='lat' dir='ltr'>virtutem</span> <span class='ocrx_word' id='word_1_869' title='bbox 853 2968 892 2998; x_wconf 93' lang='lat' dir='ltr'>ab</span> <span class='ocrx_word' id='word_1_870' title='bbox 916 2968 1066 2999; x_wconf 86' lang='lat' dir='ltr'>homine:</span> <span class='ocrx_word' id='word_1_871' title='bbox 1098 2977 1129 3000; x_wconf 92' lang='lat' dir='ltr'>et</span> <span class='ocrx_word' id='word_1_872' title='bbox 1157 2969 1201 3000; x_wconf 88' lang='lat' dir='ltr'>sic</span> <span class='ocrx_word' id='word_1_873' title='bbox 1225 2969 1350 3000; x_wconf 89' lang='lat' dir='ltr'>bonitas</span> <span class='ocrx_word' id='word_1_874' title='bbox 1404 2971 1542 3002; x_wconf 83' lang='lat' dir='ltr'>candum</span> <span class='ocrx_word' id='word_1_875' title='bbox 1558 2980 1634 3001; x_wconf 87' lang='lat' dir='ltr'>vero</span> <span class='ocrx_word' id='word_1_876' title='bbox 1658 2970 1771 3001; x_wconf 85' lang='lat' dir='ltr'>eadem</span> <span class='ocrx_word' id='word_1_877' title='bbox 1790 2968 1930 3010; x_wconf 86' lang='lat' dir='ltr'>pericula</span> <span class='ocrx_word' id='word_1_878' title='bbox 1945 2975 2088 3010; x_wconf 85' lang='lat' dir='ltr'>respectu</span> <span class='ocrx_word' id='word_1_879' title='bbox 2109 2966 2303 2999; x_wconf 87' lang='lat' dir='ltr'>fortitudinis</span> <span class='ocrx_word' id='word_1_880' title='bbox 2318 2966 2477 3008; x_wconf 77' lang='lat' dir='ltr'>politicae.</span> 
     </span>
     <span class='ocr_line' id='line_1_65' title="bbox 277 3011 2478 3055; baseline 0 -14"><span class='ocrx_word' id='word_1_881' title='bbox 277 3011 471 3042; x_wconf 85' lang='lat' dir='ltr'>fortitudinis</span> <span class='ocrx_word' id='word_1_882' title='bbox 495 3011 678 3042; x_wconf 87' lang='lat' dir='ltr'>bonificaret</span> <span class='ocrx_word' id='word_1_883' title='bbox 697 3011 860 3042; x_wconf 86' lang='lat' dir='ltr'>materiam</span> <span class='ocrx_word' id='word_1_884' title='bbox 881 3019 911 3043; x_wconf 90' lang='lat' dir='ltr'>et</span> <span class='ocrx_word' id='word_1_885' title='bbox 930 3020 1037 3044; x_wconf 88' lang='lat' dir='ltr'>actum</span> <span class='ocrx_word' id='word_1_886' title='bbox 1062 3013 1266 3045; x_wconf 86' lang='lat' dir='ltr'>fortitudinis.</span> <span class='ocrx_word' id='word_1_887' title='bbox 1291 3014 1349 3045; x_wconf 88' lang='lat' dir='ltr'>Vel</span> <span class='ocrx_word' id='word_1_888' title='bbox 1376 3014 1377 3025; x_wconf 83' lang='lat'>¹</span> <span class='ocrx_word' id='word_1_889' title='bbox 1404 3015 1448 3047; x_wconf 83' lang='lat' dir='ltr'>sic</span> <span class='ocrx_word' id='word_1_890' title='bbox 1472 3025 1505 3047; x_wconf 90' lang='lat' dir='ltr'>se</span> <span class='ocrx_word' id='word_1_891' title='bbox 1528 3015 1623 3046; x_wconf 88' lang='lat' dir='ltr'>habet</span> <span class='ocrx_word' id='word_1_892' title='bbox 1651 3013 1827 3045; x_wconf 83' lang='lat' dir='ltr'>formaliter</span> <span class='ocrx_word' id='word_1_893' title='bbox 1857 3013 1948 3055; x_wconf 90' lang='lat' dir='ltr'>quod</span> <span class='ocrx_word' id='word_1_894' title='bbox 1978 3020 2085 3044; x_wconf 83' lang='lat' dir='ltr'>tamen</span> <span class='ocrx_word' id='word_1_895' title='bbox 2108 3018 2156 3044; x_wconf 82' lang='lat' dir='ltr'>est</span> <span class='ocrx_word' id='word_1_896' title='bbox 2178 3011 2308 3043; x_wconf 85' lang='lat' dir='ltr'>materia</span> <span class='ocrx_word' id='word_1_897' title='bbox 2341 3011 2478 3043; x_wconf 82' lang='lat' dir='ltr'>iustitiae</span> 
     </span>
     <span class='ocr_line' id='line_1_66' title="bbox 277 3055 2478 3100; baseline 0 -14"><span class='ocrx_word' id='word_1_898' title='bbox 277 3057 302 3086; x_wconf 91' lang='lat' dir='ltr'>si</span> <span class='ocrx_word' id='word_1_899' title='bbox 329 3056 468 3096; x_wconf 83' lang='lat' dir='ltr'>pericula</span> <span class='ocrx_word' id='word_1_900' title='bbox 493 3056 664 3087; x_wconf 88' lang='lat' dir='ltr'>reddantur</span> <span class='ocrx_word' id='word_1_901' title='bbox 688 3057 772 3086; x_wconf 89' lang='lat' dir='ltr'>bona</span> <span class='ocrx_word' id='word_1_902' title='bbox 795 3063 926 3097; x_wconf 90' lang='lat' dir='ltr'>propter</span> <span class='ocrx_word' id='word_1_903' title='bbox 948 3057 1084 3089; x_wconf 88' lang='lat' dir='ltr'>iustitiae</span> <span class='ocrx_word' id='word_1_904' title='bbox 1108 3059 1247 3094; x_wconf 91' lang='lat' dir='ltr'>bonum,</span> <span class='ocrx_word' id='word_1_905' title='bbox 1272 3066 1350 3099; x_wconf 82' lang='lat' dir='ltr'>puta</span> <span class='ocrx_word' id='word_1_906' title='bbox 1376 3087 1377 3092; x_wconf 72' lang='grc'>,</span> <span class='ocrx_word' id='word_1_907' title='bbox 1404 3060 1522 3100; x_wconf 80' lang='lat' dir='ltr'>legalis,</span> <span class='ocrx_word' id='word_1_908' title='bbox 1541 3069 1577 3090; x_wconf 86' lang='lat' dir='ltr'>ac</span> <span class='ocrx_word' id='word_1_909' title='bbox 1601 3069 1657 3100; x_wconf 90' lang='lat' dir='ltr'>per</span> <span class='ocrx_word' id='word_1_910' title='bbox 1670 3058 1734 3090; x_wconf 86' lang='lat' dir='ltr'>hoc</span> <span class='ocrx_word' id='word_1_911' title='bbox 1757 3068 1824 3089; x_wconf 88' lang='lat' dir='ltr'>non</span> <span class='ocrx_word' id='word_1_912' title='bbox 1843 3058 1913 3098; x_wconf 75' lang='lat' dir='ltr'>ipsa</span> <span class='ocrx_word' id='word_1_913' title='bbox 1936 3057 2091 3094; x_wconf 83' lang='lat' dir='ltr'>absolute,</span> <span class='ocrx_word' id='word_1_914' title='bbox 2108 3056 2164 3088; x_wconf 79' lang='lat' dir='ltr'>sed</span> <span class='ocrx_word' id='word_1_915' title='bbox 2182 3055 2251 3097; x_wconf 87' lang='lat' dir='ltr'>ipsa</span> <span class='ocrx_word' id='word_1_916' title='bbox 2274 3062 2311 3087; x_wconf 92' lang='lat' dir='ltr'>ut</span> <span class='ocrx_word' id='word_1_917' title='bbox 2333 3056 2478 3087; x_wconf 84' lang='lat' dir='ltr'>ordinata</span> 
     </span>
     <span class='ocr_line' id='line_1_67' title="bbox 277 3099 2477 3145; baseline 0.001 -15"><span class='ocrx_word' id='word_1_918' title='bbox 277 3101 302 3131; x_wconf 89' lang='lat' dir='ltr'>si</span> <span class='ocrx_word' id='word_1_919' title='bbox 327 3100 442 3132; x_wconf 87' lang='lat' dir='ltr'>directe</span> <span class='ocrx_word' id='word_1_920' title='bbox 472 3100 662 3131; x_wconf 79' lang='lat' dir='ltr'>immineant</span> <span class='ocrx_word' id='word_1_921' title='bbox 686 3107 721 3131; x_wconf 94' lang='lat' dir='ltr'>ut</span> <span class='ocrx_word' id='word_1_922' title='bbox 744 3101 905 3132; x_wconf 84' lang='lat' dir='ltr'>deseratur</span> <span class='ocrx_word' id='word_1_923' title='bbox 928 3101 1061 3132; x_wconf 89' lang='lat' dir='ltr'>iustitia:</span> <span class='ocrx_word' id='word_1_924' title='bbox 1086 3110 1117 3133; x_wconf 89' lang='lat' dir='ltr'>et</span> <span class='ocrx_word' id='word_1_925' title='bbox 1145 3102 1189 3133; x_wconf 91' lang='lat' dir='ltr'>sic</span> <span class='ocrx_word' id='word_1_926' title='bbox 1219 3103 1347 3134; x_wconf 86' lang='lat' dir='ltr'>alterius</span> <span class='ocrx_word' id='word_1_927' title='bbox 1375 3113 1377 3126; x_wconf 79' lang='lat'>1</span> <span class='ocrx_word' id='word_1_928' title='bbox 1403 3114 1459 3145; x_wconf 90' lang='lat' dir='ltr'>per</span> <span class='ocrx_word' id='word_1_929' title='bbox 1482 3104 1616 3145; x_wconf 83' lang='lat' dir='ltr'>legalem</span> <span class='ocrx_word' id='word_1_930' title='bbox 1647 3103 1802 3135; x_wconf 85' lang='lat' dir='ltr'>iustitiam</span> <span class='ocrx_word' id='word_1_931' title='bbox 1825 3103 1864 3133; x_wconf 84' lang='lat' dir='ltr'>ad</span> <span class='ocrx_word' id='word_1_932' title='bbox 1888 3111 2063 3133; x_wconf 87' lang='lat' dir='ltr'>commune</span> <span class='ocrx_word' id='word_1_933' title='bbox 2086 3102 2225 3137; x_wconf 85' lang='lat' dir='ltr'>bonum,</span> <span class='ocrx_word' id='word_1_934' title='bbox 2251 3108 2298 3132; x_wconf 87' lang='lat' dir='ltr'>est</span> <span class='ocrx_word' id='word_1_935' title='bbox 2324 3099 2397 3132; x_wconf 86' lang='lat' dir='ltr'>finis</span> <span class='ocrx_word' id='word_1_936' title='bbox 2420 3101 2477 3132; x_wconf 86' lang='lat' dir='ltr'>bo-</span> 
     </span>
     <span class='ocr_line' id='line_1_68' title="bbox 277 3143 2477 3187; baseline 0 -12"><span class='ocrx_word' id='word_1_937' title='bbox 277 3145 406 3176; x_wconf 87' lang='lat' dir='ltr'>rationis</span> <span class='ocrx_word' id='word_1_938' title='bbox 429 3145 487 3176; x_wconf 90' lang='lat' dir='ltr'>erit</span> <span class='ocrx_word' id='word_1_939' title='bbox 517 3145 642 3176; x_wconf 86' lang='lat' dir='ltr'>bonitas</span> <span class='ocrx_word' id='word_1_940' title='bbox 673 3145 838 3182; x_wconf 85' lang='lat' dir='ltr'>materiae,</span> <span class='ocrx_word' id='word_1_941' title='bbox 863 3145 980 3177; x_wconf 90' lang='lat' dir='ltr'>scilicet</span> <span class='ocrx_word' id='word_1_942' title='bbox 1011 3146 1145 3183; x_wconf 88' lang='lat' dir='ltr'>iustitia,</span> <span class='ocrx_word' id='word_1_943' title='bbox 1169 3154 1200 3178; x_wconf 90' lang='lat' dir='ltr'>et</span> <span class='ocrx_word' id='word_1_944' title='bbox 1226 3148 1350 3178; x_wconf 82' lang='lat' dir='ltr'>bonitas</span> <span class='ocrx_word' id='word_1_945' title='bbox 1375 3145 1377 3168; x_wconf 55' lang='grc' dir='ltr'>ἲ</span> <span class='ocrx_word' id='word_1_946' title='bbox 1404 3148 1535 3180; x_wconf 84' lang='lat' dir='ltr'>nificans</span> <span class='ocrx_word' id='word_1_947' title='bbox 1559 3147 1734 3179; x_wconf 84' lang='lat' dir='ltr'>materiam.</span> <span class='ocrx_word' id='word_1_948' title='bbox 1760 3147 1801 3178; x_wconf 84' lang='lat' dir='ltr'>Et</span> <span class='ocrx_word' id='word_1_949' title='bbox 1824 3153 1955 3187; x_wconf 88' lang='lat' dir='ltr'>propter</span> <span class='ocrx_word' id='word_1_950' title='bbox 1977 3146 2040 3177; x_wconf 88' lang='lat' dir='ltr'>hoc</span> <span class='ocrx_word' id='word_1_951' title='bbox 2070 3145 2192 3176; x_wconf 89' lang='lat' dir='ltr'>dictum</span> <span class='ocrx_word' id='word_1_952' title='bbox 2216 3151 2263 3176; x_wconf 80' lang='lat' dir='ltr'>est</span> <span class='ocrx_word' id='word_1_953' title='bbox 2291 3145 2381 3186; x_wconf 90' lang='lat' dir='ltr'>quod</span> <span class='ocrx_word' id='word_1_954' title='bbox 2405 3143 2477 3176; x_wconf 86' lang='lat' dir='ltr'>finis</span> 
     </span>
     <span class='ocr_line' id='line_1_69' title="bbox 277 3189 2477 3232; baseline 0 -13"><span class='ocrx_word' id='word_1_955' title='bbox 277 3196 374 3226; x_wconf 89' lang='lat' dir='ltr'>actus,</span> <span class='ocrx_word' id='word_1_956' title='bbox 399 3189 517 3221; x_wconf 87' lang='lat' dir='ltr'>scilicet</span> <span class='ocrx_word' id='word_1_957' title='bbox 535 3189 700 3220; x_wconf 83' lang='lat' dir='ltr'>fortitudo.</span> <span class='ocrx_word' id='word_1_958' title='bbox 732 3189 830 3227; x_wconf 86' lang='lat' dir='ltr'>Nihil,</span> <span class='ocrx_word' id='word_1_959' title='bbox 854 3189 997 3231; x_wconf 84' lang='lat' dir='ltr'>inquam,</span> <span class='ocrx_word' id='word_1_960' title='bbox 1021 3191 1113 3222; x_wconf 88' lang='lat' dir='ltr'>refert</span> <span class='ocrx_word' id='word_1_961' title='bbox 1137 3192 1177 3222; x_wconf 90' lang='lat' dir='ltr'>ad</span> <span class='ocrx_word' id='word_1_962' title='bbox 1205 3192 1349 3232; x_wconf 90' lang='lat' dir='ltr'>proposi·</span> <span class='ocrx_word' id='word_1_963' title='bbox 1375 3189 1377 3223; x_wconf 62' lang='grc' dir='ltr'><em>ἶ</em></span> <span class='ocrx_word' id='word_1_964' title='bbox 1402 3192 1579 3225; x_wconf 75' lang='lat' dir='ltr'>bonificans</span> <span class='ocrx_word' id='word_1_965' title='bbox 1603 3191 1768 3223; x_wconf 85' lang='lat' dir='ltr'>materiam</span> <span class='ocrx_word' id='word_1_966' title='bbox 1792 3190 1940 3232; x_wconf 87' lang='lat' dir='ltr'>politicae</span> <span class='ocrx_word' id='word_1_967' title='bbox 1963 3189 2158 3222; x_wconf 85' lang='lat' dir='ltr'>fortitudinis</span> <span class='ocrx_word' id='word_1_968' title='bbox 2180 3196 2228 3220; x_wconf 88' lang='lat' dir='ltr'>est</span> <span class='ocrx_word' id='word_1_969' title='bbox 2251 3189 2477 3220; x_wconf 86' lang='lat' dir='ltr'>determinatus</span> 
     </span>
     <span class='ocr_line' id='line_1_70' title="bbox 278 3227 2476 3276; baseline 0 -13"><span class='ocrx_word' id='word_1_970' title='bbox 278 3240 347 3263; x_wconf 91' lang='lat' dir='ltr'>tum</span> <span class='ocrx_word' id='word_1_971' title='bbox 372 3240 444 3264; x_wconf 90' lang='lat' dir='ltr'>utro</span> <span class='ocrx_word' id='word_1_972' title='bbox 468 3235 568 3265; x_wconf 91' lang='lat' dir='ltr'>modo</span> <span class='ocrx_word' id='word_1_973' title='bbox 593 3234 768 3274; x_wconf 82' lang='lat' dir='ltr'>contingat:</span> <span class='ocrx_word' id='word_1_974' title='bbox 795 3242 841 3266; x_wconf 87' lang='lat' dir='ltr'>sat</span> <span class='ocrx_word' id='word_1_975' title='bbox 865 3234 950 3265; x_wconf 88' lang='lat' dir='ltr'>enim</span> <span class='ocrx_word' id='word_1_976' title='bbox 974 3243 1020 3266; x_wconf 88' lang='lat' dir='ltr'>est</span> <span class='ocrx_word' id='word_1_977' title='bbox 1043 3236 1211 3276; x_wconf 88' lang='lat' dir='ltr'>proposito</span> <span class='ocrx_word' id='word_1_978' title='bbox 1232 3243 1349 3267; x_wconf 87' lang='lat' dir='ltr'>utram-</span> <span class='ocrx_word' id='word_1_979' title='bbox 1375 3227 1376 3266; x_wconf 69' lang='lat' dir='ltr'>i</span> <span class='ocrx_word' id='word_1_980' title='bbox 1403 3237 1588 3269; x_wconf 89' lang='lat' dir='ltr'>formaliter.</span> <span class='ocrx_word' id='word_1_981' title='bbox 1620 3236 1660 3268; x_wconf 85' lang='lat' dir='ltr'>Et</span> <span class='ocrx_word' id='word_1_982' title='bbox 1690 3235 1835 3267; x_wconf 87' lang='lat' dir='ltr'>similiter</span> <span class='ocrx_word' id='word_1_983' title='bbox 1861 3234 1985 3266; x_wconf 79' lang='lat' dir='ltr'>castitas</span> <span class='ocrx_word' id='word_1_984' title='bbox 2015 3241 2051 3265; x_wconf 94' lang='lat' dir='ltr'>ut</span> <span class='ocrx_word' id='word_1_985' title='bbox 2083 3233 2227 3265; x_wconf 86' lang='lat' dir='ltr'>ordinata</span> <span class='ocrx_word' id='word_1_986' title='bbox 2256 3234 2295 3264; x_wconf 88' lang='lat' dir='ltr'>ad</span> <span class='ocrx_word' id='word_1_987' title='bbox 2322 3233 2476 3265; x_wconf 87' lang='lat' dir='ltr'>iustitiam</span> 
     </span>
     <span class='ocr_line' id='line_1_71' title="bbox 279 3277 2477 3324; baseline 0 -17"><span class='ocrx_word' id='word_1_988' title='bbox 279 3287 340 3317; x_wconf 90' lang='lat' dir='ltr'>que</span> <span class='ocrx_word' id='word_1_989' title='bbox 364 3277 539 3309; x_wconf 87' lang='lat' dir='ltr'>bonitatem</span> <span class='ocrx_word' id='word_1_990' title='bbox 562 3278 678 3319; x_wconf 88' lang='lat' dir='ltr'>requiri</span> <span class='ocrx_word' id='word_1_991' title='bbox 703 3279 742 3309; x_wconf 88' lang='lat' dir='ltr'>ad</span> <span class='ocrx_word' id='word_1_992' title='bbox 767 3278 961 3310; x_wconf 90' lang='lat' dir='ltr'>fortitudinis</span> <span class='ocrx_word' id='word_1_993' title='bbox 985 3280 1179 3311; x_wconf 85' lang='lat' dir='ltr'>exercitium.</span> <span class='ocrx_word' id='word_1_994' title='bbox 1208 3280 1248 3312; x_wconf 85' lang='lat' dir='ltr'>Et</span> <span class='ocrx_word' id='word_1_995' title='bbox 1271 3290 1350 3322; x_wconf 91' lang='lat' dir='ltr'>quo-</span> <span class='ocrx_word' id='word_1_996' title='bbox 1402 3291 1485 3324; x_wconf 88' lang='lat' dir='ltr'>quae</span> <span class='ocrx_word' id='word_1_997' title='bbox 1508 3288 1555 3313; x_wconf 81' lang='lat' dir='ltr'>est</span> <span class='ocrx_word' id='word_1_998' title='bbox 1578 3290 1635 3322; x_wconf 90' lang='lat' dir='ltr'>per</span> <span class='ocrx_word' id='word_1_999' title='bbox 1656 3279 1753 3311; x_wconf 88' lang='lat' dir='ltr'>fidem</span> <span class='ocrx_word' id='word_1_1000' title='bbox 1777 3287 1808 3311; x_wconf 92' lang='lat' dir='ltr'>et</span> <span class='ocrx_word' id='word_1_1001' title='bbox 1830 3278 2035 3311; x_wconf 86' lang='lat' dir='ltr'>dilectionem</span> <span class='ocrx_word' id='word_1_1002' title='bbox 2054 3277 2123 3315; x_wconf 82' lang='lat' dir='ltr'>Dei,</span> <span class='ocrx_word' id='word_1_1003' title='bbox 2148 3284 2195 3309; x_wconf 84' lang='lat' dir='ltr'>est</span> <span class='ocrx_word' id='word_1_1004' title='bbox 2209 3277 2385 3309; x_wconf 87' lang='lat' dir='ltr'>bonificans</span> <span class='ocrx_word' id='word_1_1005' title='bbox 2408 3287 2477 3309; x_wconf 87' lang='lat' dir='ltr'>ma-</span> 
     </span>
     <span class='ocr_line' id='line_1_72' title="bbox 280 3312 2476 3383; baseline 0.001 -32"><span class='ocrx_word' id='word_1_1006' title='bbox 280 3321 366 3351; x_wconf 87' lang='lat' dir='ltr'>niam</span> <span class='ocrx_word' id='word_1_1007' title='bbox 389 3329 476 3352; x_wconf 89' lang='lat' dir='ltr'>actus</span> <span class='ocrx_word' id='word_1_1008' title='bbox 501 3323 656 3362; x_wconf 88' lang='lat' dir='ltr'>dependet</span> <span class='ocrx_word' id='word_1_1009' title='bbox 680 3332 717 3354; x_wconf 83' lang='lat' dir='ltr'>ex</span> <span class='ocrx_word' id='word_1_1010' title='bbox 741 3323 878 3360; x_wconf 84' lang='lat' dir='ltr'>obiecto,</span> <span class='ocrx_word' id='word_1_1011' title='bbox 903 3334 1103 3365; x_wconf 83' lang='lat' dir='ltr'>consequens</span> <span class='ocrx_word' id='word_1_1012' title='bbox 1131 3333 1177 3357; x_wconf 90' lang='lat' dir='ltr'>est</span> <span class='ocrx_word' id='word_1_1013' title='bbox 1202 3332 1238 3356; x_wconf 90' lang='lat' dir='ltr'>ut</span> <span class='ocrx_word' id='word_1_1014' title='bbox 1262 3325 1348 3356; x_wconf 87' lang='lat' dir='ltr'>forti·</span> <span class='ocrx_word' id='word_1_1015' title='bbox 1374 3312 1376 3383; x_wconf 63' lang='grc' dir='ltr'>ἰ</span> <span class='ocrx_word' id='word_1_1016' title='bbox 1402 3326 1514 3358; x_wconf 85' lang='lat' dir='ltr'>teriam</span> <span class='ocrx_word' id='word_1_1017' title='bbox 1537 3324 1732 3356; x_wconf 83' lang='lat' dir='ltr'>fortitudinis</span> <span class='ocrx_word' id='word_1_1018' title='bbox 1764 3323 1933 3364; x_wconf 80' lang='lat' dir='ltr'>gratuitae:</span> <span class='ocrx_word' id='word_1_1019' title='bbox 1957 3332 1994 3354; x_wconf 88' lang='lat' dir='ltr'>ac</span> <span class='ocrx_word' id='word_1_1020' title='bbox 2017 3332 2074 3363; x_wconf 87' lang='lat' dir='ltr'>per</span> <span class='ocrx_word' id='word_1_1021' title='bbox 2097 3322 2174 3359; x_wconf 88' lang='lat' dir='ltr'>hoc.</span> <span class='ocrx_word' id='word_1_1022' title='bbox 2200 3321 2273 3353; x_wconf 83' lang='lat' dir='ltr'>finis</span> <span class='ocrx_word' id='word_1_1023' title='bbox 2301 3321 2476 3354; x_wconf 78' lang='lat' dir='ltr'>bonificans</span> 
     </span>
     <span class='ocr_line' id='line_1_73' title="bbox 279 3365 2476 3427; baseline 0.002 -32"><span class='ocrx_word' id='word_1_1024' title='bbox 279 3365 397 3396; x_wconf 89' lang='lat' dir='ltr'>tudinis</span> <span class='ocrx_word' id='word_1_1025' title='bbox 421 3373 508 3396; x_wconf 82' lang='lat' dir='ltr'>actus</span> <span class='ocrx_word' id='word_1_1026' title='bbox 532 3367 687 3398; x_wconf 86' lang='lat' dir='ltr'>formatus</span> <span class='ocrx_word' id='word_1_1027' title='bbox 711 3377 747 3398; x_wconf 86' lang='lat' dir='ltr'>ex</span> <span class='ocrx_word' id='word_1_1028' title='bbox 772 3368 913 3399; x_wconf 87' lang='lat' dir='ltr'>bonitate</span> <span class='ocrx_word' id='word_1_1029' title='bbox 937 3369 1052 3399; x_wconf 88' lang='lat' dir='ltr'>obiecti</span> <span class='ocrx_word' id='word_1_1030' title='bbox 1076 3370 1253 3410; x_wconf 90' lang='lat' dir='ltr'>dependeat</span> <span class='ocrx_word' id='word_1_1031' title='bbox 1276 3377 1312 3401; x_wconf 93' lang='lat' dir='ltr'>ut</span> <span class='ocrx_word' id='word_1_1032' title='bbox 1332 3380 1351 3400; x_wconf 89' lang='lat' dir='ltr'>a</span> <span class='ocrx_word' id='word_1_1033' title='bbox 1374 3386 1377 3427; x_wconf 59' lang='grc' dir='ltr'>Ι</span> <span class='ocrx_word' id='word_1_1034' title='bbox 1403 3370 1568 3402; x_wconf 87' lang='lat' dir='ltr'>materiam</span> <span class='ocrx_word' id='word_1_1035' title='bbox 1590 3368 1744 3410; x_wconf 81' lang='lat' dir='ltr'>gratuitae</span> <span class='ocrx_word' id='word_1_1036' title='bbox 1769 3367 1963 3400; x_wconf 84' lang='lat' dir='ltr'>fortitudinis</span> <span class='ocrx_word' id='word_1_1037' title='bbox 1986 3374 2033 3398; x_wconf 78' lang='lat' dir='ltr'>eat</span> <span class='ocrx_word' id='word_1_1038' title='bbox 2048 3367 2223 3398; x_wconf 86' lang='lat' dir='ltr'>formaliter</span> <span class='ocrx_word' id='word_1_1039' title='bbox 2238 3367 2476 3399; x_wconf 72' lang='lat' dir='ltr'>determinatus.</span> 
     </span>
     <span class='ocr_line' id='line_1_74' title="bbox 281 3409 2474 3456; baseline 0.002 -17"><span class='ocrx_word' id='word_1_1040' title='bbox 281 3409 409 3440; x_wconf 87' lang='lat' dir='ltr'>materia</span> <span class='ocrx_word' id='word_1_1041' title='bbox 441 3410 521 3440; x_wconf 90' lang='lat' dir='ltr'>circa</span> <span class='ocrx_word' id='word_1_1042' title='bbox 549 3420 646 3450; x_wconf 88' lang='lat' dir='ltr'>quam</span> <span class='ocrx_word' id='word_1_1043' title='bbox 679 3419 735 3442; x_wconf 89' lang='lat' dir='ltr'>est.</span> <span class='ocrx_word' id='word_1_1044' title='bbox 771 3413 811 3443; x_wconf 87' lang='lat' dir='ltr'>Et</span> <span class='ocrx_word' id='word_1_1045' title='bbox 841 3420 1008 3453; x_wconf 88' lang='lat' dir='ltr'>propterea</span> <span class='ocrx_word' id='word_1_1046' title='bbox 1039 3413 1071 3444; x_wconf 93' lang='lat' dir='ltr'>in</span> <span class='ocrx_word' id='word_1_1047' title='bbox 1105 3414 1207 3445; x_wconf 90' lang='lat' dir='ltr'>littera</span> <span class='ocrx_word' id='word_1_1048' title='bbox 1236 3414 1350 3446; x_wconf 89' lang='lat' dir='ltr'>dicitur</span> <span class='ocrx_word' id='word_1_1049' title='bbox 1403 3414 1582 3456; x_wconf 79' lang='lat' dir='ltr'>Exquibus</span> <span class='ocrx_word' id='word_1_1050' title='bbox 1605 3413 1749 3454; x_wconf 90' lang='lat' dir='ltr'>sequitur</span> <span class='ocrx_word' id='word_1_1051' title='bbox 1763 3411 1937 3443; x_wconf 79' lang='lat' dir='ltr'>differentia</span> <span class='ocrx_word' id='word_1_1052' title='bbox 1953 3411 2080 3443; x_wconf 88' lang='lat' dir='ltr'>solvens</span> <span class='ocrx_word' id='word_1_1053' title='bbox 2104 3410 2322 3444; x_wconf 85' lang='lat' dir='ltr'>difficultatem</span> <span class='ocrx_word' id='word_1_1054' title='bbox 2341 3419 2474 3443; x_wconf 86' lang='lat' dir='ltr'>motam.</span> 
     </span>
     <span class='ocr_line' id='line_1_75' title="bbox 279 3454 2475 3498; baseline 0.002 -15"><span class='ocrx_word' id='word_1_1055' title='bbox 279 3454 369 3495; x_wconf 91' lang='lat' dir='ltr'>quod</span> <span class='ocrx_word' id='word_1_1056' title='bbox 396 3454 528 3484; x_wconf 87' lang='lat' dir='ltr'>tolerare</span> <span class='ocrx_word' id='word_1_1057' title='bbox 551 3462 705 3491; x_wconf 80' lang='lat' dir='ltr'>mortem,</span> <span class='ocrx_word' id='word_1_1058' title='bbox 731 3464 766 3487; x_wconf 90' lang='lat' dir='ltr'>ut</span> <span class='ocrx_word' id='word_1_1059' title='bbox 790 3464 835 3487; x_wconf 86' lang='lat' dir='ltr'>est</span> <span class='ocrx_word' id='word_1_1060' title='bbox 859 3464 947 3488; x_wconf 85' lang='lat' dir='ltr'>actus</span> <span class='ocrx_word' id='word_1_1061' title='bbox 978 3457 1189 3494; x_wconf 86' lang='lat' dir='ltr'>fortitudinis,</span> <span class='ocrx_word' id='word_1_1062' title='bbox 1214 3468 1280 3489; x_wconf 92' lang='lat' dir='ltr'>non</span> <span class='ocrx_word' id='word_1_1063' title='bbox 1304 3464 1351 3489; x_wconf 84' lang='lat' dir='ltr'>est</span> <span class='ocrx_word' id='word_1_1064' title='bbox 1402 3459 1486 3490; x_wconf 88' lang='lat' dir='ltr'>Nam</span> <span class='ocrx_word' id='word_1_1065' title='bbox 1510 3468 1546 3489; x_wconf 87' lang='lat' dir='ltr'>ex</span> <span class='ocrx_word' id='word_1_1066' title='bbox 1563 3457 1611 3488; x_wconf 89' lang='lat' dir='ltr'>his</span> <span class='ocrx_word' id='word_1_1067' title='bbox 1627 3456 1771 3498; x_wconf 88' lang='lat' dir='ltr'>sequitur</span> <span class='ocrx_word' id='word_1_1068' title='bbox 1786 3457 1876 3498; x_wconf 92' lang='lat' dir='ltr'>quod</span> <span class='ocrx_word' id='word_1_1069' title='bbox 1891 3456 1924 3487; x_wconf 89' lang='lat' dir='ltr'>in</span> <span class='ocrx_word' id='word_1_1070' title='bbox 1940 3455 2126 3487; x_wconf 86' lang='lat' dir='ltr'>fortitudine</span> <span class='ocrx_word' id='word_1_1071' title='bbox 2142 3463 2208 3487; x_wconf 87' lang='lat' dir='ltr'>tam</span> <span class='ocrx_word' id='word_1_1072' title='bbox 2232 3455 2362 3498; x_wconf 88' lang='lat' dir='ltr'>politica</span> <span class='ocrx_word' id='word_1_1073' title='bbox 2377 3466 2475 3498; x_wconf 85' lang='lat' dir='ltr'>quam</span> 
     </span>
     <span class='ocr_line' id='line_1_76' title="bbox 280 3498 2475 3543; baseline 0.001 -14"><span class='ocrx_word' id='word_1_1074' title='bbox 280 3498 457 3529; x_wconf 90' lang='lat' dir='ltr'>secundum</span> <span class='ocrx_word' id='word_1_1075' title='bbox 481 3508 514 3528; x_wconf 91' lang='lat' dir='ltr'>se</span> <span class='ocrx_word' id='word_1_1076' title='bbox 538 3498 703 3534; x_wconf 86' lang='lat' dir='ltr'>laudabile,</span> <span class='ocrx_word' id='word_1_1077' title='bbox 722 3507 756 3530; x_wconf 92' lang='lat' dir='ltr'>ut</span> <span class='ocrx_word' id='word_1_1078' title='bbox 780 3500 812 3540; x_wconf 94' lang='lat' dir='ltr'>ly</span> <span class='ocrx_word' id='word_1_1079' title='bbox 835 3502 1009 3532; x_wconf 83' lang='lat' dir='ltr'>secundum</span> <span class='ocrx_word' id='word_1_1080' title='bbox 1028 3511 1062 3533; x_wconf 86' lang='lat' dir='ltr'>se</span> <span class='ocrx_word' id='word_1_1081' title='bbox 1082 3502 1212 3533; x_wconf 89' lang='lat' dir='ltr'>denotat</span> <span class='ocrx_word' id='word_1_1082' title='bbox 1231 3502 1350 3542; x_wconf 88' lang='lat' dir='ltr'>praeci·</span> <span class='ocrx_word' id='word_1_1083' title='bbox 1403 3502 1538 3543; x_wconf 84' lang='lat' dir='ltr'>gratuita</span> <span class='ocrx_word' id='word_1_1084' title='bbox 1562 3511 1646 3533; x_wconf 88' lang='lat' dir='ltr'>unus</span> <span class='ocrx_word' id='word_1_1085' title='bbox 1662 3508 1692 3532; x_wconf 91' lang='lat' dir='ltr'>et</span> <span class='ocrx_word' id='word_1_1086' title='bbox 1708 3501 1794 3532; x_wconf 91' lang='lat' dir='ltr'>idem</span> <span class='ocrx_word' id='word_1_1087' title='bbox 1810 3500 1881 3531; x_wconf 89' lang='lat' dir='ltr'>finis</span> <span class='ocrx_word' id='word_1_1088' title='bbox 1896 3500 2038 3532; x_wconf 86' lang='lat' dir='ltr'>formalis</span> <span class='ocrx_word' id='word_1_1089' title='bbox 2055 3508 2101 3532; x_wconf 89' lang='lat' dir='ltr'>est</span> <span class='ocrx_word' id='word_1_1090' title='bbox 2118 3500 2312 3532; x_wconf 75' lang='lat' dir='ltr'>fortitudinis</span> <span class='ocrx_word' id='word_1_1091' title='bbox 2336 3510 2372 3532; x_wconf 85' lang='lat' dir='ltr'>ex</span> <span class='ocrx_word' id='word_1_1092' title='bbox 2387 3507 2475 3542; x_wconf 81' lang='lat' dir='ltr'>parte</span> 
     </span>
     <span class='ocr_line' id='line_1_77' title="bbox 280 3542 2472 3586; baseline 0.001 -13"><span class='ocrx_word' id='word_1_1093' title='bbox 280 3542 403 3573; x_wconf 88' lang='lat' dir='ltr'>sionem</span> <span class='ocrx_word' id='word_1_1094' title='bbox 428 3553 445 3572; x_wconf 90' lang='lat' dir='ltr'>a</span> <span class='ocrx_word' id='word_1_1095' title='bbox 469 3542 609 3574; x_wconf 88' lang='lat' dir='ltr'>bonitate</span> <span class='ocrx_word' id='word_1_1096' title='bbox 633 3543 781 3574; x_wconf 88' lang='lat' dir='ltr'>materiae</span> <span class='ocrx_word' id='word_1_1097' title='bbox 804 3544 883 3575; x_wconf 85' lang='lat' dir='ltr'>circa</span> <span class='ocrx_word' id='word_1_1098' title='bbox 907 3555 1004 3586; x_wconf 87' lang='lat' dir='ltr'>quam</span> <span class='ocrx_word' id='word_1_1099' title='bbox 1023 3553 1078 3577; x_wconf 87' lang='lat' dir='ltr'>est.</span> <span class='ocrx_word' id='word_1_1100' title='bbox 1104 3546 1278 3583; x_wconf 87' lang='lat' dir='ltr'>Quoniam,</span> <span class='ocrx_word' id='word_1_1101' title='bbox 1303 3555 1350 3576; x_wconf 86' lang='lat' dir='ltr'>se·</span> <span class='ocrx_word' id='word_1_1102' title='bbox 1403 3546 1552 3577; x_wconf 88' lang='lat' dir='ltr'>materiae</span> <span class='ocrx_word' id='word_1_1103' title='bbox 1568 3553 1599 3577; x_wconf 91' lang='lat' dir='ltr'>et</span> <span class='ocrx_word' id='word_1_1104' title='bbox 1614 3555 1651 3576; x_wconf 86' lang='lat' dir='ltr'>ex</span> <span class='ocrx_word' id='word_1_1105' title='bbox 1671 3552 1758 3586; x_wconf 89' lang='lat' dir='ltr'>parte</span> <span class='ocrx_word' id='word_1_1106' title='bbox 1775 3552 1874 3583; x_wconf 87' lang='lat' dir='ltr'>actus,</span> <span class='ocrx_word' id='word_1_1107' title='bbox 1890 3545 1963 3576; x_wconf 89' lang='lat' dir='ltr'>licet</span> <span class='ocrx_word' id='word_1_1108' title='bbox 1987 3545 2214 3576; x_wconf 87' lang='lat' dir='ltr'>diversimode:</span> <span class='ocrx_word' id='word_1_1109' title='bbox 2239 3545 2315 3586; x_wconf 89' lang='lat' dir='ltr'>quia</span> <span class='ocrx_word' id='word_1_1110' title='bbox 2330 3551 2472 3585; x_wconf 88' lang='lat' dir='ltr'>respectu</span> 
     </span>
     <span class='ocr_line' id='line_1_78' title="bbox 280 3586 2474 3631; baseline 0.001 -14"><span class='ocrx_word' id='word_1_1111' title='bbox 280 3587 366 3618; x_wconf 84' lang='lat' dir='ltr'>clusa</span> <span class='ocrx_word' id='word_1_1112' title='bbox 391 3596 446 3627; x_wconf 91' lang='lat' dir='ltr'>per</span> <span class='ocrx_word' id='word_1_1113' title='bbox 469 3586 683 3623; x_wconf 83' lang='lat' dir='ltr'>intellectum,</span> <span class='ocrx_word' id='word_1_1114' title='bbox 709 3588 957 3619; x_wconf 86' lang='lat' dir='ltr'>conditionalem</span> <span class='ocrx_word' id='word_1_1115' title='bbox 981 3590 1102 3627; x_wconf 88' lang='lat' dir='ltr'>saltem,</span> <span class='ocrx_word' id='word_1_1116' title='bbox 1119 3589 1259 3621; x_wconf 86' lang='lat' dir='ltr'>bonitate</span> <span class='ocrx_word' id='word_1_1117' title='bbox 1283 3599 1349 3620; x_wconf 90' lang='lat' dir='ltr'>ma·</span> <span class='ocrx_word' id='word_1_1118' title='bbox 1404 3590 1552 3622; x_wconf 87' lang='lat' dir='ltr'>materiae</span> <span class='ocrx_word' id='word_1_1119' title='bbox 1576 3597 1623 3621; x_wconf 87' lang='lat' dir='ltr'>est</span> <span class='ocrx_word' id='word_1_1120' title='bbox 1646 3589 1717 3621; x_wconf 85' lang='lat' dir='ltr'>finis</span> <span class='ocrx_word' id='word_1_1121' title='bbox 1741 3589 1920 3630; x_wconf 90' lang='lat' dir='ltr'>proximus;</span> <span class='ocrx_word' id='word_1_1122' title='bbox 1951 3597 2094 3631; x_wconf 88' lang='lat' dir='ltr'>respectu</span> <span class='ocrx_word' id='word_1_1123' title='bbox 2118 3599 2193 3621; x_wconf 87' lang='lat' dir='ltr'>vero</span> <span class='ocrx_word' id='word_1_1124' title='bbox 2216 3596 2306 3621; x_wconf 83' lang='lat' dir='ltr'>actus</span> <span class='ocrx_word' id='word_1_1125' title='bbox 2333 3596 2380 3620; x_wconf 77' lang='lat' dir='ltr'>est</span> <span class='ocrx_word' id='word_1_1126' title='bbox 2402 3587 2474 3620; x_wconf 83' lang='lat' dir='ltr'>finis</span> 
     </span>
     <span class='ocr_line' id='line_1_79' title="bbox 280 3631 2472 3675; baseline 0.001 -13"><span class='ocrx_word' id='word_1_1127' title='bbox 280 3631 374 3662; x_wconf 88' lang='lat' dir='ltr'>teriae</span> <span class='ocrx_word' id='word_1_1128' title='bbox 398 3631 478 3662; x_wconf 90' lang='lat' dir='ltr'>circa</span> <span class='ocrx_word' id='word_1_1129' title='bbox 501 3642 599 3672; x_wconf 88' lang='lat' dir='ltr'>quam</span> <span class='ocrx_word' id='word_1_1130' title='bbox 623 3639 683 3667; x_wconf 89' lang='lat' dir='ltr'>est,</span> <span class='ocrx_word' id='word_1_1131' title='bbox 708 3632 841 3663; x_wconf 85' lang='lat' dir='ltr'>tolerare</span> <span class='ocrx_word' id='word_1_1132' title='bbox 871 3641 1024 3669; x_wconf 87' lang='lat' dir='ltr'>mortem,</span> <span class='ocrx_word' id='word_1_1133' title='bbox 1051 3642 1350 3675; x_wconf 88' lang='lat' dir='ltr'>quantumcumque</span> <span class='ocrx_word' id='word_1_1134' title='bbox 1404 3645 1469 3666; x_wconf 91' lang='lat' dir='ltr'>non</span> <span class='ocrx_word' id='word_1_1135' title='bbox 1493 3634 1667 3675; x_wconf 83' lang='lat' dir='ltr'>proximus,</span> <span class='ocrx_word' id='word_1_1136' title='bbox 1693 3634 1874 3675; x_wconf 85' lang='lat' dir='ltr'>principalis</span> <span class='ocrx_word' id='word_1_1137' title='bbox 1897 3641 2020 3671; x_wconf 69' lang='lat' dir='ltr'>tamem</span> <span class='ocrx_word' id='word_1_1138' title='bbox 2053 3644 2116 3665; x_wconf 89' lang='lat' dir='ltr'>non</span> <span class='ocrx_word' id='word_1_1139' title='bbox 2142 3633 2306 3675; x_wconf 87' lang='lat' dir='ltr'>proximus</span> <span class='ocrx_word' id='word_1_1140' title='bbox 2331 3633 2472 3674; x_wconf 75' lang='lat' dir='ltr'>quidem,</span> 
     </span>
    </p>
   </div>
  </div>
 </body>
</html>
