2768 4198
42 2058 50 2065 ·
59 2056 94 2077 Cf.
102 2055 198 2077 Aristot.
208 2055 252 2076 Το-

38 2082 85 2110 pic.
100 2082 138 2103 lib.
153 2082 192 2109 111,
204 2088 253 2110 cap.

40 2115 65 2136 ιι,
80 2115 102 2130 n.
119 2111 139 2131 S.

285 276 356 312 136

279 356 399 392 homo
430 355 528 392 circa
548 355 790 403 singularium
820 353 1176 391 considerationem.
1209 351 1286 388 Sed
1314 351 1352 388 in
1380 352 1381 357 ’

279 409 337 445 his
366 421 464 457 quae
485 409 672 457 pertinent
701 410 748 446 ad
769 407 1007 445 timiditatem
1028 413 1083 442 est
1103 419 1122 441 e
1150 416 1351 441 eonverSO.

280 463 385 499 Nam
407 462 552 510 singula
574 461 585 487 t
615 473 713 509 quae
734 461 935 498 imminent
958 467 1045 495 sunt
1065 458 1192 495 minus
1216 459 1353 494 volun-

279 516 382 562 taria,
404 523 445 552 ut
464 515 627 552 abiicere
652 514 816 563 clipeum
847 521 882 550 et
910 512 982 549 alia
1006 511 1249 548 huiusmodi:
1285 511 1352 548 sed

280 569 405 618 ipsum
427 579 635 606 commune
657 576 711 603 est
734 567 854 614 magis
882 565 1155 611 voluntarium,
1177 572 1268 612 puta
1296 564 1351 600 fu-

279 622 417 671 giendo
438 621 586 659 salvari.
619 621 704 656 Hoc
733 627 860 657 autem
896 627 952 655 est
980 618 1200 667 simpliciter
1223 617 1354 677 magis

279 675 537 713 voluntarium
559 674 663 721 quod
685 681 741 709 est
759 672 880 720 magis
905 671 1166 708 voluntarium
1183 676 1201 698 η
1222 670 1259 707 in
1279 671 1354 708 sin·

279 729 483 777 gularibus,
506 727 541 764 in
572 726 710 774 quibus
740 733 796 762 est
825 733 942 762 actus.
974 726 1023 762 Et
1050 725 1137 762 ideo
1167 725 1353 774 intempe-

279 782 417 827 rantia,
458 793 545 817 cum
584 780 630 816 sit
673 779 892 828 simpliciter
930 779 1051 827 magis
1094 778 1352 815 voluntarium

279 847 395 883 quam
426 833 615 878 timiditas,
639 840 694 869 est
723 833 847 869 maius
880 832 1029 869 vitium.

332 887 475 930 Tertio,
498 886 587 935 quia
609 894 740 922 contra
769 885 1103 935 intemperantiam
1124 893 1251 934 potest
1274 897 1354 921 ma-

278 941 332 989 gis
353 941 399 978 de
426 940 524 977 facili
554 939 769 977 remedium
795 940 968 978 adhiberi
997 952 1115 988 quam
1146 947 1279 976 contra
1312 938 1354 975 ti·

279 994 512 1031 miditatem:
543 1006 589 1030 eo
611 994 717 1043 quod
737 994 1008 1031 delectationes
1038 993 1214 1030 ciborum
1236 1000 1272 1029 et
1289 1005 1356 1029 ve-

279 1059 495 1092 nereorum‚
514 1047 612 1084 circa
633 1059 728 1095 quas
750 1055 806 1084 est
825 1047 1128 1096 intemperantia,
1146 1058 1214 1096 per
1233 1054 1354 1083 totam

278 1101 394 1138 vitam
432 1109 657 1146 occurrunt,
690 1109 725 1138 et
763 1101 844 1138 sine
873 1101 1043 1150 periculo
1073 1108 1199 1150 potest
1233 1101 1354 1137 homo

279 1154 376 1192 circa
406 1167 451 1191 ea
490 1155 684 1192 exercitari
709 1155 758 1192 ad
787 1155 862 1191 hoc
891 1155 995 1204 quod
1025 1154 1071 1191 sit
1099 1162 1354 1203 temperatus;

279 1208 345 1246 sed
366 1208 535 1258 pericula
555 1209 689 1246 mortis
715 1217 751 1246 et
771 1209 891 1245 rarius
917 1216 1133 1253 occurrunt,
1153 1216 1189 1245 et
1207 1208 1355 1257 pericu-

278 1262 396 1299 losius
434 1262 472 1299 in
510 1262 568 1299 his
613 1263 734 1299 homo
774 1262 999 1299 exercitatur
1032 1262 1081 1299 ad
1116 1261 1355 1299 timiditatem

279 1315 513 1364 fugiendam.

334 1370 382 1406 Et
419 1369 506 1407 ideo
544 1369 836 1418 intemperantia
874 1377 929 1406 est
972 1369 1193 1418 simpliciter
1230 1369 1356 1406 maius

280 1431 482 1471 peccatum
518 1435 637 1471 quam
666 1422 859 1460 timiditas.
908 1420 910 1422 ’

333 1479 392 1514 AD
422 1489 560 1514 PRIMUM
580 1488 679 1514 ERGO
709 1489 896 1514 DICENDUM
916 1478 1023 1524 quod
1044 1476 1265 1513 excellentia
1284 1477 1358 1513 for-

280 1530 448 1567 titudinis
477 1543 593 1579 supra
631 1531 925 1579 temperantiam
964 1538 1091 1579 potest
1128 1530 1360 1567 considerari

282 1583 491 1633 dupliciter.
522 1584 610 1622 Uno
641 1586 772 1630 modo,
801 1597 846 1621 ex
874 1591 981 1633 parte
1010 1584 1109 1631 finis,
1141 1584 1244 1633 quod
1274 1595 1358 1633 per-

281 1637 372 1674 tinet
409 1638 459 1675 ad
493 1638 679 1675 rationem
702 1635 714 1659 ⁰
745 1638 855 1675 boni:
887 1638 977 1686 quia
1012 1638 1152 1675 scilicet
1181 1637 1361 1675 fortitudo

281 1691 403 1739 magis
422 1691 621 1729 ordinatur
643 1692 693 1729 ad
722 1692 870 1729 bonum
892 1704 1098 1729 commune
1128 1704 1246 1740 quam
1265 1700 1360 1729 tem-

333 1807 359 1840 ζ)
378 1808 496 1841 singula.
510 1822 525 1826 -
547 1807 701 1840 singularia
722 1807 797 1831 PDL.

334 1845 362 1875 η)
383 1844 454 1876 quod
473 1846 513 1868 est
533 1843 622 1876 magis
641 1842 834 1868 voluntarium.
848 1855 867 1860 -
886 1842 949 1868 Om.
969 1841 1133 1874 ABDEFpC.

948 274 1216 321 QUAESTIO
1248 273 1404 319 CXLII,
1434 275 1734 312 ARTICULUS
1764 274 1815 311 lV

1408 354 1590 401 perantia.
1613 355 1671 391 Ex
1686 355 1758 391 hac
1780 354 1892 391 etiam
1908 361 2015 413 parte
2031 353 2212 390 timiditas
2226 353 2343 389 habet
2362 364 2482 400 quan-

1409 406 1498 442 dam
1520 407 1780 445 excellentiam
1801 420 1917 456 supra
1941 406 2292 456 intemperantiam:
2323 405 2483 454 inquan-

1408 465 1490 495 tum
1510 459 1652 497 scilicet
1670 473 1739 509 per
1766 461 2007 498 timiditatem
2028 460 2142 509 aliqui
2162 460 2349 497 desistunt
2376 470 2399 495 a
2419 459 2484 495 de-

1408 511 1583 549 fensione
1612 513 1704 550 boni
1733 514 1964 551 communis.
1984 535 2008 542 -
2037 514 2125 551 Alio
2155 513 2288 559 modo,
2310 526 2356 550 ex
2375 519 2484 561 parte

1409 565 1660 602 difficultatis:
1690 566 1917 614 inquantum
1942 567 2082 605 scilicet
2102 566 2291 604 difficilius
2319 574 2376 603 est
2395 566 2484 602 sub-

1408 617 1461 654 ire
1490 618 1659 667 pericula
1688 619 1822 656 mortis
1842 632 1959 667 quam
1989 621 2179 658 abstinere
2199 633 2222 658 a
2250 619 2484 669 quibusdam

1409 671 1706 708 delectabilibus.
1737 673 1786 709 Et
1814 681 2000 721 quantum
2030 675 2080 711 ad
2107 675 2194 721 hoc,
2225 686 2305 711 non
2334 681 2487 722 oportet

1409 725 1513 773 quod
1542 725 1723 761 timiditas
1761 727 1963 774 praecellat
1994 725 2340 776 intemperantiam.
2382 726 2486 763 Sicut

1409 779 1513 815 enim
1544 778 1697 815 maioris
1716 779 1864 815 virtutis
1895 787 1950 815 est
1977 792 2057 816 non
2074 780 2177 817 vinci
2206 793 2229 817 a
2257 780 2414 827 fortiori,
2436 780 2487 816 ita

1410 832 1523 868 etiam
1551 844 1571 868 e
1592 832 1781 869 contrario
1803 832 1962 869 minoris
1982 833 2061 869 vitii
2081 841 2137 870 est
2165 846 2192 870 a·
2206 834 2351 871 fortiori
2370 833 2485 879 vinc'i,

1411 892 1446 922 et
1475 885 1631 922 maioris
1659 885 1740 922 vitii
1769 898 1791 922 a
1821 885 1994 922 debiliori
2023 886 2193 935 superari
2211 886 2243 924 ²⁸.

1463 941 1522 975 AD
1551 951 1744 977 SECUNDUM
1777 951 1965 977 montinum
1994 940 2100 987 quod
2136 952 2247 976 amor
2285 952 2488 978 conserva-

1409 992 1523 1029 tionis
1542 993 1655 1039 vitae.
1677 1001 1835 1041 propter
1854 1005 1973 1041 quam
2002 993 2170 1030 vitantur
2188 993 2356 1041 pericula
2385 1006 2488 1031 mor-

1409 1047 1467 1093 tis,
1490 1054 1546 1083 est
1565 1047 1687 1083 multo
1717 1046 1838 1095 magis
1859 1046 2115 1084 connaturalis
2141 1058 2258 1094 quam
2280 1058 2489 1095 quaecum-

1410 1113 1486 1149 que
1516 1099 1787 1137 delectationes
1808 1100 1983 1138 ciborum
2008 1100 2071 1137 vel
2098 1112 2368 1147 venereorum‚
2389 1112 2489 1148 quae

1410 1154 1458 1191 ad
1480 1153 1813 1190 conservationem
1841 1154 1942 1191 vitae
1963 1153 2198 1191 ordinantur.
2229 1153 2278 1190 Et
2301 1153 2390 1190 ideo
2421 1153 2489 1190 dif-

1410 1207 1546 1244 ficilius
1576 1215 1632 1244 est
1658 1207 1814 1244 vincere
1843 1208 2023 1245 timorem
2062 1207 2322 1256 periculorum
2358 1207 2490 1244 mortis

1410 1273 1528 1310 quam
1563 1261 1914 1309 concupiscentiam
1955 1261 2275 1308 delectationum,
2305 1273 2405 1309 quae
2435 1268 2491 1297 est

1410 1315 1448 1351 in
1478 1314 1571 1351 cibis
1601 1323 1637 1351 et
1664 1314 1852 1352 venereis.
1884 1314 1957 1352 Cui
1982 1322 2112 1352 tamen
2142 1313 2330 1352 difficilius
2360 1322 2416 1351 est
2436 1326 2492 1351 re-

1411 1368 1542 1406 sistere
1572 1380 1688 1417 quam
1719 1368 1809 1414 irae,
1830 1368 1999 1406 tristitiae
2029 1377 2064 1406 et
2087 1368 2215 1406 timori
2243 1368 2489 1417 quorundam

1412 1422 1575 1459 aliorum
1604 1423 1808 1459 malorum.

1466 1478 1526 1513 AD
1554 1487 1717 1513 TERTIUM
1746 1488 1933 1513 DtCENDUM
1961 1476 2067 1525 quod
2097 1475 2135 1513 in
2171 1474 2371 1512 timiditate
2401 1486 2492 1512 con-

1413 1529 1598 1567 sideratur
1636 1529 1757 1578 magis
1793 1529 2055 1567 voluntarium
2085 1529 2124 1566 in
2156 1527 2384 1576 universali,
2423 1527 2493 1565 mi-

1415 1596 1487 1620 nus
1514 1592 1646 1620 tamen
1667 1583 1704 1620 in
1733 1583 1961 1632 particulari.
1993 1584 2043 1620 Et
2070 1583 2158 1620 ideo
2187 1582 2226 1620 in
2256 1594 2302 1619 ea
2330 1590 2387 1619 est
2411 1593 2492 1619 ma-

1415 1637 1470 1686 gis
1497 1637 1759 1674 voluntarium
1788 1637 2002 1674 secundum
2033 1637 2138 1686 quid,
2165 1636 2232 1674 sed
2257 1641 2265 1657 ²
2295 1647 2374 1673 non
2403 1636 2494 1673 sim-

1415 1690 1571 1740 pliciter.

1470 1804 1495 1838 θ)
1515 1805 1689 1831 rationem.-
1707 1809 1835 1831 naturam
1855 1806 1886 1835 D,
1906 1812 2001 1831 nomen
2023 1806 2100 1831 ceteri
2120 1811 2146 1831 et
2163 1813 2190 1831 a.

1474 1844 1492 1874 ι)
1511 1842 1567 1867 sed.
1578 1854 1598 1861 -
1615 1845 1642 1866 et
1661 1841 1767 1867 PCGla.

967 1921 1306 1954 Commentaria
1329 1920 1585 1954 Cardinalis
1606 1920 1810 1954 Caietani

312 2013 332 2033 N
356 2002 450 2034 tertio
471 2009 579 2033 autem
597 2001 742 2038 articulo,
759 2002 793 2032 in
811 2001 1022 2042 responsione
1038 2001 1077 2032 ad
1093 2001 1246 2042 primurn,
1264 2001 1361 2032 habes
1386 2001 1388 2038 j

285 2015 398 2079 Iunde
415 2047 608 2088 respondeas
628 2047 756 2087 regulae
774 2046 919 2087 Topicae
935 2046 962 2083 *,
980 2053 1058 2087 puta
1075 2046 1164 2087 quod
1180 2047 1359 2087 oppositum

282 2093 408 2124 meliori
424 2097 472 2123 est
481 2093 588 2133 peius.
613 2091 777 2123 Glossabis
793 2091 867 2122 hinc
886 2091 976 2142 quod
999 2090 1186 2132 intelligitur
1203 2101 1269 2122 non
1286 2091 1361 2121 sim-

283 2137 415 2178 pliciter,
432 2138 486 2167 sed
512 2147 548 2168 ex
572 2137 627 2167 illa
647 2143 735 2177 parte
751 2146 815 2178 qua
833 2136 1012 2177 opponitur
1026 2135 1072 2166 illi
1089 2136 1176 2166 bono
1194 2135 1309 2166 maiori
1324 2146 1362 2166 ex
1388 2140 1389 2165 1

282 2192 349 2223 quo
374 2182 490 2213 melius
506 2182 602 2212 habet
617 2181 707 2222 quod
724 2180 764 2212 sit
780 2181 906 2211 melius.
932 2180 1013 2212 Sunt
1033 2180 1119 2211 enim
1136 2180 1187 2211 hic
1204 2187 1360 2222 quatuor:

283 2226 401 2258 scilicet
417 2226 583 2263 fortitudo,
601 2225 821 2266 temperantia,
837 2225 990 2256 timiditas
1006 2233 1037 2256 et
1051 2223 1303 2265 intemperantia.
1322 2225 1362 2256 Et
1388 2230 1390 2244 ³

283 2271 440 2303 fortitudo
453 2278 501 2302 est
512 2271 698 2311 simpliciter
706 2270 821 2301 melior
829 2269 1049 2311 temperantia.
1060 2269 1231 2300 Timiditas
1243 2277 1362 2306 autem

1414 2011 1497 2042 quae
1522 2001 1702 2033 fortitudini
1725 2001 1913 2042 opponitur,
1932 2011 1998 2032 non
2019 2008 2066 2032 est
2089 2000 2275 2042 simpliciter
2289 2000 2382 2042 peior
2396 2010 2497 2042 quam

1414 2046 1675 2087 intemperantia:
1701 2046 1755 2077 sed
1779 2056 1816 2077 ex
1832 2046 1886 2077 illa
1909 2053 1998 2088 parte
2017 2053 2064 2077 est
2088 2045 2179 2087 peior
2201 2056 2267 2088 qua
2282 2045 2385 2087 privat
2407 2046 2496 2077 bono

1387 2115 1389 2137 ᾗ
1415 2091 1592 2127 communi,
1609 2101 1646 2122 ex
1669 2101 1736 2132 quo
1760 2091 1856 2122 habet
1879 2090 2036 2123 fortitudo
2057 2090 2276 2122 excellentiam
2300 2090 2496 2132 simpliciter.

1472 2135 1628 2174 Quamvis
1646 2136 1747 2176 possit
1763 2135 1852 2167 aliter
1870 2135 2056 2168 huiusmodi
2076 2135 2185 2177 regula
2203 2135 2352 2177 glossari:
2378 2134 2499 2167 scilicet

1388 2214 1389 2217 ¹
1416 2181 1505 2222 quod
1530 2180 1717 2220 intelligitur
1740 2180 1925 2218 formaliter,
1950 2181 2068 2212 scilicet
2092 2181 2131 2212 de
2155 2180 2315 2222 oppositis
2339 2187 2376 2212 ut
2392 2189 2498 2222 oppo-

1417 2225 1476 2256 sita
1506 2233 1590 2257 sunt.
1625 2226 1757 2263 Quanto
1789 2226 1875 2256 enim
1906 2225 2022 2257 melius
2045 2233 2092 2257 est
2120 2226 2211 2267 quod
2242 2225 2381 2262 tollitur,
2406 2231 2497 2256 tanto

1390 2270 1510 2310 peius
1534 2277 1581 2301 est
1604 2270 1685 2301 illud
1708 2270 1824 2301 tollens
1849 2277 1884 2301 ut
1908 2271 1964 2302 sic.

1423 2346 1529 2354 'ww

1074 2405 1396 2449 ARTICULUS
1434 2406 1711 2459 QUARTUS

650 2500 807 2532 UTRUM
832 2499 1073 2531 PECCATUM
1098 2499 1486 2531 INTEMPERANT1AE
1510 2499 1578 2530 SIT
1603 2499 1775 2530 MAxtME
1800 2499 2131 2531 EXPROBRABILE

1248 2579 1278 2604 lll
1298 2579 1396 2610 Ethic„

340 2757 356 2773 ,
430 2747 457 2774 κ’

405 2786 420 2822 4
456 2760 602 2806 xime
637 2714 914 2829 exprobrabile.
962 2768 1068 2806 Sicut
1103 2769 1205 2805 enirn
1240 2769 1367 2805 honor

345 2847 347 2850 -
367 2815 409 2848 ’ψ
478 2823 664 2860 debetur
691 2822 833 2870 virtuti,
854 2823 903 2859 ita
933 2822 1175 2883 exprobratio
1207 2822 1367 2859 debetur

287 2886 459 2928 peccato,
477 2877 555 2914 Sed
572 2876 763 2926 quaedam
780 2884 938 2925 peccata
954 2884 1041 2913 sunt
1055 2876 1233 2925 graviora
1248 2887 1365 2926 quam

288 2930 602 2981 intemperantia:
632 2930 728 2967 sicut
755 2929 1022 2978 homicidium,
1053 2930 1293 2980 blasphemia
1331 2937 1368 2966 et

289 2985 363 3022 alia
399 2984 633 3022 huiusmodi.
673 2984 776 3032 Ergo
810 2991 1012 3032 peccatum
1050 2983 1365 3033 intemperantiae

290 3051 367 3076 non
398 3046 454 3075 est
483 3038 651 3075 maxime
682 3037 960 3086 exprobrabile.

345 3104 380 3129 2.
402 3093 645 3138 PRAETEREA,
676 3099 833 3140 peccata
862 3103 962 3139 quae
992 3099 1079 3127 sunt
1112 3091 1232 3141 magis
1262 3103 1367 3128 com—

290 3146 419 3183 munia
456 3145 638 3183 videntur
680 3157 763 3181 esse
806 3144 934 3181 minus
978 3144 1279 3193 exprobrabilia:
1320 3157 1366 3182 eo

291 3200 396 3247 quod
426 3199 473 3237 de
501 3199 560 3237 his
583 3198 762 3236 homines
791 3198 919 3236 minus
938 3199 1258 3236 verecundantur.
1290 3199 1367 3236 Sed

292 3261 448 3301 peccata
471 3253 786 3302 intemperantiae
816 3260 904 3290 sunt
922 3251 1091 3290 maxime
1121 3252 1365 3290 communia:

294 3306 381 3354 quia
403 3314 489 3343 sunt
509 3306 606 3343 circa
635 3318 680 3343 ea
699 3318 799 3356 quae
821 3305 1077 3343 communiter
1097 3305 1134 3343 in
1163 3318 1278 3344 usum
1298 3307 1368 3344 hu-

295 3370 432 3395 manae
470 3359 571 3396 vitae
603 3360 783 3407 veniunt,
814 3359 850 3397 in
887 3359 1028 3408 quibus
1067 3359 1180 3398 etiarn
1216 3360 1368 3410 plurimi

294 3420 466 3462 peccant.
497 3413 599 3461 Ergo
620 3421 775 3462 peccata
799 3413 1214 3463 intemperantiae—non
1234 3414 1368 3452 viden—

258 3514 269 3519 ·
295 3473 355 3503 tur
383 3477 465 3502 esse
495 3465 660 3502 maxime
689 3467 981 3515 exprobrabilia.

352 3519 386 3556 3.
408 3520 642 3565 PRAETEREA,
663 3520 920 3569 Philosophus
940 3521 1040 3566 dicit,
1058 3520 1095 3557 in
1110 3521 1178 3558 Vll
1195 3522 1315 3558 Ethic.
1336 3521 1367 3567 *,

351 3634 378 3665 α)
398 3635 433 3658 et.
445 3646 464 3652 —
483 3633 524 3658 vel
543 3632 620 3657 ABF.

1418 2580 1476 2604 lect.
1496 2587 1536 2605 xx.

1419 2660 1525 2709 quod
1545 2661 1792 2709 temperantia
1812 2666 1849 2698 et
1875 2661 2164 2711 intemperantia
2182 2667 2272 2699 sunt
2288 2663 2391 2700 circa
2411 2675 2501 2702 con-

1420 2714 1666 2763 cupiscentias
1685 2720 1722 2751 et
1739 2714 2000 2753 delectationes
2018 2716 2218 2753 humanas.
2250 2716 2348 2754 Sunt
2368 2725 2499 2756 autem

1421 2768 1612 2817 quaedam
1634 2768 1967 2818 concupiscentiae
1997 2777 2033 2806 et
2061 2769 2331 2808 delectationes
2358 2771 2501 2820 turpio-

1423 2834 1482 2859 res
1521 2822 1838 2872 concupiscentiis
1877 2830 1913 2860 et
1951 2823 2266 2861 delectationibus
2301 2824 2498 2874 humanis,

1422 2887 1520 2925 quae
1550 2875 1728 2914 dicuntur
1756 2877 1926 2914 bestiales
1954 2884 1991 2914 et
2011 2882 2029 2898 ²
2057 2877 2365 2928 aegritudinales,
2393 2886 2433 2915 ut
2461 2877 2499 2916 in

1422 2930 1561 2967 eodem
1592 2930 1688 2966 libro
1708 2929 1729 2951 ’¹‘
1757 2930 2017 2980 Philosophus
2046 2931 2146 2968 dicit.
2176 2931 2279 2980 Ergo
2312 2931 2500 2982 intempe-

1422 2983 1543 3022 rantia
1572 2996 1651 3020 non
1682 2991 1737 3020 est
1765 2984 1930 3022 maxime
1961 2984 2246 3034 exprobrabilis.

1476 3038 1551 3075 SED
1581 3049 1728 3075 CONTRA
1757 3049 1824 3075 EST
1852 3038 1959 3087 quod
1978 3038 2238 3088 Philosophus
2266 3037 2366 3086 dicit,
2389 3038 2426 3076 in
2447 3040 2497 3077 111

1423 3092 1542 3129 Ethic.
1563 3091 1594 3138 *,
1616 3092 1720 3141 quod
1751 3091 2043 3142 intemperantia
2062 3092 2159 3130 inter
2186 3091 2259 3129 alia
2279 3091 2370 3129 vitia
2398 3091 2499 3130 vide·

1423 3152 1485 3182 tur
1512 3146 1605 3182 iuste
1633 3146 1910 3194 exprobrabilis
1937 3157 2027 3183 esse.

1478 3201 1707 3237 RESPONDEO
1730 3211 1917 3237 mesanum
1940 3199 2047 3248 quod
2075 3197 2318 3248 exprobratio
2349 3201 2495 3249 opponi

1423 3253 1575 3290 videtur
1599 3253 1737 3291 honori
1766 3261 1802 3290 et
1821 3252 1975 3302 gloriae.
2006 3252 2144 3290 Honor
2163 3260 2292 3289 autem
2314 3254 2500 3292 excellen-

1423 3306 1496 3344 tiae
1525 3307 1696 3351 debetur,
1723 3314 1764 3343 ut
1792 3318 1907 3356 supra
1926 3305 1947 3328 ’¹
1974 3306 2148 3343 habitum
2182 3314 2255 3342 est·
2286 3306 2405 3355 gloria
2433 3320 2499 3345 au-

1395 3459 1527 3513 dem
1544 3466 1634 3526 quia
1653 3465 1820 3503 maxime
1840 3474 2026 3515 repugnat
2046 3467 2289 3506 excellentiae
2309 3467 2498 3506 hominis:

1395 3519 1397 3563 l
1425 3528 1480 3557 est
1509 3520 1611 3556 enim
1642 3519 1740 3556 circa
1770 3520 2041 3557 delectationes
2066 3534 2296 3560 communes
2325 3521 2434 3559 nobis
2464 3529 2499 3559 et

2515 882 2524 892 ⁸
2535 881 2562 903 Ι).
2579 886 2640 909 1003,
2654 885 2712 908 1179.

2526 2940 2740 2990 §92337530'8'31'

2525 3100 2677 3151 §.R-¹1:2⁵.
2674 3107 2741 3151 ,Ἢ

2528 3317 2595 3346 ⁸.Qu
2610 3323 2651 3347 en,
2661 3322 2704 3341 an
2715 3324 2740 3343 ²:

1394 3352 1396 3407 ἶ
1423 3368 1501 3398 tem
1523 3360 1730 3397 claritatem
1750 3358 1974 3409 importat*.
1996 3359 2088 3397 Est
2079 3360 2189 3408 igitur
2208 3350 2501 3410 intemperantia
2526 3350 2565 3385 3¹¹
2581 3350 2632 3373 '⁵¹¹¹’
2646 3349 2688 3368 ““
2705 3351 2719 3367 ¹

1395 3418 1396 3455 i
1425 3413 1592 3451 maxime
1621 3412 1914 3462 exprobrabilis,
1945 3421 2102 3462 propter
2130 3414 2220 3452 duo.
2257 3413 2388 3451 Primo
2418 3414 2500 3464 qui-

2528 3376 2592 3424 'Qu
2604 3381 2655 3401 mn.
2670 3380 2711 3399 art.
2723 3382 2739 3402 ι,

2525 3402 2640 3451 ιηςιςιιιιι
2651 3408 2739 3427 cxxxii.
