2768 4198
19 1740 28 1748 ⁸
44 1738 131 1760 Homil.
149 1737 232 1765 LXXI,

19 1765 47 1786 al.
65 1764 156 1786 Lxxn.

20 2439 28 2447 ·
42 2438 91 2459 An.
109 2443 124 2463 i,
139 2444 161 2463 4.

27 3185 35 3193 ⁸
50 3183 150 3205 Notand.
166 3191 181 3206 ι.

27 3212 46 3220 ··
53 3210 89 3231 De
94 3210 159 3232 lnan.
171 3211 236 3233 Glor.

28 3318 35 3326 ⁸
51 3317 107 3338 Ibid.

28 3368 36 3375 ⁸
57 3367 103 3394 Qu.
123 3373 238 3392 cxxxviii,

27 3397 67 3415 nrt.
85 3400 103 3415 2,

29 3495 36 3503 ⁸
58 3494 94 3515 Ad
119 3494 204 3516 obiect.
229 3501 239 3515 2

28 3525 89 3542 cont.
105 3521 207 3543 conclus.
220 3528 238 3542 2.

29 3549 48 3557 ⁸·
64 3547 204 3575 1nresp.ad.
220 3554 239 3569 2.

262 282 312 327 84

260 403 373 440 finem,
400 403 516 434 falsum
540 403 728 438 assumitur,
762 411 827 431 non
853 400 937 430 enim
962 406 1093 438 propter
1115 398 1245 428 inanem
1268 398 1336 438 glo·
1362 437 1363 446 ἵ

260 448 339 478 riam
364 448 495 488 appetiit
518 447 751 488 aequalitatem.
777 445 808 476 Si
831 451 938 474 autem
962 443 994 484 ly
1017 444 1094 484 quia
1119 443 1249 474 denotat
1273 443 1335 472 dis·
1362 455 1364 481 5

260 493 455 533 positionem
479 503 515 523 ex
539 499 626 532 parte
650 490 836 531 appetentis.
862 497 973 518 verum
998 487 1176 528 aliqualiter
1200 494 1256 523 est,
1281 487 1335 517 sed
1362 485 1363 529 i

261 548 326 567 non
351 537 390 567 ad
415 537 628 578 propositum.
654 536 700 565 Ex
721 545 759 564 eo
784 542 923 572 namque
947 532 1037 572 quod
1062 531 1191 562 Lucifer
1215 538 1281 562 erat
1303 531 1335 561 in
1361 530 1364 568 Ξ

918 277 1189 324 QUAESTIO
1222 276 1417 324 CXXXII,
1448 279 1748 316 ARTICULUS
1778 279 1813 315 V

260 359 392 399 appetiit
415 359 638 399 aequalitatem
663 357 821 388 divinam:
847 356 961 386 dicitur
989 355 1094 395 quod,
1120 354 1145 384 si
1161 355 1237 394 quia
1262 354 1337 385 dicit
1363 361 1364 386 ξ

1391 355 1496 395 seipso
1527 366 1664 396 magnus
1693 367 1728 387 ac
1751 357 1908 397 gloriosae
1933 366 2083 394 naturae,
2109 358 2311 399 propinquus
2343 357 2403 388 fuit
2435 364 2470 388 ut

1391 407 1553 440 appeteret
1576 401 1695 442 aliquid
1720 402 1885 442 superius:
1911 403 1966 433 sed
1991 413 2056 433 non
2082 410 2212 443 propter
2235 403 2389 443 gloriam,
2414 403 2469 432 sed

1391 451 1521 484 propter
1545 446 1703 477 excellere.

1447 489 1497 518 Ad
1522 489 1744 520 auctoritatem
1763 501 1838 521 vero
1864 490 2019 527 Cassiani,
2047 491 2162 523 Collat.
2181 492 2220 529 V,
2242 491 2355 522 dicitur
2380 492 2468 532 quod

1392 542 1428 562 ex
1452 539 1539 572 parte
1564 533 1663 564 nostri
1688 535 1799 565 salvari
1824 542 1939 575 potest.

1058 687 1380 730 ARTICULUS
1411 688 1673 737 QUINTUS

666 781 823 812 UTRUM
850 780 1194 811 coNVENJENTER
1219 780 1522 812 AsslGNENTUR
1546 781 1687 812 F1L1AE
1713 782 1853 813 1NAN1s
1878 783 2069 815 GLomAE

534 859 627 892 Supra,
647 867 692 892 qu.
711 866 760 889 xxi,
781 864 828 884 art.
848 867 880 890 43
901 867 946 892 qu.
966 867 1058 889 xxxvu‚
1080 865 1126 884 art.
1149 866 1179 889 2;
1199 867 1245 892 qu.
1265 867 1366 888 xxxvm,
1387 865 1433 884 art.
1455 866 1486 890 25
1506 867 1552 892 qu.
1571 867 1612 891 CV,
1633 865 1679 884 art.
1704 868 1724 889 1,
1744 861 1775 885 ad
1797 868 1824 891 23
1845 869 1892 894 qu.
1910 869 1971 893 exn,
1992 867 2038 888 art.
2061 870 2084 894 1,
2103 865 2134 889 ad
2156 872 2183 895 2;

921 894 994 920 infra.
1014 903 1060 928 qu.
1081 902 1202 926 cxxxviii,
1223 900 1270 920 art.
1290 903 1314 925 2,
1334 897 1364 920 ad

473 990 496 1015 D
517 989 680 1020 QulNTuM
701 988 754 1014 s1c
775 988 1017 1014 PROCEDlTUR.
1043 975 1204 1013 Videtur
1231 976 1336 1025 quod
1361 988 1363 1035 ἢ

386 1022 452 1083 ‘'{3
473 1031 788 1068 inconvenienter
808 1030 982 1068 dicantur
1000 1030 1101 1067 filiae
1122 1030 1243 1067 inanis
1257 1030 1336 1079 glo-
1362 1048 1363 1080 i

410 1072 551 1122 ''riae
581 1097 664 1122 esse
694 1084 960 1130 inobedientia,
992 1084 1187 1130 iactantia,
1218 1085 1337 1133 hypo-

431 1133 600 1185 Xcrisis,
630 1139 836 1185 contentio,
860 1139 1095 1187 pertinacia,
1126 1138 1336 1184 discordia,

259 1193 466 1231 novitatum
481 1193 754 1242 praesumptio.
787 1192 966 1229 Iactantia
987 1192 1101 1239 enim,
1124 1192 1337 1229 secundum
1363 1195 1364 1198 ’

313 1008 337 1031 s
379 1008 432 1026 ,fx

316 1096 393 1122 ,κν

209 1259 229 1276 v-
260 1247 502 1295 Gregorium,
524 1247 648 1283 XXIII
670 1246 815 1283 Moral.
837 1246 868 1293 ²¹²,
890 1246 1044 1295 ponitur
1073 1246 1167 1283 inter
1191 1246 1338 1296 species

178 1313 230 1354 m,
260 1301 471 1350 superbiae.
513 1300 703 1349 Superbia
732 1308 860 1337 autem
900 1313 978 1337 non
1008 1300 1127 1336 oritur
1161 1312 1205 1336 ex
1235 1300 1338 1337 inani
1364 1309 1365 1313 ’

260 1355 401 1403 gloria,
440 1355 507 1391 sed
536 1354 663 1403 potius
693 1367 714 1390 e
744 1366 954 1400 converso,
985 1362 1026 1390 ut
1055 1354 1262 1402 Gregorius
1283 1354 1338 1391 di-

130 1419 180 1460 ἓν·
203 1419 231 1460 ³¹3
262 1409 330 1455 cit,
361 1409 486 1445 XXXI
516 1408 662 1445 Moral.
692 1407 712 1429 ‘¹‘
750 1409 852 1456 Ergo
897 1407 1072 1444 iactantia
1106 1420 1184 1444 non
1226 1408 1340 1445 debet

261 1462 352 1512 poni
382 1462 458 1499 filia
487 1462 609 1499 inanis
637 1461 792 1510 gloriae.

317 1528 351 1553 2.
387 1517 631 1562 PRAETEREA,
663 1516 928 1553 contentiones
969 1523 1005 1552 et
1043 1515 1256 1553 discordiae
1284 1515 1339 1551 vi-

262 1570 399 1607 dentur
428 1582 473 1606 ex
502 1570 556 1607 ira
578 1570 745 1606 maxime
765 1569 982 1618 provenire.
1015 1569 1092 1606 Sed
1112 1569 1166 1606 ira
1196 1577 1252 1606 est
1279 1582 1339 1606 ca-

261 1623 374 1672 pitale
394 1623 530 1660 vitium
561 1623 662 1660 inani
692 1623 835 1672 gloriae
865 1623 1121 1660 condivisum.
1154 1623 1254 1671 Ergo
1283 1623 1339 1660 vi·
1365 1626 1366 1649 ἓ

263 1678 372 1714 detur
400 1677 505 1726 quod
535 1690 614 1714 non
645 1677 718 1714 sint
746 1677 847 1714 filiae
877 1676 1000 1714 inanis
1029 1676 1184 1725 gloriae.

319 1734 352 1768 3.
365 1732 600 1778 PRAETEREA,
615 1731 917 1779 Chrysostomus
930 1730 1030 1777 dicit,
1041 1742 1156 1779 super
1164 1729 1338 1777 Matth.*,

262 1785 366 1834 quod
393 1786 529 1833 ubique
552 1796 654 1821 vana
674 1785 801 1834 gloria
827 1784 973 1821 malum
1001 1790 1065 1830 est,
1085 1784 1152 1820 sed
1169 1784 1340 1821 maxime

261 1839 298 1875 in
308 1838 604 1887 philanthropia,
620 1838 716 1875 idest
731 1837 769 1874 in
784 1837 1059 1874 misericordia.
1082 1837 1192 1884 Quae
1208 1845 1338 1874 tamen

262 1905 339 1928 non
371 1899 426 1929 est
454 1891 596 1940 aliquid
626 1903 787 1937 novum,
809 1890 877 1927 sed
904 1890 941 1927 in
964 1890 1241 1927 consuetudine
1270 1891 1339 1927 ho-

260 1945 407 1983 minum
439 1945 572 1982 existit.
604 1945 705 1993 Ergo
736 1944 1000 1994 praesumptio
1021 1943 1235 1981 novitatum
1260 1956 1338 1981 non

262 1999 375 2036 debet
404 1999 614 2048 specialiter
643 1998 734 2048 poni
763 1998 841 2036 filia
870 1998 992 2036 inanis
1021 1998 1175 2046 gloriae.

315 2054 389 2090 SED
424 2065 572 2090 CONTRA
606 2064 672 2089 EST
701 2052 904 2090 auctoritas
934 2051 1121 2100 Gregorii,
1151 2051 1188 2088 in
1211 2052 1337 2088 XXXI

260 2107 406 2143 Moral.
432 2107 463 2153 ²¹⁶,
484 2106 550 2143 ubi
579 2106 792 2155 praedictas
820 2106 916 2143 filias
946 2106 1048 2143 inani
1074 2111 1091 2127 ²
1119 2105 1260 2154 gloriae
1282 2117 1340 2142 as-

262 2161 394 2209 signat.

315 2215 543 2252 Responmzo
564 2225 750 2251 υιεΕΝουΜ
771 2213 890 2261 quod,
911 2212 1007 2250 sicut
1026 2222 1141 2262 supra
1154 2212 1175 2234 ‘¹‘
1195 2212 1339 2250 dictum

262 2277 337 2315 est,
366 2268 428 2305 illa
454 2267 547 2305 vitia
576 2280 676 2316 quae
706 2269 752 2304 de
783 2279 822 2304 se
853 2274 941 2304 nata
970 2274 1058 2304 sunt
1092 2266 1261 2304 ordinari
1291 2266 1340 2304 ad
1367 2274 1369 2283 '

262 2323 381 2359 finem
411 2322 568 2359 alicuius
596 2321 677 2358 vitii
706 2321 886 2370 capitalis,
914 2320 1090 2358 dicuntur
1118 2319 1217 2358 filiae
1247 2319 1339 2357 eius.

263 2376 365 2413 Finis
395 2384 522 2413 autern
553 2375 674 2412 inanis
703 2375 845 2424 gloriae
876 2382 932 2411 est
961 2374 1214 2412 manifestatio
1253 2386 1342 2424 pro·
1367 2385 1368 2414 ῑ

261 2430 366 2479 priae
396 2429 651 2476 excellentiae,
673 2437 713 2466 ut
742 2441 787 2466 ex
817 2441 932 2478 supra
951 2428 971 2450 '¹‘
1000 2428 1106 2465 dictis
1135 2435 1249 2478 patet.
1279 2428 1341 2466 Ad

262 2484 368 2533 quod
394 2491 519 2533 potest
539 2484 659 2520 homo
681 2483 837 2521 tendere
858 2482 1067 2532 dupliciter.
1097 2482 1185 2520 Uno
1207 2482 1340 2530 modo,

262 2537 419 2576 directe:
450 2537 530 2575 sive
559 2549 629 2586 per
656 2537 788 2584 verba,
811 2536 920 2574 etsie
950 2543 1006 2573 est
1034 2536 1231 2581 iactantia,·
1260 2535 1340 2573 sive

261 2604 330 2641 per
350 2592 458 2638 facta,
486 2599 521 2628 et
551 2590 617 2638 sic,
639 2590 669 2627 si
699 2590 772 2628 sint
798 2603 893 2628 vera
913 2588 939 2637 β,
969 2590 1147 2628 habentia
1172 2589 1340 2638 aliquam

261 2644 578 2688 admirationem,
609 2652 666 2682 est
687 2644 949 2694 praesumptio
989 2644 1215 2690 novitatum,
1245 2656 1342 2693 quas

262 2699 439 2736 homines
478 2699 601 2736 solent
639 2698 760 2748 magis
798 2698 1000 2743 admirari;
1040 2697 1069 2735 si
1106 2706 1235 2735 autem
1273 2709 1342 2747 per

315 2836 342 2866 α)
364 2834 449 2859 inani.
462 2849 480 2853 -
499 2833 589 2859 inanis
608 2833 734 2862 PCDEla,
755 2840 810 2858 om.
831 2833 863 2857 Η.

317 2870 342 2903 ii)
363 2878 438 2896 vera.
450 2884 469 2889 -
488 2870 569 2895 verba
589 2869 680 2894 PsBK.

315 2908 342 2940 γ)
359 2914 411 2939 per
422 2907 493 2939 ficta
511 2906 589 2931 sit.-
602 2912 655 2938 per
676 2906 758 2939 sacta
776 2904 813 2929 sit
835 2904 875 2929 vel
891 2904 1016 2939 perfecta
1035 2904 1071 2929 sit
1088 2903 1276 2936 BDFKLpAC,
1292 2910 1343 2935 per

256 2942 336 2976 sacta
348 2943 426 2976 salsa
439 2942 475 2967 sit
494 2942 526 2970 G.
541 2948 595 2974 per
605 2942 687 2974 sacta
698 2941 769 2974 ficta
789 2940 833 2970 sc.
849 2943 912 2965 sunt
928 2947 981 2973 per
992 2941 1074 2974 sacta
1095 2940 1127 2969 Η,
1142 2947 1206 2965 vera
1222 2939 1345 2974 perfecta

263 2985 315 3003 non
326 2979 360 3010 fit
378 2978 425 3010 pE.
437 2978 558 3011 perfecta
573 2984 624 3002 non
646 2983 710 3002 vera
722 2977 759 3010 fit
773 2976 817 3005 sF..
834 2983 885 3008 per
893 2976 970 3010 salsa
990 2976 1031 3001 ed.
1051 2983 1076 3004 a,
1088 2983 1142 3008 per
1153 2975 1230 3010 salsa
1249 2975 1286 3000 sit
1305 2975 1344 3000 Pl.

1390 903 1417 926 ις
1435 895 1469 920 de
1487 896 1572 925 Malo,
1592 903 1640 928 qu.
1657 903 1691 927 ix,
1711 902 1758 922 art.
1778 896 1802 922 3.

1390 976 1480 1014 ficta
1509 977 1555 1013 sit
1574 982 1601 1023 Υ,
1632 976 1686 1014 sic
1706 985 1762 1014 est
1781 979 2005 1026 hypocrisis.
2035 1000 2060 1006 -
2088 979 2176 1017 Alio
2197 989 2325 1019 autem
2347 982 2467 1019 modo

1391 1030 1519 1068 nititur
1547 1030 1682 1078 aliquis
1711 1031 1956 1069 manifestare
1986 1045 2096 1070 suam
2127 1034 2388 1073 excellentiam
2415 1036 2470 1073 in-

1362 1093 1364 1122 ῐ
1393 1083 1556 1132 directe,
1586 1085 1828 1123 ostendendo
1858 1098 1899 1123 se
1929 1098 2008 1123 non
2038 1099 2119 1124 esse
2156 1086 2230 1124 alio
2266 1087 2469 1127 minorem.

1392 1138 1441 1175 Et
1469 1138 1544 1175 hoc
1574 1139 1880 1188 quadrupliciter.
1911 1139 2041 1178 Primo
2075 1140 2253 1190 quidem,
2284 1150 2470 1190 quantum

1391 1192 1441 1229 ad
1471 1192 1725 1229 intellectum:
1757 1201 1793 1230 et
1821 1193 1874 1230 sic
1904 1202 1959 1230 est
1990 1195 2219 1242 pertinacia,
2249 1206 2318 1244 per
2353 1207 2470 1243 quarn

1392 1246 1513 1283 homo
1542 1246 1657 1283 nimis
1677 1246 1847 1284 innititur
1865 1260 1958 1284 suae
1987 1249 2209 1295 sententiae,
2231 1249 2367 1285 nolens
2393 1262 2472 1286 cre-

1393 1300 1482 1337 dere
1522 1300 1731 1337 sententiae
1761 1300 1935 1338 meliori.·
1964 1302 2166 1350 Secundo,
2196 1309 2384 1351 quantum
2423 1304 2471 1341 ad

1391 1355 1650 1391 voluntatem:
1691 1362 1727 1391 et
1755 1354 1808 1391 sic
1837 1362 1893 1392 est
1920 1355 2130 1402 discordia,
2161 1356 2255 1393 dum
2285 1368 2364 1393 non
2392 1357 2474 1394 vult

1393 1420 1415 1444 a
1444 1408 1600 1457 propria
1627 1409 1824 1446 voluntate
1856 1409 2052 1447 discedere
2079 1418 2121 1447 ut
2140 1409 2221 1446 aliis
2251 1411 2470 1448 concordet.

1394 1461 1540 1509 Tertio,
1571 1470 1759 1510 quantum
1789 1463 1838 1500 ad
1868 1463 2122 1501 locutionem:
2154 1471 2190 1500 et
2219 1463 2272 1501 sic
2301 1472 2357 1501 est
2385 1476 2473 1502 con-

1393 1515 1518 1562 tentio,
1549 1515 1642 1552 dum
1673 1516 1808 1564 aliquis
1836 1517 1965 1554 verbis
1995 1518 2164 1555 clamose
2193 1525 2327 1555 contra
2355 1518 2471 1557 alium

1393 1569 1521 1617 litigat.
1558 1569 1727 1617 Quarto,
1759 1578 1946 1618 quantum
1981 1571 2030 1608 ad
2067 1571 2227 1608 factum:
2258 1579 2301 1608 et
2335 1571 2388 1608 sic
2417 1579 2474 1610 est

1394 1623 1655 1669 inobedientia,
1686 1624 1778 1661 dum
1800 1624 1940 1661 scilicet
1969 1625 2103 1675 aliquis
2132 1637 2211 1662 non
2230 1625 2313 1662 vult
2338 1626 2473 1675 exequi

1394 1676 1600 1726 superioris
1629 1685 1891 1727 praeceptum.

1448 1732 1507 1768 Ar>
1537 1743 1675 1768 mimum
1711 1743 1810 1769 ERGO
1839 1743 2026 1770 melerinum
2046 1732 2164 1781 quod,
2194 1731 2291 1769 sicut
2318 1744 2435 1781 supra
2453 1732 2474 1755 *

1395 1783 1538 1821 dictum
1579 1792 1654 1830 est,
1685 1784 1860 1822 iactantia
1895 1785 2051 1834 ponitur
2085 1785 2232 1835 species
2269 1786 2473 1834 superbiae

1394 1845 1582 1885 quantum
1620 1838 1669 1874 ad
1708 1838 1927 1876 interiorem
1967 1851 2122 1876 causam
2151 1839 2252 1886 eius,
2283 1851 2383 1888 quae
2417 1848 2474 1877 est

1394 1890 1621 1938 arrogantia.
1661 1892 1746 1939 Ipsa
1775 1899 1904 1928 autern
1934 1891 2111 1929 iactantia
2140 1892 2319 1940 exterior,
2349 1901 2391 1930 ut
2418 1893 2472 1931 di-

1365 1958 1367 1991 ς
1395 1943 1490 1981 citur
1509 1943 1547 1981 in
1570 1944 1621 1980 IV
1638 1945 1760 1982 Ethic.
1781 1944 1812 1991 *,
1844 1944 2041 1982 ordinatur
2060 1946 2296 1996 quandoque
2315 1946 2472 1996 quidem

1395 1998 1443 2034 ad
1473 1998 1644 2044 lucrum,
1674 1998 1742 2036 sed
1771 1998 2006 2048 frequentius
2040 1998 2089 2036 ad
2117 1998 2278 2047 gloriam
2306 2000 2368 2037 vel
2404 2000 2474 2038 ho-

1395 2063 1543 2089 norem.
1575 2052 1623 2088 Et
1652 2052 1705 2089 sic
1735 2052 1854 2090 oritur
1883 2064 1926 2090 ex
1957 2052 2059 2090 inani
2088 2052 2219 2101 gloria.

1448 2107 1508 2143 Ar>
1542 2117 1733 2144 SECUNDUM
1769 2118 1955 2144 monimum
1991 2106 2097 2156 quod
2135 2106 2190 2144 ira
2226 2119 2306 2144 non
2344 2115 2475 2144 causat

1396 2158 1628 2197 discordiam
1649 2168 1685 2196 et
1714 2160 2000 2198 contentionem
2022 2160 2093 2197 nisi
2114 2172 2202 2198 cum
2227 2160 2474 2198 adiunctione

1396 2212 1518 2250 inanis
1547 2213 1712 2261 gloriae:
1741 2226 1811 2264 per
1838 2214 1914 2251 hoc
1942 2213 2083 2251 scilicet
2103 2215 2207 2263 quod
2237 2213 2373 2264 aliquis
2403 2214 2474 2252 sibi

1395 2267 1606 2315 gloriosum
1636 2275 1784 2316 reputat
1803 2267 1909 2317 quod
1930 2280 2009 2305 non
2030 2267 2140 2306 cedat
2158 2266 2172 2290 δ
2199 2267 2388 2307 voluntati
2411 2269 2475 2306 vel

1395 2320 1524 2358 verbis
1553 2320 1729 2358 aliorum.
2189 2334 2190 2337 ’

1449 2376 1509 2411 An
1537 2386 1699 2412 TERTlUM
1729 2385 1914 2412 mcENDUM
1943 2375 2046 2424 quod
2077 2374 2199 2412 inanis
2232 2375 2351 2423 gloria
2379 2375 2475 2412 vitu-

1395 2435 1550 2478 peratur
1579 2428 1678 2466 circa
1707 2429 1996 2478 eleemosynam
2016 2436 2174 2478 propter
2201 2429 2392 2467 defectum
2414 2441 2474 2466 ca-

1397 2481 1526 2529 ritatis,
1547 2482 1612 2532 qui
1635 2487 1648 2503 ⁸
1676 2481 1828 2520 videtur
1857 2494 1939 2519 esse
1969 2482 2007 2520 in
2036 2494 2083 2519 eo
2107 2482 2172 2532 qui
2203 2482 2368 2532 praefert
2396 2482 2475 2520 ina-

1397 2548 1485 2573 nem
1515 2535 1675 2584 gloriam
1705 2535 1850 2573 utilitati
1880 2535 2061 2585 proximi,
2092 2536 2186 2574 dum
2215 2537 2291 2573 hoc
2319 2544 2476 2587 propter

1396 2589 1519 2627 illud<
1548 2589 1647 2627 facit.
1686 2590 1778 2628 Non
1817 2598 1946 2627 autem
1979 2589 2218 2639 vituperatur
2255 2589 2391 2639 aliquis
2431 2602 2475 2628 ex

1395 2644 1471 2681 hoc
1500 2643 1605 2693 quod
1634 2651 1856 2693 praesumat
1889 2643 2178 2694 eleemosynam
2208 2643 2335 2681 facere
2368 2644 2475 2693 quasi

1396 2697 1539 2746 aliquid
1569 2709 1731 2734 novum.

1452 2830 1477 2864 δ)
1497 2832 1584 2857 cedat.
1597 2845 1616 2850 -
1633 2831 1705 2856 cedit
1725 2832 1752 2862 P,
1771 2831 1852 2857 cedat
1870 2831 1911 2856 ve!
1929 2831 2075 2857 concordet
2094 2831 2127 2856 G.

1452 2868 1474 2899 ε)
1494 2868 1550 2901 qui.
1562 2881 1580 2886 -
1598 2874 1667 2900 quae
1688 2867 1733 2892 Pa.

1451 2903 1476 2935 ζ)
1497 2903 1546 2929 hoc
1561 2906 1677 2936 propter
1697 2903 1803 2929 illud.—
1818 2906 1934 2935 propter
1954 2903 2020 2928 iIIud
2039 2903 2069 2932 1..
2084 2906 2201 2936 propter
2219 2903 2269 2928 hoc
2289 2902 2357 2928 illud
2376 2903 2405 2928 Ρ.

941 3055 1280 3093 Commentario
1303 3054 1559 3088 cardinalis
1581 3054 1785 3088 Caietam

294 3149 313 3169 N
338 3139 471 3170 articulo
496 3138 611 3180 quinto
640 3137 784 3168 eiusdem
808 3137 1004 3178 quaestionis
1030 3136 1341 3177 centesimaetrigesi-
1365 3135 1367 3168 i

268 3151 536 3219 Imacsecundae,
558 3182 660 3214 multa
684 3182 821 3219 Martini,
847 3182 879 3212 in
896 3192 951 3223 qu.
968 3192 998 3212 vt
1014 3182 1042 3218 *,
1063 3182 1182 3213 ibidem
1197 3182 1242 3218 ¹³¹⁸,
1260 3181 1343 3212 dicta
1365 3169 1368 3208 Ῑ

266 3236 436 3259 occurrunt
461 3235 570 3259 contra
601 3228 687 3258 hunc
711 3227 891 3258 articulum.
915 3227 1061 3258 Primum
1079 3234 1125 3258 est
1148 3227 1239 3268 quod
1265 3240 1280 3255 ι
1298 3226 1341 3257 ia-
1366 3224 1368 3258 i

266 3273 382 3303 etantia
404 3272 439 3304 fit
462 3280 588 3304 tantum
612 3272 724 3309 verbis,
749 3279 785 3303 ut
807 3272 876 3303 vult
900 3272 1045 3303 Thomas
1064 3283 1092 3303 ιν.
1366 3271 1369 3306 l

323 3317 503 3348 Secundum
520 3318 538 3337 ¹⁸
561 3324 617 3349 est.
642 3318 716 3348 Non
733 3317 836 3358 placet
852 3317 941 3358 quod
966 3316 1009 3348 ait
1024 3316 1170 3348 Thomas
1186 3317 1225 3347 de
1249 3316 1343 3357 perti-
1367 3341 1369 3352 ,

268 3361 366 3397 nacia,
382 3363 471 3403 quod
488 3361 622 3402 pertinet
646 3362 684 3392 ad
708 3362 923 3393 intellectum:
949 3371 1023 3393 cum
1039 3361 1135 3402 ipse*
1151 3368 1251 3402 ponat
1270 3371 1340 3391 eam
1367 3366 1369 3394 i

268 3406 392 3446 opponi
416 3406 523 3436 virtuti
547 3406 796 3447 perseverantiae
820 3414 851 3437 et
874 3406 952 3438 vitio
976 3406 1137 3443 mollitiei,
1162 3416 1244 3447 quae
1269 3413 1344 3437 sunt
1368 3403 1369 3439 i

268 3450 394 3481 habitus
417 3450 514 3490 partis
537 3451 737 3491 appetitiva,
761 3458 792 3482 et
815 3462 881 3482 non
906 3451 1095 3483 intellectus.

329 3495 471 3526 Tertium
487 3494 504 3514 ’¹‘
527 3502 582 3526 est.
615 3496 690 3526 Non
714 3503 795 3535 puto
823 3506 934 3527 verum
959 3496 1049 3537 quod
1068 3495 1111 3527 ait
1133 3495 1281 3526 Thomas
1298 3494 1342 3531 **,
1369 3523 1370 3530 ,

269 3540 358 3580 quod
376 3541 426 3570 ira
447 3549 509 3570 non
534 3545 649 3570 causat
663 3541 894 3571 contentionem
919 3546 949 3572 et
972 3540 1167 3572 discordiam
1192 3540 1256 3570 nisi
1270 3548 1342 3569 cum
1369 3544 1371 3568 l

269 3584 476 3615 adiunctione
492 3585 599 3614 inanis
612 3584 749 3625 gloriae.
770 3585 853 3615 Nam
870 3595 944 3615 cum
961 3585 1006 3615 ira
1022 3595 1058 3615 ex
1081 3583 1249 3625 dispendio
1264 3582 1343 3614 lucri

269 3629 427 3669 provenit,
452 3639 518 3660 non
538 3628 573 3660 fit
591 3629 754 3659 contentio
771 3629 808 3659 de
825 3629 936 3668 gloria,
962 3630 1015 3660 sed
1041 3630 1079 3659 de
1103 3629 1194 3659 lucro
1217 3627 1267 3658 vel
1290 3627 1342 3658 da-

1396 3146 1484 3167 mno,
1509 3136 1576 3167 Nec
1599 3135 1670 3167 tatis
1695 3135 1860 3167 contendit
1883 3135 1959 3177 quin
1978 3134 2156 3176 gloriosum
2176 3141 2268 3176 putat
2284 3145 2350 3166 non
2366 3136 2475 3167 cedere

1395 3181 1500 3212 alteri:
1529 3181 1584 3212 sed
1607 3187 1740 3222 propter
1761 3180 1889 3212 lucrum
1913 3179 2098 3211 habendum
2119 3179 2170 3210 vel
2194 3180 2350 3212 damnum
2374 3180 2474 3212 vitan-

1396 3226 1485 3262 dum,
1510 3236 1529 3256 a
1551 3236 1619 3267 quo
1643 3224 1790 3257 deficeret
1812 3225 1837 3256 si
1863 3234 1929 3256 non
1953 3224 2168 3256 contenderet.

1455 3270 1617 3308 Quartum
1633 3270 1650 3290 *
1665 3277 1713 3302 est
1727 3270 1817 3311 quod
1841 3269 1916 3301 vitia
1929 3268 1990 3301 ista
2004 3278 2087 3310 quae
2110 3269 2260 3300 dicuntur
2275 3268 2358 3300 filiae
2374 3269 2476 3302 inanis

1396 3315 1532 3356 gloriae,
1557 3322 1694 3356 possunt
1716 3313 1880 3356 tripliciter
1902 3313 2053 3345 inveniri:
2078 3313 2200 3354 primo,
2225 3314 2345 3346 nullius
2367 3314 2474 3356 gratia.

1397 3367 1432 3392 ut
1457 3370 1531 3391 cum
1555 3370 1588 3391 se
1611 3359 1706 3391 iactat
1729 3358 1844 3400 aliquia
1863 3368 1929 3389 non
1953 3365 2082 3399 propter
2102 3358 2198 3396 aliud,
2224 3359 2279 3390 sed
2303 3359 2476 3392 delectatus

1396 3405 1465 3446 ipsa
1488 3403 1649 3439 iactantia
1673 3403 1825 3439 secundo,
1851 3409 1981 3444 propter
1996 3403 2133 3440 lucrum,
2151 3410 2186 3435 ut
2203 3413 2278 3435 curn
2294 3404 2367 3445 quis
2382 3404 2477 3436 iactat

1368 3458 1369 3461 ’
1397 3459 1430 3480 se
1453 3448 1618 3480 medicum
1641 3455 1677 3479 ut
1698 3447 1848 3484 lucretur,
1874 3454 1911 3479 ut
1934 3447 2048 3479 dicitur
2071 3447 2104 3479 in
2129 3448 2171 3479 lv
2186 3448 2290 3480 Ethic.
2307 3448 2339 3485 *ς
2364 3449 2475 3485 tertio,

1397 3500 1528 3534 propter
1550 3492 1697 3534 gloriam,
1721 3499 1758 3524 ut
1772 3502 1847 3524 cum
1863 3492 1936 3533 quis
1953 3502 1985 3523 se
2001 3492 2095 3524 iactat
2118 3500 2249 3535 propter
2264 3493 2392 3525 inanem
2407 3493 2476 3534 glo-

1397 3537 1488 3569 riam.
1520 3537 1561 3568 Et
1588 3537 1678 3578 quod
1702 3547 1769 3568 non
1793 3537 1898 3578 primo
1922 3547 1980 3569 nec
2004 3538 2147 3569 secundo
2170 3538 2272 3569 modo
2296 3545 2371 3570 sunt
2393 3536 2475 3569 filiae

1397 3582 1499 3613 inanis
1523 3582 1653 3622 gloriae,
1677 3582 1733 3613 sed
1757 3582 1849 3613 tertio
1873 3589 1999 3613 tantum
2024 3583 2139 3613 modo:
2168 3582 2245 3624 quia
2267 3589 2343 3614 tunc
2367 3582 2474 3614 solum

1398 3627 1515 3658 habent
1538 3637 1597 3667 pro
1619 3625 1681 3657 fine
1698 3626 1844 3667 gloriam.
1869 3627 1910 3658 Et
1929 3627 2018 3668 quod
2034 3627 2160 3659 istumet
2176 3634 2212 3659 ut
2227 3626 2392 3659 non-filiae
2409 3626 2476 3657 ina·

2502 1737 2511 1746 ⁸
2521 1736 2570 1764 Qu.
2581 1741 2638 1763 exn,
2646 1739 2690 1759 ιη.
2699 1742 2716 1764 ι,

2501 1762 2529 1784 nd
2543 1769 2563 1786 a.

2500 2014 2538 2030 xv.

2597 1961 2640 1982 vn,
2655 1961 2678 1977 n.
2690 1961 2715 1982 n,

2601 1981 2647 2004 Th.
2663 1982 2715 2004 leet.

2505 3278 2514 3287 ⁸
2528 3275 2630 3298 Nonnd.
2644 3282 2665 3298 ι.

2503 3446 2603 3496 ‘sP‘flzfi

2605 3453 2664 3496 ’θοαὶ
2675 3453 2716 3496 ¹3:
