2768 4198
77 2903 143 2932 ‘Qu.
151 2909 215 2931 mn,
223 2906 265 2925 nrt.
272 2909 288 2925 ι.

81 3379 92 3390 ·
104 3378 170 3401 νει-ε.
185 3385 210 3401 ιι.

988 264 1256 310 QUAESTIO
1287 264 1424 311 CLIV,
1454 263 1752 301 ARTICULUS
1781 262 1831 299 Vl

312 346 344 376 in
368 355 429 376 suo
452 344 579 375 ordine:
611 344 655 375 ita
684 344 774 385 quod
803 354 869 374 non
893 351 939 374 est
968 343 1000 373 in
1024 354 1057 373 se
1084 343 1184 382 magis
1216 350 1381 383 peccatum

311 388 498 420 huiusmodi
531 388 669 428 pollutio
693 394 849 418 nocturna
871 398 970 428 quam
995 387 1132 427 pollutio
1157 398 1194 418 ex
1218 387 1380 427 cogitatio-

311 434 405 464 nibus
428 433 565 464 morosis
595 432 662 463 sine
685 432 850 463 voluntate
873 432 1071 472 pollutionis.
1102 432 1255 462 Eiusdem
1283 432 1380 472 siqui-

312 478 385 508 dem
408 477 538 508 rationis
562 484 636 507 sunt
660 477 768 517 quoad
788 486 932 507 causam:
958 477 1112 517 quoniam
1129 477 1298 517 utrobique
1316 487 1381 506 non

312 522 371 552 nisi
395 522 562 563 dispositio
590 529 646 552 est.
677 521 903 552 Voluntarium
932 528 1039 551 autem
1062 521 1095 551 in
1120 531 1214 552 causa
1244 531 1309 551 non
1335 521 1379 551 di—

312 567 392 597 citur
415 576 451 596 ex
475 576 514 596 eo
538 566 626 607 quod
650 572 697 595 est
719 566 858 596 volitum
881 565 913 595 in
938 576 994 596 sua
1018 565 1236 606 dispositione.

367 611 419 641 lv.
444 611 479 640 In
505 611 620 641 eodem
650 610 783 640 articulo
814 610 945 651 quinto,
971 611 1096 641 adverte
1126 610 1205 640 illud
1229 610 1380 645 verbum,

312 655 444 691 scilicet,
468 654 521 685 Ita
549 655 634 695 quod
661 655 853 695 quandoque
871 654 1069 695 formantur
1092 656 1124 684 in
1149 655 1381 695 imaginatione

305 700 538 740 phantasmata
556 700 755 739 pertinentia
779 700 822 730 ad
845 701 1045 730 emissionem
1070 700 1183 730 talium
1206 699 1381 739 superflui-

311 749 424 780 tatum,
449 743 580 784 intelligi
604 744 717 784 procul
740 744 839 774 dubio
864 744 902 774 de
926 743 1198 784 phantasmatibus
1222 743 1382 782 composi-

311 795 436 819 torum:
460 788 542 819 sicut
563 798 601 818 ex
624 788 843 828 phantasmate
865 789 932 819 auri
949 795 979 819 et
994 788 1114 819 montis
1137 787 1172 819 fit
1194 793 1382 827 phantasma

312 832 430 863 montis
454 832 550 863 aurei.
575 833 648 863 Hoc
672 833 758 863 enim
781 834 881 863 modo
906 843 942 863 ex
961 832 1090 863 diversis
1113 832 1146 862 in
1166 832 1258 863 nobis
1283 832 1381 872 phan-

311 877 496 907 tasmatibus
520 876 699 908 formantur
722 878 941 918 phantasmata
965 877 1221 917 compositorum
1241 883 1382 916 spectan-

311 921 391 952 tium
416 921 455 951 ad
479 922 734 953 seminationem.

2429 261 2498 297 231

1494 344 1568 374 Non
1583 343 1708 373 videtur
1731 350 1839 373 autem
1855 349 2016 372 remotum
2040 340 2118 381 quin
2135 340 2230 371 etiam
2253 340 2382 371 formari
2407 341 2506 380 possit

1436 388 1570 429 aliquod
1593 387 1781 427 phantasma
1795 386 1957 426 simplicis,
1982 385 2085 416 simile
2101 392 2206 416 tamen
2223 384 2316 415 alicui
2341 385 2427 424 prius
2452 395 2506 424 per

1437 442 1567 462 sensum
1591 439 1738 472 accepto;
1770 431 1820 461 vel
1844 431 1950 472 aliqua
1972 430 2106 462 intentio
2132 439 2214 460 nova
2246 439 2282 460 ex
2307 429 2383 470 ipsis
2408 429 2506 469 phan-

1437 476 1621 507 tasmatibus
1645 475 1800 507 eliciatur:
1827 485 1901 506 cum
1925 474 2128 515 imaginativa
2151 473 2183 504 in
2199 484 2315 504 somno
2333 473 2437 503 soluta
2453 484 2506 513 ap-

1439 528 1553 561 pareat.

1491 565 1530 596 V.
1556 565 1591 594 In
1616 564 1824 604 responsione
1848 565 1887 594 ad
1911 563 2039 594 tertium
2063 563 2197 599 ibidem,
2223 569 2299 593 nota
2322 563 2402 592 bene
2426 562 2507 592 hanc

1437 609 1676 650 philosophiam
1700 609 1947 648 distinguentem
1972 608 2010 638 de
2033 614 2105 638 actu
2129 606 2391 648 apprehensionis
2415 613 2444 636 et
2469 606 2506 635 de

1436 661 1506 684 actu
1530 653 1647 684 iudicii.
1681 653 1845 690 Quoniam
1874 652 2108 692 apprehendere
2135 652 2168 682 in
2192 651 2372 691 receptione
2398 650 2506 690 cogni-

1435 705 1544 729 torum
1572 705 1603 728 et
1630 697 1848 738 penetratione
1876 697 2051 727 eorundem
2080 696 2249 736 praecipue
2278 695 2435 726 consistit:
2461 694 2507 725 iu-

1436 742 1556 773 dicium
1580 749 1687 772 autem
1710 742 1742 772 in
1767 741 1970 772 resolutione.
1996 741 2037 771 Et
2065 741 2138 771 ideo
2164 741 2226 771 hoc
2251 740 2386 770 omnino
2408 740 2507 779 impe-

1408 781 1410 804 (ἶ
1436 786 1520 817 ditur
1542 787 1574 816 in
1592 795 1726 817 somno:
1751 786 1826 827 quia
1843 786 1995 816 resolutio
2010 792 2118 816 nostra
2133 785 2172 815 ad
2192 785 2347 826 principia
2363 784 2508 814 sensibus

1436 831 1543 861 innixa
1566 837 1694 870 oportet
1716 831 1805 871 quod
1829 829 1891 861 fiat.
1918 830 1972 860 lna
1987 839 2063 860 vero
2083 840 2149 860 non
2166 829 2301 860 omnino
2318 828 2506 868 impeditur:

1437 875 1513 916 quia
1536 882 1567 905 et
1589 875 1727 914 recipere
1751 886 1769 905 a
1793 874 2020 914 superioribus,
2043 881 2073 904 et
2088 873 2242 914 inspicere
2258 874 2291 904 in
2308 873 2508 913 phantasma-

1437 919 1522 950 tibus
1546 919 1724 950 intellectus
1748 925 1855 949 noster
1878 925 1993 958 potest,
2018 918 2111 948 nobis
2134 918 2376 949 dormientibus.

1132 1057 1450 1099 ARTICULUS
1481 1056 1689 1098 SEXTUS

782 1144 939 1175 UTRUM
963 1142 1168 1174 STUPRUM
1191 1141 1365 1172 DEBEAT
1388 1141 1489 1172 PONI
1514 1141 1605 1171 UNA
1628 1139 1798 1171 SPECIES
1822 1140 2043 1171 LuxumAE

814 1213 905 1245 Supra,
925 1217 973 1237 art.
997 1219 1026 1242 ¹3
1045 1211 1079 1236 tv
1099 1211 1183 1240 Sent.,
1204 1211 1262 1235 dist.
1282 1218 1332 1241 m,
1351 1215 1399 1235 art.
1416 1218 1442 1242 4.
1462 1210 1512 1243 qu⁸
1535 1218 1556 1240 ι,
1578 1217 1607 1240 2;
1628 1210 1669 1234 De
1687 1209 1776 1238 Malo,
1797 1218 1841 1242 qu.
1860 1218 1900 1240 xv,
1920 1215 1966 1234 art.
1988 1209 2010 1234 3.

341 1306 497 1356 j.‚3÷,2.·2.„4<
523 1302 718 1330 D‘SEXTUM
748 1303 801 1329 sle
826 1302 1068 1328 PROCEDITUR.
1098 1290 1259 1327 Videtur
1279 1290 1383 1337 quod

344 1334 699 1406 &Astuprum
729 1357 808 1382 non
838 1345 976 1382 debeat
1003 1343 1096 1403 poni
1124 1355 1203 1380 una
1238 1342 1384 1392 species

329 1401 365 1439 ’Ϋ
467 1404 493 1439 ‘6
523 1399 705 1436 luxuriae.
737 1399 920 1447 Stuprum
951 1409 1054 1434 enim
1079 1404 1260 1445 1mportat
1281 1396 1384 1433 illici-

369 1439 378 1477 ἒ
481 1444 601 1490 tam
620 1451 814 1502 virginum
835 1451 1140 1500 deflorationem;
1163 1458 1204 1486 ut
1223 1450 1386 1486 habetur

273 1522 283 1528 -
312 1504 349 1542 in
370 1503 552 1554 Decretis,
574 1505 734 1542 XXXVI
757 1505 885 1550 Caus.,
902 1516 965 1553 qu,
983 1516 1004 1540 1.
1020 1503 1040 1526 ’¹‘
1069 1504 1146 1540 Sed
1166 1504 1241 1540 hoc
1260 1510 1385 1552 potest

313 1570 396 1595 esse
424 1558 537 1596 soluti
566 1570 656 1596 cum
684 1559 828 1605 soluta,
859 1557 964 1606 quod
991 1557 1155 1606 pertinet
1187 1558 1234 1594 ad
1270 1556 1385 1593 forni-

313 1611 514 1649 cationem.
544 1612 647 1660 Ergo
677 1619 851 1660 stuprum
879 1623 958 1649 non
983 1611 1097 1648 debet
1125 1610 1217 1660 poni
1238 1610 1385 1659 species

312 1664 481 1702 luxuriae
509 1677 532 1702 a
560 1665 808 1702 fornicatione
838 1665 1022 1702 distincta.

367 1729 402 1755 2.
442 1719 688 1762 PRAETEREA,
725 1719 955 1755 Ambrosius
990 1718 1099 1764 dicit,
1134 1718 1173 1754 in
1206 1717 1302 1754 libro
1341 1717 1387 1753 de

310 1771 543 1809 Patriarchis
567 1771 606 1809 *τ
645 1772 772 1810 Nemo
809 1772 881 1809 sibi
915 1771 1133 1809 blandiatur
1160 1772 1206 1808 de
1241 1771 1387 1820 legibus

311 1825 530 1863 hominum.-
551 1837 663 1864 omne
680 1831 852 1874 stuprum
872 1825 1098 1862 adulterium
1118 1830 1181 1861 est.
1205 1824 1281 1861 Sed
1302 1835 1386 1873 spe-

313 1878 457 1916 cierum
488 1892 534 1916 ex
567 1879 746 1929 opposito
776 1878 984 1916 divisarum
1005 1883 1022 1899 ²
1050 1890 1127 1915 una
1156 1890 1234 1914 non
1269 1877 1387 1914 conti-

313 1939 423 1969 netur
459 1933 530 1970 sub
568 1933 653 1970 alia.
691 1933 791 1969 Cum
830 1944 919 1979 ergo
958 1931 1186 1969 adulterium
1221 1938 1387 1979 ponatur

313 1985 458 2035 species
491 1986 679 2033 luxuriae,
708 1985 861 2023 videtur
888 1985 994 2034 quod
1031 1992 1206 2033 stuprum
1240 1984 1387 2033 species

313 2039 482 2076 luxuriae
511 2039 603 2088 poni
624 2051 702 2076 non
732 2039 857 2076 debet.

371 2094 404 2129 3.
433 2094 677 2140 PRAETEREA,
706 2092 843 2130 inferre
878 2091 989 2129 alicui
1025 2091 1201 2128 iniuriam
1235 2090 1388 2127 videtur

314 2146 436 2194 magis
458 2146 507 2184 ad
526 2145 744 2184 iniustitiam
765 2158 883 2195 quam
903 2145 952 2182 ad
969 2144 1158 2188 luxuriam
1184 2144 1384 2193 pertinere.

316 2200 394 2237 Sed
431 2200 492 2237 ille
521 2200 586 2249 qui
619 2207 792 2248 stuprum
831 2198 1054 2245 committit,
1084 2197 1260 2235 iniuriam
1299 2197 1388 2234 facit

314 2253 431 2300 alteri,
461 2253 601 2290 scilicet
628 2253 724 2302 patri
752 2253 901 2301 puellae
929 2264 1047 2300 quam
1079 2250 1300 2299 corrumpit,
1322 2250 1386 2299 qui

313 2314 440 2357 potest
456 2307 509 2344 ad
533 2307 705 2344 animum
724 2317 834 2342 suam
858 2305 1038 2342 iniuriam
1054 2303 1070 2334 β
1098 2315 1280 2342 revocare
1297 2303 1329 2351 ²⁸,
1351 2311 1388 2340 et

315 2372 426 2408 agere
443 2360 591 2398 actione
606 2359 829 2396 iniuriarum
847 2366 978 2396 contra
994 2365 1261 2408 stupratorem.
1283 2358 1386 2405 Ergo

314 2421 488 2463 stuprum
518 2426 596 2450 non
626 2413 740 2450 debet
768 2412 859 2461 poni
888 2412 1036 2461 species
1065 2411 1246 2448 luxuriae.

368 2468 443 2504 SED
472 2478 619 2504 CONTRA
652 2478 719 2504 EST
742 2466 849 2514 quod
878 2474 1051 2514 stuprum
1080 2465 1235 2514 proprie
1265 2464 1386 2501 consi-

313 2521 375 2557 stit
402 2520 440 2557 in
469 2528 555 2557 actu
587 2532 757 2557 venereo
786 2532 863 2569 quo
891 2519 999 2567 virgo
1030 2519 1249 2556 defloratur.
1285 2518 1387 2554 Cum

314 2574 423 2622 igitur
451 2573 596 2610 luxuria
629 2573 782 2622 proprie
819 2572 864 2610 sit
892 2572 992 2609 circa
1020 2584 1207 2618 venerea,
1236 2571 1389 2608 videtur

315 2627 419 2676 quod
449 2635 623 2674 stuprum
653 2626 700 2663 sit
728 2625 873 2675 species
902 2625 1084 2663 luxuriae.

369 2682 597 2718 RESPONDEO
624 2691 809 2717 mcssNDuM
834 2679 939 2728 quod
967 2679 1032 2716 ubi
1061 2678 1159 2716 circa
1188 2677 1386 2715 materiam

315 2734 472 2771 alicuius
500 2734 580 2771 vitii
609 2733 772 2770 occurrit
800 2733 926 2781 aliqua
954 2732 1125 2781 specialis
1153 2731 1385 2778 deformitas,

315 2787 367 2824 ibi
387 2788 518 2824 -debet
554 2787 646 2836 poni
685 2786 934 2823 determinata
973 2785 1119 2834 species
1162 2785 1257 2822 illius
1293 2785 1386 2822 vitii.

317 2841 483 2878 Luxuria
511 2848 638 2878 autem
670 2847 726 2876 est
753 2847 958 2888 peccatum.
985 2839 1084 2876 circa
1112 2850 1278 2875 venerea
1313 2838 1387 2874 exi-

316 2902 437 2941 stens,
466 2902 509 2931 ut
537 2906 651 2943 supra
670 2893 691 2914 '¹‘
719 2893 862 2931 dictum
897 2900 963 2929 est.
1003 2894 1045 2929 In
1072 2891 1218 2939 virgine
1256 2899 1386 2928 autem

317 2949 388 2985 sub
408 2947 580 2985 custodia
599 2946 715 2996 patris
745 2946 923 2983 existente
944 2945 1135 2994 quaedam
1165 2944 1387 2982 deformitas

1439 1289 1567 1325 venire
1587 1288 1758 1334 inimicis.
1790 1288 1838 1324 Et
1856 1287 1943 1324 ideo
1964 1287 2207 1324 manifestum
2231 1295 2285 1324 est
2305 1289 2409 1336 quod
2435 1298 2509 1325 stu-

1440 1354 1564 1390 prum,
1590 1341 1696 1390 quod
1725 1341 1905 1389 importat
1933 1340 2098 1377 illicitam
2127 1340 2317 1389 virginum
2348 1341 2510 1378 deflora-

1439 1395 1583 1432 tionem
1618 1395 1689 1431 sub
1719 1406 1808 1431 cura
1837 1402 2041 1442 parentum
2071 1393 2332 1441 existentium,
2363 1403 2418 1431 est
2448 1396 2511 1432 de-

1439 1448 1640 1485 terminate
1660 1453 1675 1475 Υ
1705 1447 1874 1484 luxuriae
1903 1447 2062 1496 species.

1492 1504 1550 1539 An
1571 1513 1709 1539 Primum
1729 1512 1828 1538 ERGO
1849 1512 2034 1538 montinum
2064 1500 2181 1549 quod,
2203 1501 2380 1549 quamvis
2403 1501 2511 1549 virgo

1439 1555 1484 1592 sit
1521 1556 1644 1592 soluta
1678 1567 1700 1592 a
1727 1554 1882 1591 vinculo
1922 1553 2191 1591 matrimoniali
2211 1552 2236 1601 ὅ,
2267 1566 2345 1591 non
2383 1562 2513 1592 tamen

1440 1617 1496 1646 est
1523 1609 1648 1646 soluta
1676 1621 1698 1645 a
1726 1608 1846 1657 patria
1884 1615 2082 1657 potestate.
2122 1608 2249 1644 Habet
2287 1607 2400 1645 etiam
2430 1621 2513 1657 spe·
2542 1614 2545 1617 '

1440 1663 1532 1699 ciale
1562 1662 1882 1711 impedimentum
1916 1661 2107 1698 fornicarii
2143 1661 2367 1698 concubitus
2402 1662 2514 1710 virgi—

1439 1716 1564 1753 nitatis
1593 1716 1761 1764 signum,
1792 1715 1897 1764 quod
1926 1727 2005 1752 non
2039 1715 2154 1751 debet
2181 1715 2251 1751 nisi
2290 1727 2359 1763 per
2387 1715 2514 1752 matri-

1439 1770 1613 1806 monium
1635 1768 1784 1806 auferri.
1806 1769 1918 1806 Unde
1941 1776 2114 1817 stuprum
2136 1780 2215 1805 non
2240 1775 2296 1804 est
2316 1769 2513 1805 fornicatio

1441 1823 1613 1873 simplex,
1636 1822 1704 1859 sed
1734 1821 1960 1859 concubitus
1981 1823 2047 1870 qui
2052 1823 2107 1869 fit
2129 1833 2214 1858 cum
2243 1822 2512 1868 meretricibus,

1441 1877 1538 1914 idest
1565 1875 1788 1913 mulieribus
1809 1875 1885 1912 iam
1907 1875 2108 1924 corruptis:
2131 1882 2172 1912 ut
2190 1883 2293 1924 patet
2312 1887 2380 1924 per
2404 1876 2513 1913 Glos-

1440 1942 1522 1967 sam
1543 1929 1575 1976 '¹‘,
1597 1931 1627 1966 ΙΙ
1649 1930 1701 1966 ad
1723 1930 1811 1966 Cor.
1833 1941 1894 1975 x11,
1915 1941 2030 1977 super
2049 1928 2140 1966 illud
2154 1927 2206 1976 *ᾖ
2232 1929 2306 1970 Qui
2323 1941 2398 1966 non
2428 1941 2514 1979 ege-

1440 1989 1529 2020 runt
1554 1983 1824 2031 poenitentiam
1858 1994 1971 2031 super
2006 1982 2243 2019 immunditia
2281 1988 2318 2018 et
2336 1984 2514 2030 fornica—

1440 2038 1540 2074 tione
1568 2044 1637 2073 etc.

1494 2093 1553 2128 AD
1573 2101 1763 2127 SECUNDUM
1785 2100 1970 2125 mcuNDuM
1995 2088 2100 2136 quod
2121 2088 2348 2125 Ambrosius
2374 2088 2423 2125 ibi
2451 2089 2514 2125 ali-

1441 2152 1497 2180 ter
1534 2143 1670 2191 accipit
1707 2151 1904 2191 stuprum,
1933 2149 2048 2190 prout
2082 2141 2223 2178 scilicet
2259 2142 2516 2179 communiter

1441 2197 1603 2233 sumitur
1631 2209 1701 2245 pro
1740 2195 1847 2232 omni
1876 2202 2034 2244 peccato
2073 2195 2253 2231 luxuriae.
2290 2195 2401 2232 Unde
2440 2204 2515 2232 stu—

1441 2262 1552 2299 prum
1583 2249 1634 2286 ibi
1654 2249 1828 2286 nominat
1849 2248 2095 2285 concubitum
2115 2248 2186 2284 viri
2207 2248 2395 2296 coniugati
2427 2261 2514 2285 cum

1442 2315 1688 2351 quacumque
1717 2302 1789 2339 alia
1819 2302 1979 2339 muliere
2007 2309 2158 2350 praeter
2184 2313 2359 2338 uxorem.
2397 2303 2516 2349 Quod

1441 2364 1545 2406 patet
1574 2368 1619 2393 ex
1645 2357 1720 2393 hoc
1749 2355 1854 2405 quod
1885 2354 2032 2392 subdit:
2068 2355 2153 2392 Nec
2181 2355 2264 2391 viro
2298 2355 2381 2392 licet
2417 2357 2518 2404 quod

1442 2410 1594 2447 mulieri
1620 2422 1694 2446 non
1725 2410 1818 2446 licet.
1854 2410 1903 2446 Et
1930 2409 2006 2445 hoc
2034 2408 2153 2446 modo
2184 2408 2297 2445 etiam
2335 2408 2517 2458 accipitur

1440 2465 1561 2502 Num.
1583 2475 1606 2500 v
1625 2462 1656 2510 ²¹²,
1687 2463 1752 2500 ubi
1783 2462 1938 2500 dicitur:
1969 2463 2010 2499 Si
2028 2462 2117 2499 latet
2142 2462 2382 2509 adulterium,
2403 2468 2440 2499 et
2465 2469 2514 2499 te-

1440 2518 1554 2555 stibus
1583 2518 1700 2566 argui
1727 2529 1802 2554 non
1828 2522 1959 2564 potest,
1989 2516 2077 2564 quia
2107 2528 2182 2552 non
2211 2521 2266 2552 est
2297 2516 2447 2553 inventa
2476 2517 2513 2552 in

1440 2577 1583 2620 stupro,
1614 2578 1683 2607 etc.
1986 2568 1988 2570 ’

1496 2627 1555 2661 AD
1575 2635 1738 2667 TERTluM
1755 2633 1939 2660 mcENDuM
1960 2622 2065 2670 quod
2086 2621 2175 2658 nihil
2194 2621 2374 2670 prohibet
2391 2634 2513 2658 unum

1442 2685 1642 2726 peccatum
1674 2689 1719 2713 ex
1747 2675 1991 2714 adiunctione
2012 2675 2164 2711 alterius
2186 2674 2391 2711 deformius
2418 2675 2512 2712 fieri.

1442 2732 1502 2768 Fit
1529 2739 1656 2768 autem
1688 2729 1898 2767 deformius
1927 2736 2126 2777 peccatum
2158 2727 2327 2764 luxuriae
2356 2741 2400 2764 ex
2426 2741 2513 2776 pec-

1443 2793 1527 2822 cato
1557 2783 1775 2821 iniustitiae:
1806 2782 1895 2831 quia
1922 2782 2074 2819 videtur
2094 2781 2400 2830 concupiscentia
2431 2794 2512 2818 esse

1441 2837 1692 2875 inordinatior
1707 2849 1805 2886 quae
1827 2848 1848 2872 a
1868 2835 2079 2873 delectabili
2101 2847 2178 2871 non
2199 2835 2362 2871 abstinet
2390 2842 2430 2871 ut
2459 2835 2512 2871 in-

1442 2891 1577 2928 iuriam
1597 2891 1699 2927 vitet.
1731 2890 1859 2926 Habet
1878 2896 2007 2926 autem
2029 2888 2219 2937 duplicem
2242 2888 2417 2925 iniuriam
2447 2901 2513 2925 an-

1442 2957 1593 2982 nexam.
1633 2944 1759 2981 Unam
1789 2942 1944 2991 quidem
1976 2955 2021 2979 ex
2048 2949 2154 2990 parte
2183 2941 2356 2989 virginis:
2396 2954 2512 2990 quam

317 3001 489 3050 specialis
517 3000 681 3038 occurrit
709 3000 738 3037 si
769 3007 1046 3048 corrumpatur.
1077 2999 1182 3035 Tum
1209 3010 1254 3034 ex
1281 3005 1386 3046 parte
1414 2993 1416 3053 ᾖ
1443 2998 1511 3035 etsi
1545 3010 1623 3034 non
1652 2997 1690 3034 vi
1729 3004 1969 3044 corrumpat,
1998 3003 2127 3033 tamen
2162 3007 2247 3031 eam
2282 2995 2439 3039 seducit3
2478 3003 2514 3032 et

316 3055 476 3104 puellae,
494 3067 605 3103 quae,
623 3066 669 3091 ex
683 3055 758 3090 hoc
778 3054 883 3102 quod
903 3053 1077 3099 violatur,
1095 3052 1196 3089 nulla
1211 3051 1387 3100 pactione

318 3108 505 3156 coniugali
533 3107 798 3157 praecedente,
825 3106 1030 3156 impeditur
1058 3118 1080 3142 a
1109 3105 1276 3154 legitimo
1306 3117 1386 3141 ma-

318 3160 498 3198 trimonio
527 3161 822 3210 consequendo,
855 3168 890 3197 et
918 3160 1072 3209 ponitur
1109 3159 1147 3195 in
1175 3158 1239 3195 via
1265 3169 1387 3194 mere·
1415 3169 1417 3205 ;

318 3213 490 3257 tricandi,
518 3227 541 3251 a
568 3227 645 3264 quo
675 3215 934 3252 retrahebatur
967 3226 1014 3250 ne
1044 3212 1281 3260 signaculum
1314 3211 1388 3247 vir·
1415 3245 1417 3255 ἶ

319 3267 482 3315 ginitatis
501 3267 699 3306 amitteret.
725 3268 830 3305 Tum
851 3268 965 3305 etiam
986 3279 1031 3303 ex
1050 3273 1156 3315 parte
1177 3264 1303 3314 patris,
1325 3264 1390 3313 qui
1415 3271 1417 3312 ξ

321 3321 368 3357 de
398 3320 478 3357 eius
507 3321 678 3358 custodia
705 3321 998 3358 sollicitudinem
1027 3319 1141 3368 gerit:
1176 3318 1388 3355 secundum

1443 3051 1496 3088 sic
1519 3058 1669 3087 tenetur
1689 3051 1722 3086 ei
1738 3050 1962 3086 satisfacere.
1984 3049 2096 3086 Unde
2112 3048 2247 3086 dicitur
2260 3049 2383 3084 Exod.
2397 3049 2510 3085 xxu*:

1443 3105 1484 3141 Si
1510 3104 1701 3141 seduxerit
1728 3104 1810 3152 quis
1837 3103 2025 3153 virginem
2046 3102 2212 3139 nondum
2237 3102 2511 3150 desponsatam,

1443 3157 1710 3205 dormieritque
1734 3169 1819 3193 cum
1840 3168 1897 3203 ea,
1918 3156 2059 3193 dotabit
2076 3167 2172 3200 eam,
2198 3160 2233 3191 et
2251 3155 2400 3191 habehit
2418 3167 2513 3192 uxo-

1443 3223 1536 3247 rem.
1566 3211 1608 3246 Si
1634 3216 1759 3247 autem
1781 3215 1894 3258 pater
1921 3209 2081 3258 virginis
2109 3210 2201 3245 dare
2229 3208 2400 3254 noluerit,
2430 3209 2512 3246 red-

1443 3265 1504 3301 det
1525 3264 1728 3312 pecuniam
1758 3263 1864 3300 iuxta
1893 3263 2046 3299 modum
2080 3262 2174 3298 dotis
2201 3273 2316 3310 quam
2344 3263 2514 3312 virgines

1443 3318 1614 3365 accipere
1632 3322 1916 3353 consueverunt.
1937 3336 1963 3344 -
1981 3315 2106 3352 Aliam
2120 3327 2214 3351 vero
2231 3314 2407 3352 iniuriam
2427 3316 2513 3352 facit

320 3374 411 3410 illud
438 3373 554 3410 Eccli.
583 3373 708 3410 xL11*:
738 3375 860 3423 Super
876 3375 1004 3422 filiam
1034 3373 1272 3410 luxuriosam
1301 3383 1388 3408 con·
1416 3408 1417 3411 ,
1443 3370 1539 3420 patri
1559 3371 1719 3419 puellae.
1748 3369 1859 3406 Unde
1881 3377 1916 3405 et
1936 3369 1969 3405 ei
1990 3368 2202 3405 secundum
2223 3369 2344 3416 legem
2365 3376 2514 3406 tenetur

312 3428 433 3475 firma
453 3427 671 3474 custodiam,
688 3428 886 3475 nequando
893 3428 1024 3476 faciat
1041 3433 1076 3464 te
1090 3427 1127 3463 in
1143 3425 1388 3474 opprobrium
1416 3437 1418 3463 ὲ

375 3543 402 3572 α)
423 3542 580 3566 divisarum.
593 3554 612 3560 -
631 3541 798 3566 diversarum
818 3541 948 3571 PDHIKa,
967 3550 1020 3566 om.
1041 3542 1076 3572 L;
1096 3542 1119 3566 G
1138 3546 1166 3565 ut
1186 3549 1244 3565 nos.

376 3577 400 3609 β)
421 3584 496 3602 suam
517 3576 654 3601 iniuriam.
666 3589 685 3594 -
703 3576 830 3600 iniuriam
849 3583 925 3601 suam
944 3577 962 3605 I,
981 3584 1058 3601 suum
1078 3577 1206 3602 iniuriam
1228 3576 1275 3600 Pa.

375 3613 401 3646 γ)
422 3613 606 3637 determinate.
619 3625 638 3631 ·-
657 3611 836 3636 determinata
855 3611 993 3636 PHILsCE
1013 3616 1038 3636 et
1056 3620 1081 3636 a.

1445 3424 1494 3461 ad
1522 3435 1701 3472 poenam.
1738 3422 1884 3459 Dicitur
1913 3422 2014 3459 enim
2043 3423 2154 3459 Deut.
2184 3421 2310 3458 xx11*:
2345 3423 2387 3459 Si
2413 3423 2513 3459 inve-

1495 3538 1519 3570 ὂ)
1541 3538 1745 3563 matrimoniali.
1758 3551 1775 3556 -
1795 3537 1962 3562 matrimonii
1976 3537 2007 3566 P;
2021 3544 2038 3560 a
2051 3536 2183 3561 vinculo...
2197 3537 2286 3561 soluta
2299 3544 2352 3561 om.
2366 3536 2407 3568 pG
2422 3541 2447 3560 et
2459 3543 2513 3560 a.-

1442 3575 1492 3599 Pro
1507 3574 1611 3606 patria,
1628 3573 1719 3606 patris
1739 3573 1790 3602 Pa;
1810 3581 1857 3605 pro
1876 3573 1966 3602 etiam,
1987 3575 2075 3596 tamen
2095 3572 2136 3596 ed.
2155 3579 2180 3596 Δ.

2542 1937 2551 1946 ’
2575 1935 2676 1957 lutei-liu.
2705 1940 2727 1957 et

2541 1962 2625 1983 Lomb.

2541 1990 2562 2000 ⁸*
2576 1988 2643 2011 Vers.
2658 1993 2689 2010 21:

2544 2474 2553 2483 ⁸
2568 2472 2634 2495 Vers.
2651 2479 2678 2501 ¹3*

2541 3055 2550 3062 ·
2566 3049 2631 3071 Vers.
2648 3050 2679 3077 16,
2695 3056 2726 3076 17.

2542 3432 2548 3438 ⁴
2565 3429 2630 3450 Vers.
2646 3429 2680 3453 28,
2696 3435 2730 3456 29.
