2768 4198
71 868 81 876 ”
96 863 132 885 Cf.

71 889 158 913 Introd.

67 1490 77 1500 ⁸
84 1489 137 1511 Vid.
147 1489 278 1511 Comment.

67 1516 137 1538 Caiet.
148 1519 201 1544 post
210 1519 252 1538 art.
258 1522 278 1538 2.

66 2562 75 2571 ⁸
89 2561 126 2582 De
139 2560 196 2582 Fide
207 2560 276 2582 Orth.

64 2587 104 2608 lib.
119 2587 147 2614 11,
161 2593 210 2615 cap.
222 2593 276 2608 xxx.

64 2667 75 2678 ⁸
89 2666 155 2688 Vers.
170 2672 190 2688 π.

66 2774 75 2783 ’·
90 2772 147 2795 Ord.
158 2776 179 2794 et
193 2772 276 2795 Lomb.

166 3089 219 3131 '2¹¹2
235 3095 277 3131 ,ς’
304 3084 424 3120 Ethz'c.
452 3082 472 3104 ’¹‘
510 3082 668 3119 Confert
697 3089 826 3118 autem
856 3079 1165 3129 unumquodque
1193 3080 1243 3116 ad
1272 3078 1310 3116 id
1338 3078 1377 3115 in
1402 3091 1403 3098 ¹

151 869 188 891 qu.
209 868 284 891 cum,

314 312 390 347 402

981 298 1248 344 QUAESTIO
1279 298 1470 345 CLXXV,
1501 300 1799 338 ART1CULUS
1830 302 1843 337 1

460 526 873 605 QUAESTIO
914 526 2362 607 CENTESIMASEPTUAGESIMAQUINTA

1189 646 1230 685 D
1256 646 1294 685 E
1342 646 1382 685 R
1406 646 1447 686 A
1469 646 1503 686 P
1527 647 1566 686 T
1590 646 1631 687 U

1154 761 1188 786 ΙΝ
1218 761 1284 786 SEX
1312 761 1518 786 ARTICULOS
1546 762 1664 787 DlVlSA

395 861 502 886 EtNDE
532 847 855 886 considerandum
887 854 942 883 est
971 845 1018 883 de
1049 853 1159 895 raptu
1179 847 1211 882 *.

395 904 443 939 Et
471 902 568 939 circa
597 903 672 938 hoc
701 907 940 949 quaeruntur
968 912 1045 936 sex.

363 956 514 992 Primo:
544 962 673 992 utrum
702 954 832 991 anima
859 953 1028 990 hominis
1057 953 1224 1002 rapiatur
1247 952 1296 989 ad
1327 951 1381 989 di-

415 1022 518 1046 vina.

362 1062 562 1099 Secundo:
598 1070 725 1099 utrum
757 1068 886 1110 raptus
915 1060 1101 1109 pertineat
1130 1060 1177 1096 ad
1206 1059 1288 1096 vim
1318 1071 1381 1095 co-
1407 1087 1408 1114 3

414 1115 668 1164 gnoscitivam
698 1116 760 1152 vel
790 1114 1052 1163 appetitivam.

1487 846 1642 906 Tertio:
1672 855 1801 884 utrum
1830 848 1974 885 Paulus
2001 848 2044 885 in-
2070 857 2180 899 raptu
2198 850 2337 888 viderit
2358 852 2431 889 Dei
2452 865 2509 889 es-

1543 908 1718 938 sennam.
2120 905 2123 907 ’

1489 953 1660 1000 Quarto:
1689 961 1818 991 utrum
1847 954 1958 991 fuerit
1986 954 2169 992 alienatus
2198 968 2221 993 a
2249 954 2436 994 sensibus.

1488 1006 1655 1053 Quinto:
1685 1015 1814 1044 utrum
1842 1007 2005 1045 totaliter
2025 1009 2136 1046 fuerit
2156 1009 2285 1047 anima
2306 1022 2328 1047 a
2349 1023 2509 1060 corpore

1544 1068 1719 1110 separata
1747 1061 1786 1098 in
1815 1069 1913 1098 statu
1942 1061 2016 1099 illo.

1491 1113 1628 1151 Sexto:
1659 1114 1751 1164 quid
1772 1114 1871 1152 circa
1890 1115 1966 1152 hoc
1986 1115 2106 1163 scivit,
2133 1123 2168 1152 et
2191 1116 2286 1164 quid
2308 1115 2508 1164 ignoravit.

1131 1221 1453 1264 ARTICULUS
1485 1222 1692 1266 PRIMUS

896 1317 1053 1348 UTRUM
1077 1316 1217 1346 ANIMA
1241 1315 1422 1347 HOMiNis
1446 1317 1667 1348 RAPIATUR
1691 1318 1749 1348 AD
1774 1318 1924 1350 DIVINA

869 1397 910 1422 De
935 1396 1025 1426 verit„
1045 1403 1090 1429 qu.
1110 1403 1164 1425 ¹111,
1183 1401 1231 1421 art.
1256 1403 1282 1426 1;
1304 1400 1351 1422 art.
1373 1403 1397 1426 2,
1417 1396 1449 1421 ad
1468 1404 1499 1430 9;
1520 1397 1540 1421 ll
1558 1397 1597 1422 ad
1618 1397 1688 1426 Cor„
1709 1406 1765 1431 cap.
1784 1405 1828 1430 ιιι,
1849 1399 1907 1424 lect.
1927 1406 1944 1424 1.
2008 1403 2025 1411 ‘

337 1497 401 1541 ἢ»
421 1501 494 1550 W(
518 1493 540 1518 D
561 1491 699 1517 ptumum
719 1490 772 1516 sm
793 1489 1026 1515 PROCEDITUR
1040 1477 1071 1514 ²¹³.
1092 1476 1254 1514 Videtur
1273 1477 1376 1525 quod

330 1515 497 1596 ’ζ’,ΰῐῖιιη
520 1533 648 1570 anima
676 1531 843 1570 hominis
872 1544 951 1568 non
972 1531 1139 1579 rapiatur
1161 1530 1210 1567 ad
1235 1530 1377 1568 divina.

323 1589 436 1647 '‘ffuw
455 1574 486 1634 ἦ
501 1587 709 1624 Definitur
729 1585 831 1622 enim
852 1597 874 1621 a
895 1584 1129 1633 quibusdam
1150 1591 1298 1632 raptus:
1318 1584 1379 1620 Ab

305 1695 407 1744 quod
421 1688 491 1732 *est
515 1706 632 1743 supra
669 1699 868 1738 naturam,
899 1692 939 1728 vi
969 1691 1175 1739 superioris
1217 1696 1379 1727 naturae

305 1749 473 1785 elevatio.
504 1749 573 1784 Est
601 1754 729 1784 autem
760 1745 974 1783 secundum
1005 1753 1180 1781 naturam
1209 1743 1378 1780 hominis

304 1810 346 1838 ut
373 1803 422 1838 ad
451 1801 581 1838 divina
610 1802 799 1837 elevetur:
831 1798 918 1835 dicit
948 1797 1049 1834 enim
1069 1797 1318 1845 Augustinus,
1340 1796 1378 1833 in
1403 1796 1405 1819 ⁸

305 1857 317 1891 l
345 1855 510 1903 Confess.
527 1854 565 1890 *z
585 1853 723 1890 Fecisti
741 1864 819 1898 nos,
840 1851 1017 1896 Domine,
1038 1851 1090 1887 ad
1107 1856 1161 1887 te:
1181 1857 1218 1887 et
1235 1851 1376 1899 inquie-
1403 1872 1404 1899 ξ

303 1914 381 1944 tum
410 1913 466 1944 est
491 1919 558 1944 cor
586 1912 755 1957 nostrum
784 1906 903 1942 donec
923 1904 1131 1953 requiescat
1150 1904 1186 1940 in
1208 1910 1252 1940 te.
1284 1904 1376 1940 Non
1402 1904 1404 1950 ξ

304 1974 393 2009 ergo
423 1961 591 1998 hominis
621 1960 750 1997 anima
779 1958 922 2008 rapitur
950 1957 998 1994 ad
1029 1957 1169 1994 divina.

358 2027 392 2051 2.
414 2015 657 2060 PRAETEREA,
679 2011 888 2061 Dionysius
913 2010 1011 2058 dicit,
1033 2023 1097 2048 vm
1118 2023 1200 2060 cap.
1221 2010 1268 2047 de
1286 2010 1374 2047 Div.

257 2084 275 2094 ··
302 2069 420 2106 Nom.
440 2068 471 2115 ²¹⁸,
502 2069 605 2117 quod
626 2067 763 2104 iustitia
784 2066 859 2102 Dei
881 2067 918 2102 in
943 2066 1015 2102 hoc
1033 2065 1246 2110 attenditur,
1276 2063 1379 2112 quod

303 2122 476 2159 omnibus
505 2123 616 2158 rebus
644 2120 830 2158 distribuit
855 2118 1061 2156 secundum
1088 2130 1199 2155 suum
1220 2117 1375 2154 modum
1401 2125 1403 2137 ⁴

302 2182 338 2212 et
363 2175 596 2225 dignitatem.
627 2175 704 2212 Sed
735 2173 839 2222 quod
870 2171 1004 2220 aliquis
1025 2177 1043 2193 ²
1072 2173 1241 2210 elevetur
1260 2183 1376 2220 supra
1401 2177 1403 2215 l

302 2229 340 2267 id
371 2229 476 2278 quod
506 2236 561 2266 est
589 2227 803 2265 secundum
825 2234 1014 2272 naturam,
1037 2237 1116 2262 non
1145 2225 1308 2274 pertinet
1327 2224 1374 2262 ad

303 2283 465 2319 modum
504 2281 671 2319 hominis
707 2281 770 2318 vel
809 2279 1042 2328 dignitatem.
1082 2279 1186 2327 Ergo
1224 2277 1377 2314 videtur

304 2337 409 2384 quod
443 2348 521 2372 non
552 2335 719 2383 rapiatur
747 2345 857 2370 mens
885 2332 1054 2369 hominis
1083 2344 1106 2368 a
1135 2333 1221 2368 Deo
1250 2331 1289 2368 in
1323 2330 1376 2368 di-

302 2401 405 2427 vina.

358 2443 393 2479 3.
420 2443 654 2488 PRAETEREA,
685 2448 814 2489 raptus
844 2438 1039 2486 quandam
1059 2437 1284 2474 violentiam
1306 2437 1375 2473 im—

303 2503 439 2544 portat.
480 2495 557 2532 Sed
586 2495 691 2531 Deus
727 2505 805 2531 non
835 2492 928 2540 regit
955 2504 1026 2529 nos
1055 2503 1124 2541 per
1150 2490 1375 2528 violentiam
1402 2528 1403 2539 χ

305 2558 340 2586 et
360 2556 502 2595 coacte,
523 2556 565 2585 ut
586 2549 851 2584 Damascenus
873 2545 960 2583 dicit
978 2545 1009 2582 ²¹².
1041 2546 1134 2582 Non
1154 2557 1243 2593 ergo
1265 2556 1375 2581 mens
1402 2542 1403 2559 *

1401 2610 1501 2639 'tur.
1535 2622 1560 2630 -
1594 2601 1775 2639 Secundo
1813 2601 1954 2649 modo,
1993 2613 2038 2638 ex
2069 2601 2208 2639 virtute
2243 2602 2503 2641 daemonum:

359 2657 434 2692 SED
463 2666 610 2692 CONTRA
642 2665 709 2691 EST
736 2652 863 2702 quod,
895 2653 926 2689 II
953 2653 1005 2689 ad
1031 2652 1118 2688 Cor.
1146 2663 1194 2688 xn
1217 2650 1255 2698 ²⁸,
1287 2649 1376 2687 dicit
1401 2669 1403 2674 .

1401 2734 1403 2758 3
1428 2709 1531 2747 vina.
1562 2710 1611 2746 Et
1639 2708 1692 2745 sic
1721 2708 1916 2757 loquimur
1935 2721 2037 2746 nunc
2062 2708 2110 2746 de
2131 2715 2261 2758 raptu:
2290 2715 2406 2758 prout
2434 2708 2504 2746 sci-

304 2775 376 2812 que
403 2763 455 2800 ad
480 2762 630 2799 tertium
659 2760 827 2798 caelum:
865 2759 931 2796 ubi
967 2758 1055 2797 dicit
1084 2759 1223 2796 Glossa
1241 2757 1281 2793 *t
1312 2769 1374 2793 ra·
1401 2791 1403 2809 ἰ

1402 2812 1403 2846 f
1429 2815 1695 2866 pernaturalia,
1718 2827 1808 2852 cum
1828 2815 2083 2853 abstractione
2104 2828 2126 2852 a
2146 2814 2343 2862 sensibus;
2368 2827 2502 2853 secun-

358 2871 585 2907 RESPONDEO
623 2880 809 2905 DtCENDUM
842 2866 947 2914 quod
986 2874 1115 2915 raptus
1152 2865 1374 2902 violentiam
1402 2863 1403 2888 ἱ

304 2602 470 2640 hominis
499 2601 642 2650 rapitur
669 2600 719 2638 ad
748 2599 888 2638 divina.

304 2709 532 2759 Apostolus:
564 2708 648 2745 Scio
677 2707 867 2744 hominem
897 2706 934 2742 in
960 2705 1106 2743 Christo
1134 2709 1285 2753 raptum
1316 2715 1374 2740 us-

299 2823 419 2866 ptum,
450 2816 552 2861 idest,
581 2820 713 2852 contra
742 2820 921 2851 naturam
950 2813 1148 2850 elevatum.

305 2924 501 2972 quandam
534 2922 735 2970 importat,
766 2929 806 2958 ut
836 2920 980 2957 dictum
1011 2927 1067 2956 est
1085 2919 1116 2956 *.
1163 2918 1374 2956 Violentum

305 2985 434 3014 autem
474 2975 629 3022 dicitur,
666 2975 772 3012 cuius
803 2973 1036 3023 principium
1071 2978 1126 3009 est
1158 2977 1287 3018 extra,
1325 2972 1377 3008 nil

305 3031 520 3078 conserente
548 3041 591 3065 eo
621 3027 718 3077 quie
746 3028 822 3065 vim
847 3027 1010 3076 patitur.-
1041 3034 1081 3062 ut
1110 3025 1245 3063 dicitur
1267 3025 1305 3062 in
1327 3026 1374 3061 ΙΙΙ

305 3137 411 3186 quod
440 3135 559 3173 tendit
593 3134 807 3172 secundum
840 3133 1037 3183 propriam
1071 3132 1375 3179 inclinationem,

304 3191 366 3227 vel
395 3188 651 3227 voluntariam
680 3189 743 3225 vel
772 3188 997 3225 naturalem.
1032 3187 1081 3223 Et
1108 3186 1195 3223 ideo
1226 3192 1378 3235 oportet

306 3244 411 3292 quod
439 3243 499 3280 ille
529 3242 593 3291 qui
623 3241 766 3291 rapitur
787 3242 835 3278 ab
858 3240 985 3289 aliquo
1007 3239 1191 3286 exteriori,
1212 3239 1378 3288 rapiatur

307 3295 345 3332 in
375 3296 516 3344 aliquid
544 3296 649 3344 quod
671 3302 726 3332 est
746 3294 941 3332 diversum
962 3294 1010 3330 ab
1032 3306 1077 3330 eo
1108 3293 1145 3330 in
1170 3293 1275 3342 quod
1296 3292 1376 3329 eius
1402 3297 1404 3312 '

308 3349 498 3386 inclinatio
527 3348 658 3386 tendit.
694 3348 805 3395 Quae
835 3348 993 3396 quidem
1024 3346 1223 3384 diversitas
1252 3353 1378 3395 potest

309 3402 448 3438 attendi
478 3402 686 3451 dupliciter.
721 3402 808 3439 Uno
838 3401 996 3450 quidem
1026 3401 1159 3448 modo,
1189 3407 1375 3447 quantum

309 3456 357 3492 ad
386 3455 503 3491 finem
533 3455 803 3492 inclinationis:
842 3462 933 3503 puta
961 3454 991 3491 si
1020 3454 1136 3502 lapis,
1167 3453 1231 3502 qui
1269 3460 1376 3490 natu—

362 3594 390 3625 α)
408 3593 512 3625 aliquis.
524 3606 543 3611 —
561 3593 664 3625 aliquid
682 3593 856 3623 ABCDIKLa,
876 3594 952 3618 aliud
970 3594 999 3619 F.

363 3627 388 3661 β)
407 3629 492 3661 qui.—
509 3628 580 3661 quod
600 3629 671 3653 ΡΗα.

362 1617 459 1684 ὲ
475 1635 562 1679 eo
591 1640 693 1689 quod
723 1645 775 1676 est
809 1638 1014 1675 secundum
1044 1643 1244 1683 naturam,
1274 1638 1311 1673 in
1341 1638 1380 1674 id
1404 1646 1405 1671 1

1432 1478 1559 1515 raliter
1586 1478 1788 1516 inclinatur
1815 1479 1864 1516 ad
1893 1480 1969 1516 hoc
1992 1479 2103 1529 ,quod
2132 1480 2274 1518 feratur
2302 1482 2507 1529 deorsum,

1431 1531 1652 1580 proiiciatur
1680 1544 1846 1570 sursum.
1876 1533 1963 1570 Alio
1984 1533 2117 1580 modo,
2148 1541 2335 1583 quantum
2355 1535 2404 1572 ad
2425 1547 2508 1572 mo-

1432 1586 1525 1622 dum
1555 1585 1758 1623 tendendi:
1788 1593 1880 1634 puta
1908 1586 1938 1623 si
1967 1587 2062 1636 lapis
2087 1587 2260 1624 velocius
2289 1588 2508 1637 proficiatur

1433 1638 1761 1688 deorsumquam
1791 1639 1838 1676 sit
1866 1647 1994 1677 motus
2025 1640 2105 1677 eius
2134 1642 2326 1678 naturalis.

1486 1692 1550 1729 Sic
1577 1692 1690 1740 igitur
1718 1701 1754 1730 et
1783 1692 1912 1730 anima
1938 1693 2107 1731 hominis
2127 1693 2263 1732 dicitur
2290 1694 2372 1744 rapi
2401 1694 2440 1732 in
2468 1694 2506 1744 id

1431 1746 1536 1793 quod
1557 1753 1613 1783 est
1627 1754 1778 1795 praeter
1796 1755 1983 1794 naturam,
1999 1759 2078 1784 uno
2100 1747 2233 1795 modo,
2249 1755 2436 1796 quantum
2456 1748 2506 1786 ad

1430 1799 1639 1836 terminum
1656 1807 1806 1848 raptus:
1831 1808 1924 1848 puta
1944 1801 2100 1850 quando
2117 1800 2262 1849 rapitur
2276 1801 2325 1838 ad
2344 1813 2504 1850 poenas,

1431 1853 1645 1890 secundum
1675 1852 1767 1890 illud
1795 1853 1940 1890 Psalmi
1958 1853 1999 1890 *ε
2029 1854 2092 1891 Ne
2120 1855 2272 1903 quando
2301 1855 2437 1904 rapiat,
2471 1861 2508 1893 et
2532 1862 2543 1874 ·

1431 1917 1506 1942 non
1525 1906 1574 1943 sit
1590 1907 1656 1954 qui
1673 1906 1818 1955 eripiat.
1841 1928 1864 1934 -
1880 1906 1966 1943 Alio
1987 1907 2120 1955 modo,
2137 1913 2322 1956 quantum
2353 1908 2402 1946 ad
2421 1920 2506 1946 mo-

1431 1959 1523 1996 dum
1551 1959 1702 1996 homini
1731 1959 2039 2008 connaturalem,
2070 1960 2136 2010 qui
2165 1968 2222 1997 est
2249 1968 2291 1998 ut
2322 1973 2392 2010 per
2420 1959 2515 2000 sen?

1430 2012 1553 2049 sibilia
1581 2012 1759 2061 intelligat
1786 2013 2000 2050 veritatem.
2030 2013 2080 2050 Et
2106 2013 2206 2062 ideo,
2236 2014 2392 2063 quando
2421 2015 2507 2052 abs-

1429 2066 1588 2103 trahitur
1616 2079 1639 2104 a
1658 2066 1895 2104 sensibilium
1915 2067 2235 2116 apprehensione,
2258 2067 2394 2106 dicitur
2412 2068 2505 2118 rapi,

1431 2120 1544 2158 etiam
1573 2120 1604 2156 si
1633 2121 1805 2157 elevetur
1833 2120 1883 2158 ad
1913 2132 1958 2158 ea
1991 2120 2040 2158 ad
2069 2133 2168 2170 quae
2197 2121 2419 2159 naturaliter
2446 2133 2506 2159 or-

1431 2174 1601 2211 dinatur:
1633 2174 1726 2211 dum
1756 2182 1886 2212 tamen
1914 2174 1990 2211 hoc
2010 2186 2090 2211 non
2110 2175 2178 2212 fiat
2206 2186 2252 2212 ex
2274 2174 2431 2226 propria
2451 2176 2506 2213 in·

1429 2227 1620 2274 tentione;
1651 2227 1747 2264 sicut
1774 2227 1912 2265 accidit
1939 2227 1978 2265 in
2007 2240 2161 2276 somno,
2191 2227 2258 2277 qui
2286 2236 2343 2266 est
2370 2240 2506 2267 secun-

1430 2281 1523 2318 dum
1553 2288 1752 2328 naturam,
1782 2281 1886 2319 unde
1922 2293 2001 2318 non
2037 2290 2163 2330 potest
2191 2281 2345 2332 proprie
2375 2289 2506 2332 raptus

1431 2334 1515 2372 dici.

1484 2387 1718 2424 Huiusmodi
1747 2394 1877 2424 autem
1906 2387 2127 2435 abstractio,
2157 2388 2207 2425 ad
2235 2400 2504 2439 quaecumque

1428 2441 1506 2488 fiat,
1523 2448 1648 2490 potest
1665 2453 1710 2477 ex
1724 2440 1859 2489 triplici
1875 2452 1991 2478 causa
2007 2440 2237 2489 contingere.
2259 2442 2347 2479 Uno
2369 2442 2502 2490 modo,

1430 2507 1475 2531 ex
1505 2507 1620 2532 causa
1641 2493 1845 2543 corporali:
1876 2494 1972 2532 sicut
2000 2501 2104 2544 patet
2122 2499 2138 2523 Υ
2167 2494 2205 2531 in
2233 2494 2291 2532 his
2321 2495 2386 2544 qui
2414 2507 2504 2544 pro-

1429 2557 1514 2598 pter
1548 2548 1717 2597 aliquam
1749 2547 2012 2585 infirmitatem
2045 2547 2316 2585 alienationem
2354 2549 2503 2598 patiun-

1430 2656 1526 2693 sicut
1553 2662 1656 2705 patet
1686 2654 1722 2692 in
1753 2654 1963 2703 arreptitiis.
1992 2675 2017 2683 -
2046 2654 2191 2702 Tertio,
2222 2666 2268 2691 ex
2286 2655 2426 2693 virtute
2450 2655 2504 2694 di-

1429 2763 1514 2800 licet
1543 2762 1678 2812 aliquis
1707 2761 1840 2811 spiritu
1869 2761 2001 2800 divino
2032 2762 2203 2799 elevatur
2226 2761 2276 2799 ad
2295 2761 2421 2812 aliqua
2441 2771 2502 2800 su·

1431 2871 1523 2908 dum
1552 2870 1643 2906 illud
1667 2869 1807 2906 Ezech.
1828 2869 1944 2906 V111*:
1975 2866 2162 2918 Spiritus-⁶
2191 2864 2351 2906 elwavit
2367 2880 2428 2906 me
2446 2869 2501 2906 in-

1430 2930 1486 2961 ter
1514 2930 1656 2960 terram
1685 2928 1719 2959 et
1747 2922 1916 2968 caelum,
1945 2929 1982 2959 et
2008 2922 2169 2960 adduxit
2194 2934 2255 2959 me
2283 2921 2320 2958 in
2349 2923 2502 2960 Ierusa-

1431 2978 1516 3023 lem,
1547 2978 1583 3014 in
1613 2976 1819 3013 visionibus
1847 2976 1931 3014 Dei.

1485 3030 1693 3067 Sciendum
1717 3037 1847 3066 tamen
1867 3029 1974 3078 quod
1995 3028 2076 3078 rapi
2103 3027 2339 3078 quandoque
2368 3027 2502 3066 dicitur

1430 3084 1563 3132 aliquis
1591 3096 1671 3121 non
1699 3083 1826 3120 solum
1854 3090 2011 3132 propter
2039 3081 2309 3130 alienationem
2339 3094 2361 3118 a
2384 3081 2501 3119 sensi-

1430 3139 1514 3186 bus,
1538 3138 1606 3175 sed
1637 3136 1750 3174 etiarn
1779 3143 1936 3186 propter
1954 3134 2225 3172 alienationem
2254 3135 2302 3171 ab
2331 3134 2390 3172 his
2419 3134 2501 3184 qui-

1431 3192 1502 3229 bus
1531 3190 1764 3237 intendebat,
1795 3189 1891 3226 sicut
1919 3200 2007 3226 curn
2037 3187 2172 3237 aliquis
2199 3187 2340 3237 patitur
2364 3200 2500 3237 evaga-

1430 3245 1574 3282 tionem
1600 3243 1737 3281 mentis
1766 3249 1916 3292 praeter
1942 3241 2198 3291 propositum.
2229 3241 2306 3279 Sed
2327 3242 2402 3279 hoc
2422 3253 2500 3279 non

1431 3298 1482 3336 ita
1510 3297 1664 3347 proprie
1695 3295 1840 3334 dicitur.

1484 3354 1543 3389 AD
1573 3362 1711 3388 ramum
1745 3359 1844 3386 ERGO
1873 3359 2062 3385 οιοεΝυυΜ
2097 3347 2203 3396 quod
2238 3348 2408 3385 naturale
2446 3355 2501 3386 est

1431 3404 1579 3442 homini
1612 3411 1652 3440 ut
1684 3402 1723 3439 in
1752 3401 1881 3438 divina
1909 3401 2038 3438 tendat
2075 3413 2144 3450 per
2171 3400 2405 3439 sensibilium
2435 3413 2500 3450 ap·

1430 3456 1748 3507 prehensionem:
1779 3454 1992 3491 secundum
2022 3454 2112 3491 illud
2131 3455 2244 3492 Rom.
2266 3466 2275 3491 1
2295 3453 2336 3491 *ε
2366 3454 2501 3491 Invisi-

1483 3590 1510 3622 γ)
1526 3591 1612 3621 patet.
1624 3601 1644 3608 -
1661 3588 1760 3614 accidit
1779 3587 1826 3614 Pa.

1483 3624 1507 3657 δ)
1529 3624 1687 3656 Spiritus.-
1705 3624 1767 3649 Om.
1787 3623 1914 3654 BCEFH;
1935 3631 1983 3657 pro
2002 3623 2156 3653 visionibus,
2174 3623 2275 3650 visione
2293 3624 2321 3649 P.

2530 2877 2656 2932 wa,

2528 3454 2620 3479 ‘Va-n.
2634 3461 2672 3479 so.
