2768 4198
79 1833 89 1843 ⁴
101 1833 152 1854 Art.
164 1840 181 1861 ι,
196 1832 225 1854 nd
238 1839 258 1862 3.

79 2100 88 2108 ⁸
108 2097 164 2120 Gen.
185 2104 235 2126 cap.
256 2103 287 2125 n,

77 2365 86 2375 ⁸
96 2364 174 2386 Gloss.
181 2362 238 2386 Ord.
247 2369 288 2385 su-

77 2397 118 2418 per
129 2390 185 2412 Gen.
198 2396 249 2418 eap-
260 2396 286 2416 n,

76 2423 135 2439 vers.
151 2417 172 2440 8.

79 2791 88 2801 ·
102 2790 168 2813 Vera.
182 2795 216 2812 π.

81 3056 133 3079 ⁸1³⁸.
147 3062 221 3084 ext-xv,
232 3063 290 3079 vern.

81 3480 91 3491 ⁴
108 3479 172 3502 vers.
188 3479 210 3502 8.

311 1945 413 1982 pane
431 1937 643 1969 vescuntur.
674 1932 766 1968 Non
795 1943 884 1979 ergo
909 1931 979 1968 ista
1000 1936 1017 1952 α
1036 1939 1123 1968 sunt
1152 1932 1384 1969 convenien-
1411 1930 1413 1968 ἓ
2508 1980 2509 1983 ¹

1411 2003 1413 2015 ε
1441 1984 1543 2030 dem,
1574 1990 1759 2032 quantum
1789 1983 1838 2020 ad
1866 1983 1941 2020 hoc
1969 1983 2076 2032 quod
2105 1984 2340 2022 subtractum
2370 1986 2440 2024 fuit
2457 1986 2512 2025 eis

320 292 394 329 336

1083 421 1399 463 ARTICULUS

978 288 1245 336 QUAESTIO
1275 285 1448 331 CLXIV,
1479 286 1777 324 ARTICULUS
1808 288 1838 323 ΙΙ

1430 420 1732 463 SECUNDUS

616 519 771 551 UTRUM
795 515 1137 548 CONVENIENTER
1159 513 1489 545 PARTICULARES
1513 513 1687 544 POENAE
1710 515 1942 546 PRIMORUM
1965 515 2207 546 PARENTUM

1055 558 1433 589 DETERMINENTUR
1457 558 1500 588 IN
1523 557 1767 588 SCRIPTURA

1210 637 1230 662 11
1250 637 1334 666 Sent„
1354 637 1414 662 dist.

440 741 479 761 w..
534 725 556 749 D
571 722 760 749 SECUNDUM
776 722 829 747 sm
843 720 1084 746 PROCEDrrUR.
1101 708 1260 745 Videtur
1279 708 1385 756 quod

463 758 511 811 ''²³''
533 763 844 801 inconvenienter
871 762 1113 811 particulares
1141 773 1291 810 poenae
1311 761 1385 810 pri-

534 829 685 854 morum
701 823 903 865 parentum
920 815 1218 852 determinentur
1233 814 1271 851 in
1288 814 1383 851 Scri-

489 862 521 906 &z
531 878 641 918 ptura
660 869 690 906 ²⁸.
730 870 821 906 Non
857 868 959 905 enim
994 868 1107 905 debet
1134 867 1315 915 assignari
1343 875 1384 904 ut

316 935 443 974 poena
471 923 615 972 peccati
644 922 683 959 id
712 922 817 971 quod
846 922 959 959 etiam
989 921 1068 958 sine
1089 928 1247 970 peccato
1272 929 1382 958 esset.

318 977 393 1014 Sed
427 976 535 1012 dolor
567 976 604 1012 in
636 975 823 1024 pariendo
852 983 969 1022 esset,
1000 982 1041 1012 ut
1068 974 1238 1020 videtur,
1269 974 1382 1011 etiam

316 1030 395 1067 sine
423 1037 600 1078 peccato:
631 1029 706 1065 hoc
735 1028 837 1065 enim
867 1028 1022 1077 requirit
1050 1027 1245 1077 dispositio
1275 1028 1383 1064 femi-

315 1083 376 1120 nei
405 1094 527 1130 sexus,
556 1090 598 1119 ut
625 1083 751 1131 proles
780 1082 883 1118 nasci
912 1094 991 1119 non
1010 1081 1130 1130 possit
1149 1080 1229 1118 sine
1251 1080 1383 1118 dolore

314 1135 505 1185 parientis.
550 1135 729 1172 Similiter
767 1135 880 1172 etiam
917 1135 1093 1172 subiectio
1130 1134 1298 1171 mulieris
1335 1135 1386 1171 ad

314 1190 439 1227 virum
478 1188 723 1237 consequitur
754 1188 1028 1237 perfectionem
1057 1187 1174 1224 virilis
1203 1200 1314 1224 sexus
1349 1196 1385 1224 et

315 1242 641 1291 imperfectionem
670 1241 876 1278 muliebris.
911 1241 1145 1278 Germinatio
1175 1241 1289 1278 etiam
1312 1241 1385 1289 spi·
1410 1239 1412 1277 ἒ

315 1308 453 1333 narum
482 1301 516 1332 et
543 1295 767 1332 tribulorum
796 1295 846 1332 ad
866 1302 1040 1332 naturam
1061 1302 1181 1332 terrae
1210 1294 1383 1343 pertinet,

316 1361 414 1398 quae
453 1349 582 1385 fuisset
618 1348 731 1385 etiam
759 1348 838 1385 sine
866 1356 1037 1397 peccato.
1074 1348 1166 1384 Non
1196 1359 1285 1395 ergo
1315 1348 1383 1384 hu·
1410 1371 1412 1400 !

315 1402 480 1439 iusmodi
501 1409 588 1438 sunt
607 1401 878 1438 convenientes
905 1413 1054 1450 poenae
1083 1401 1196 1450 primi
1225 1401 1382 1449 peccati.

371 1467 405 1492 2.
422 1456 657 1502 PRAETEREA,
677 1455 769 1492 illud
789 1455 894 1503 quod
916 1454 1079 1503 pertinet
1097 1454 1146 1491 ad
1166 1454 1383 1501 dignitatern
1410 1482 1412 1485 .

316 1508 485 1555 alicuius,
516 1521 593 1545 non
621 1508 773 1546 videtur
801 1509 849 1545 ad
877 1520 1045 1556 poenam
1076 1507 1155 1544 eius
1183 1507 1382 1556 pertinere.
1411 1551 1412 1554 Ἰ

317 1561 394 1599 Sed
414 1561 670 1610 multiplicatio
690 1567 887 1610 conceptus
914 1561 1075 1610 pertinet
1094 1561 1143 1598 ad
1164 1560 1383 1608 dignitatem
1410 1559 1412 1603 ζ

316 1614 495 1652 mulieris.
536 1615 638 1662 Ergo
677 1627 755 1651 non
794 1615 907 1651 debet
943 1614 1036 1663 poni
1073 1613 1182 1663 quasi
1217 1614 1384 1651 mulieris

317 1680 455 1718 poena.

373 1722 407 1758 3.
431 1721 664 1766 PRAETEREA,
693 1732 819 1768 poena
846 1719 991 1768 peccati
1014 1720 1228 1768 primorum
1249 1732 1384 1768 paren-

317 1782 397 1811 tum
428 1774 476 1811 ad
501 1785 636 1810 omnes
665 1773 878 1810 derivatur:
909 1772 1003 1808 sicut
1023 1772 1069 1809 de
1088 1780 1212 1809 morte
1242 1773 1384 1809 dictum

318 1835 373 1864 est
391 1827 422 1863 ²¹².
454 1827 531 1863 Sed
559 1838 636 1862 non
667 1826 840 1862 omnium
860 1825 1063 1861 mulierum
1090 1825 1385 1874 multiplicantur
1411 1822 1413 1839 ²

316 1885 528 1927 conceptus,
565 1891 636 1915 nec
665 1891 802 1915 omnes
829 1878 900 1915 viri
933 1878 970 1914 in
1003 1879 1141 1915 sudore
1172 1878 1295 1915 vultus
1327 1880 1388 1915 sui
1411 1915 1413 1922 s

315 1994 370 2023 tes
398 1997 548 2035 poenae
576 1984 689 2033 primi
716 1984 873 2033 peccati.

367 2051 404 2086 4.
426 2040 661 2084 PRAETEREA,
687 2037 793 2074 locus
813 2036 982 2074 Paradisi
1007 2045 1164 2086 propter
1187 2037 1384 2075 hominem
1412 2058 1413 2061 =

314 2093 434 2130 factus
463 2099 542 2128 erat
559 2091 591 2128 ²¹².
622 2091 699 2127 Sed
724 2090 815 2127 nihil
845 2090 959 2127 debet
988 2103 1069 2127 esse
1099 2091 1234 2128 frustra
1261 2091 1299 2128 in
1329 2104 1385 2128 re—

316 2158 399 2183 rum
430 2145 576 2182 ordine.
609 2145 709 2192 Ergo
733 2144 886 2181 videtur
914 2144 1019 2193 quod
1047 2156 1127 2180 non
1155 2144 1265 2181 fuerit
1295 2157 1385 2182 con-

314 2199 474 2237 veniens
505 2197 671 2235 hominis
704 2210 831 2246 poena
860 2197 965 2247 quod
994 2210 1016 2234 a
1045 2197 1228 2235 Paradiso
1258 2199 1383 2235 exclu-

317 2253 478 2290 deretur.

373 2307 405 2343 5.
439 2306 673 2350 PRAETEREA‚
702 2304 807 2341 locus
836 2303 896 2340 ille
925 2303 1093 2341 Paradisi
1123 2303 1307 2341 terrestris
1336 2305 1384 2342 de

316 2372 356 2396 se
386 2358 522 2396 dicitur
550 2370 632 2394 esse
661 2356 927 2394 inaccessibilis
946 2356 976 2394 *.
1018 2357 1170 2394 Frustra
1199 2369 1289 2405 ergo
1319 2370 1384 2406 ap-

315 2412 439 2462 posita
467 2418 554 2448 sunt
581 2410 653 2447 alia
681 2410 966 2459 impedimenta,
997 2423 1044 2447 ne
1073 2411 1194 2447 homo
1220 2410 1307 2448 illuc
1327 2423 1384 2448 re-

315 2472 545 2503 verteretur:
576 2464 716 2500 scilicet
748 2464 935 2501 Cherubin
965 2469 1000 2500 et
1016 2463 1168 2514 gladius
1176 2465 1386 2513 flammeus

316 2525 427 2567 atque
453 2517 647 2554 versatilis.

370 2573 405 2609 6.
437 2572 670 2613 Prummu,
701 2570 820 2607 homo
845 2577 933 2619 post
951 2579 1153 2619 peccatum
1174 2570 1298 2608 statim
1321 2583 1385 2608 ne-

317 2624 475 2662 cessitati
496 2624 628 2661 mortis
648 2623 717 2660 fuit
737 2623 926 2662 addictus:
955 2631 991 2660 et
1015 2624 1065 2661 ita
1086 2624 1274 2662 beneficio
1295 2624 1384 2673 ligni

315 2678 416 2716 vitae
452 2690 531 2714 non
567 2684 716 2726 poterat
758 2677 806 2714 ad
843 2677 1168 2715 immortalitatem
1206 2678 1384 2727 reparari.

317 2732 471 2768 Frustra
500 2743 588 2779 ergo
619 2730 652 2767 ei
682 2742 769 2767 esus
798 2730 886 2778 ligni
907 2730 1008 2768 vitae
1028 2730 1273 2779 interdicitur,
1296 2744 1383 2768 cum

317 2785 451 2821 dicitur
474 2784 566 2822 Gen.
584 2796 619 2821 111
638 2783 675 2820 *ε
704 2784 829 2821 Videte
843 2782 869 2831 β,
891 2796 938 2821 ne
945 2785 1056 2831 forte
1073 2790 1199 2821 sumat
1216 2785 1262 2821 de
1280 2784 1385 2834 ligno

315 2839 426 2884 vitae,
456 2844 492 2874 et
516 2838 620 2874 vivat
647 2837 683 2873 in
713 2843 920 2874 aeternum.

371 2903 407 2939 7.
444 2891 686 2937 PRAETEREA,
720 2891 898 2927 insultare
928 2890 1067 2927 misero
1096 2891 1247 2928 videtur
1275 2890 1386 2927 mise-

318 2943 502 2981 ricordiae
532 2952 568 2980 et
597 2943 818 2980 clementiae
844 2956 1069 2992 repugnare,
1101 2956 1199 2993 quae
1220 2944 1386 2981 maxime

319 2997 356 3034 in
399 2997 593 3045 Scriptura
635 2997 719 3033 Deo
763 2997 996 3044 attribuitur,
1039 2997 1252 3034 secundum
1296 2997 1386 3034 illud

318 3050 459 3087 Psalmi
483 3049 523 3086 *z
552 3049 818 3086 Miserationes
855 3050 933 3086 eius
964 3062 1078 3098 super
1108 3052 1237 3087 omnia
1271 3062 1386 3099 opera

319 3104 407 3140 eius.
438 3103 540 3151 Ergo
569 3102 882 3140 inconvenienter
909 3103 1063 3152 ponitur
1091 3104 1303 3140 Dominum
1331 3103 1384 3140 in·

320 3157 476 3193 sultasse
505 3155 638 3205 primis
666 3156 887 3204 parentibus
914 3168 983 3204 per
1011 3164 1212 3205 peccatum
1241 3156 1318 3194 iarn
1348 3156 1386 3194 in

321 3209 511 3246 miseriam
557 3208 750 3255 deductis,
795 3209 860 3246 ubi
906 3209 1067 3246 dicitur:
1105 3211 1224 3256 Ecce,
1259 3210 1386 3247 Adam

321 3262 430 3310 quasi
456 3274 552 3299 unus
579 3274 629 3298 ex
656 3263 762 3299 nohis
779 3264 912 3310 sactus
940 3268 1007 3309 est,
1036 3263 1156 3300 sciens
1183 3264 1323 3300 honum
1353 3269 1389 3300 et

322 3315 476 3351 malum.

377 3368 411 3403 8.
438 3368 669 3415 PRAETEREA,
689 3368 847 3405 vestitus
867 3368 915 3405 ad
935 3369 1200 3405 necessitatem
1220 3368 1387 3406 hominis

322 3419 493 3469 pertinet,
514 3420 607 3457 sicut
628 3429 663 3457 et
683 3421 807 3458 cibus:
839 3421 1051 3459 secundum
1072 3421 1163 3459 illud
1183 3423 1197 3458 Ι
1217 3422 1269 3459 ad
1290 3422 1385 3459 Tim.

323 3473 387 3510 ult.
410 3474 448 3508 *ε
477 3473 670 3509 Habentes
693 3474 870 3511 alimenta
899 3479 935 3511 et
961 3474 1093 3522 quibus
1121 3480 1308 3524 tegamur,
1331 3475 1388 3511 his

377 3586 403 3617 α)
424 3586 484 3611 ista.
496 3599 515 3605 -
534 3585 572 3610 ita
590 3585 689 3613 ADEL,
710 3586 770 3610 illae
789 3586 818 3615 C,
838 3587 904 3612 istae
924 3587 951 3613 P.
1413 3588 1415 3651 1
1438 3619 1440 3621 ‚

378 3623 402 3653 ρ)
427 3621 525 3646 Videte.
538 3634 556 3640 -
575 3621 653 3646 Nunc
671 3628 736 3654 ergo
756 3622 783 3646 P.

1433 644 1498 667 xxix,
1518 641 1565 662 art.
1585 636 1609 662 5.

1437 708 1600 744 contenti
1624 719 1765 744 sumus,
1801 708 1923 756 Ergo,
1954 708 2050 746 sicut
2078 709 2186 747 cibus
2214 710 2345 759 primis
2374 723 2509 760 paren-

1437 759 1536 797 tibus
1558 760 1625 797 fuit
1652 760 1850 797 attributus
1879 769 1966 798 ante
1985 769 2186 810 peccatum
2205 763 2236 811 *,
2257 764 2308 801 ita
2338 765 2452 802 etiarn
2473 772 2510 801 et
2537 770 2548 781 ⁸

1436 813 1595 850 vestitus
1619 813 1770 850 attribui
1793 813 1933 850 debuit.
1966 815 2284 854 Inconvenienter
2303 829 2394 866 ergo
2422 825 2510 867 post
2536 829 2550 844 v

1437 873 1637 915 peccatum
1675 866 1811 903 dicitur
1844 866 1897 904 eis
1934 867 2039 904 Deus
2076 869 2221 906 tunicas
2249 869 2427 919 pelliceas
2441 872 2509 920 fe-

1437 931 1541 956 cisse.

1491 985 1527 1021 9.
1549 973 1783 1015 PRAETEREA,
1808 984 1936 1021 poena
1964 985 2063 1021 quae
2091 982 2250 1022 peccato
2271 975 2382 1013 alicui
2401 977 2509 1014 adhi-

1439 1026 1560 1072 betur,
1591 1025 1705 1062 debet
1732 1026 1817 1075 plus
1845 1026 1988 1063 habere
2016 1026 2055 1063 in
2083 1027 2187 1064 malo
2216 1040 2333 1077 quam
2363 1031 2510 1067 emolu-

1438 1087 1610 1116 mentum
1641 1079 1747 1127 quod
1775 1079 1858 1128 quis
1878 1091 1923 1115 ex
1946 1087 2105 1128 peccato
2125 1081 2387 1130 consequitur:
2417 1083 2510 1120 alio-

1438 1132 1542 1182 quin,
1568 1145 1637 1181 per
1664 1144 1833 1181 poenam
1854 1144 1934 1169 non
1953 1132 2205 1170 deterreretur
2222 1134 2357 1184 aliquis
2377 1148 2399 1172 a
2419 1148 2512 1185 pec-

1439 1193 1535 1223 cato.
1576 1186 1652 1223 Sed
1690 1185 1802 1234 primi
1836 1193 2012 1234 parentes
2049 1198 2094 1223 ex
2125 1195 2284 1236 peccato
2315 1190 2511 1226 consecuti

1439 1248 1527 1276 sunt
1563 1239 1668 1288 quod
1703 1251 1835 1275 eorum
1871 1239 1973 1275 oculi
2004 1240 2264 1288 aperirentur,
2299 1249 2339 1278 ut
2377 1241 2511 1280 dieitur

1441 1293 1534 1330 Gen.
1548 1305 1583 1329 111
1593 1292 1624 1329 *.
1648 1293 1734 1329 Hoc
1753 1300 1882 1328 autem
1902 1293 2185 1341 praeponderat
2203 1293 2241 1330 in
2260 1295 2365 1331 bono
2387 1295 2511 1334 omni·
2538 1304 2550 1316 ·

1438 1347 1509 1383 bus
1537 1346 1645 1383 malis
1671 1345 1897 1395 poenalibus
1927 1358 2025 1394 quae
2053 1354 2250 1395 ponuntur
2279 1359 2323 1384 ex
2351 1356 2510 1398 peccato

1410 1402 1412 1442 J
1438 1407 1654 1437 consecuta.
1677 1399 1994 1436 Inconvenienter
2008 1399 2118 1447 igitur
2133 1399 2400 1438 describuntur
2418 1414 2510 1451 poe-

1438 1465 1510 1490 nae
1534 1460 1735 1501 peccatum
1755 1451 1971 1501 primorum
1991 1461 2193 1501 parentum
2217 1463 2509 1503 consequentes.

1492 1507 1531 1543 IN
1548 1517 1784 1543 CONTRARIUM
1799 1517 1866 1542 EST
1886 1505 1990 1554 quod
2009 1506 2231 1544 huiusmodi
2251 1519 2409 1556 poenae.
2422 1516 2511 1547 sunt

1439 1558 1618 1596 divinitus
1646 1566 1793 1595 taxatae
1815 1563 1846 1595 ἵε
1884 1558 1949 1607 qui
1982 1560 2110 1596 omnia
2130 1561 2237 1608 facit
2262 1561 2299 1598 in
2329 1574 2508 1610 numero,

1411 1638 1412 1671 ἐ
1434 1614 1603 1661 pondere
1630 1618 1667 1648 et
1691 1624 1882 1658 mensura,
1912 1620 1953 1648 ut
1981 1612 2117 1650 dicitur
2145 1614 2233 1662 Sap.
2253 1626 2289 1651 xl
2308 1614 2339 1651 *.

1492 1667 1720 1703 RESPONDEO
1745 1677 1932 1702 mcENDUM
1958 1665 2075 1715 quod,
2105 1665 2201 1703 sicut
2229 1666 2372 1705 dictum
2403 1675 2459 1706 est
2476 1668 2508 1716 “,

1411 1757 1412 1774 ἶ
1438 1719 1549 1767 primi
1586 1726 1763 1767 parentes
1797 1725 2103 1767 proptersuum
2133 1729 2334 1768 peccatum
2373 1721 2511 1770 privati

1411 1778 1412 1795 ³
1438 1780 1525 1808 sunt
1554 1771 1742 1808 beneficio
1772 1771 1903 1808 divino
1938 1783 2016 1819 quo
2046 1772 2240 1810 humanae
2269 1781 2427 1811 naturae
2455 1774 2510 1812 in-

1438 1825 1590 1872 tegritas
1619 1824 1656 1861 in
1686 1825 1740 1860 eis
1769 1825 2089 1872 conservabatur,
2119 1838 2188 1874 per
2221 1826 2328 1864 cuius
2363 1827 2510 1865 subtra-

1440 1878 1606 1914 ctionem
1626 1878 1796 1914 humana
1815 1885 1949 1914 natura
1970 1877 2007 1914 in
2028 1878 2197 1915 defectus
2215 1881 2400 1928 poenales
2420 1881 2511 1919 inci-

1440 1930 1503 1968 dit.
1535 1931 1583 1967 Et
1602 1930 1690 1967 ideo
1721 1929 1919 1978 dupliciter
1936 1930 2057 1978 puniti
2081 1931 2244 1968 fuerunt.
2273 1932 2401 1970 Primo
2430 1934 2511 1984 qui-

1440 2037 1478 2074 id
1507 2038 1612 2084 quod
1643 2035 1862 2084 integritatis
1881 2035 1991 2073 statui
2016 2038 2272 2086 competebat,
2293 2038 2435 2077 scilicet
2457 2039 2512 2077 lo-'

1440 2102 1507 2127 cus
1525 2090 1709 2127 terrestris
1730 2089 1920 2127 Paradisi:
1949 2091 2055 2139 quod
2075 2090 2309 2139 significatur
2323 2092 2416 2130 Gen.
2427 2105 2464 2131 111
2476 2092 2509 2143 ¹⁸¹,

1440 2155 1527 2181 cum
1551 2143 1705 2180 dicitur:
1734 2143 1786 2180 Et
1801 2143 1924 2180 emisit
1942 2154 2028 2180 eum
2048 2144 2154 2181 Deus
2176 2144 2222 2182 de
2239 2146 2425 2184 Paradiso
2444 2157 2512 2184 vo—

1439 2197 1599 2246 luptatis.
1639 2197 1688 2233 Et
1721 2196 1810 2245 quia
1839 2196 1887 2233 ad
1915 2196 2021 2233 illum
2051 2204 2190 2235 statum
2224 2198 2370 2248 primae
2403 2201 2511 2241 inno-

1439 2250 1584 2288 centiae
1614 2262 1683 2300 per
1711 2249 1880 2298 seipsum
1910 2249 2034 2287 redire
2062 2262 2142 2288 non
2169 2258 2339 2300 poterat,
2369 2265 2512 2293 conve·

1439 2303 1585 2341 nienter
1626 2302 1799 2352 apposita
1846 2310 1934 2340 sunt
1970 2302 2246 2352 impedimenta
2287 2318 2336 2343 ne
2374 2305 2514 2346 rediret

1438 2357 1487 2394 ad
1517 2369 1562 2394 ea
1591 2368 1687 2406 quae
1717 2356 1840 2405 primo
1860 2355 1971 2393 statui
2001 2358 2289 2407 competebant:
2320 2350 2512 2402 sciliceta

1439 2410 1538 2457 cibo,
1569 2422 1616 2447 ne
1642 2415 1809 2446 sumeret
1833 2410 1879 2446 de
1900 2410 2006 2460 ligno
2025 2411 2144 2456 vitae;
2173 2418 2209 2448 et
2235 2423 2258 2448 a
2285 2412 2391 2449 loco:
2426 2414 2511 2452 Col-

1439 2463 1578 2501 locavit
1594 2461 1607 2485 3
1635 2464 1740 2500 Deus
1763 2469 1851 2500 ante
1868 2463 2095 2501 Paradisum
2121 2465 2310 2502 Cherubin
2339 2472 2377 2503 et
2390 2467 2511 2516 flam-

1439 2528 1565 2554 meum
1592 2516 1777 2566 gladium.

1493 2570 1674 2607 Secundo
1694 2577 1823 2607 autem
1844 2569 1964 2618 puniti
1984 2570 2136 2607 fuerunt
2157 2578 2344 2620 quantum
2365 2572 2415 2610 ad
2436 2573 2512 2612 hoc

1439 2623 1544 2673 quod
1574 2623 1752 2660 attributa
1780 2631 1868 2660 sunt
1897 2623 1950 2660 eis
1980 2636 2024 2660 ea
2054 2636 2153 2672 quae
2182 2633 2340 2662 naturae
2369 2638 2512 2664 conve-

1440 2676 1548 2714 niunt
1575 2676 1638 2713 tali
1659 2677 1847 2714 beneficio
1874 2676 2086 2714 destitutae.
2116 2677 2166 2714 Et
2193 2678 2268 2715 hoc
2297 2678 2455 2727 quidem
2476 2687 2513 2717 et

1440 2738 1627 2779 quantum
1665 2730 1713 2767 ad
1752 2741 1913 2780 corpus,
1944 2738 1980 2767 et
2018 2738 2206 2779 quantum
2244 2731 2292 2768 ad
2326 2731 2509 2770 animam.

1441 2785 1639 2832 Quantum
1669 2783 1826 2832 quidem
1855 2785 1903 2820 ad
1933 2795 2094 2833 corpuS,
2125 2785 2173 2822 ad
2211 2784 2317 2834 quod
2351 2785 2512 2833 pertinet

1441 2836 1652 2875 differentia
1681 2849 1806 2883 sexus,
1829 2836 1900 2874 alia
1929 2849 2058 2886 poena
2077 2837 2329 2874 attributavest
2347 2838 2510 2887 mulieri,

1440 2890 1514 2927 alia
1533 2890 1629 2927 viro.
1661 2890 1813 2927 Mulieri
1842 2889 1999 2939 quidem
2024 2890 2202 2928 attributa
2222 2897 2278 2927 est
2305 2902 2433 2940 poena
2452 2903 2510 2929 se-

1442 2945 1612 2981 cundum
1629 2944 1706 2980 duo
1726 2951 1882 2993 propter
1901 2955 2000 2992 quae
2019 2943 2104 2980 viro
2125 2942 2381 2991 coniungitur:
2410 2957 2510 2993 quae

1442 3004 1528 3034 sunt
1565 2997 1757 3046 generatio
1787 2996 1915 3046 prolis,
1950 3003 1986 3033 et
2020 2996 2318 3034 communicatio
2348 3009 2509 3046 operum

1442 3050 1709 3100 pertinentium
1761 3050 1810 3087 ad
1860 3049 2111 3087 domesticam
2163 3051 2509 3089 conversationem.

1442 3105 1641 3150 Quantum
1671 3111 1799 3140 autem
1829 3103 1877 3140 ad
1905 3102 2191 3151 generationem
2217 3102 2348 3151 prolis,
2378 3104 2511 3153 punita

1442 3157 1509 3193 fuit
1529 3156 1737 3206 dupliciter.
1768 3155 1897 3192 Primo
1918 3154 2087 3204 quidem,
2109 3162 2295 3204 quantum
2317 3156 2366 3194 ad
2385 3157 2510 3195 taedia

1442 3222 1540 3258 quae
1578 3209 1735 3246 sustinet
1772 3207 1962 3258 portando
1999 3207 2146 3257 prolem
2186 3217 2434 3258 conceptam:
2473 3218 2511 3248 et

1441 3263 1516 3300 hoc
1539 3262 1771 3311 significatur
1799 3272 1887 3298 curn
1917 3259 2068 3298 dicitur:
2105 3261 2369 3310 Multiplicabo
2397 3275 2510 3301 aeru-

1441 3327 1551 3352 mnas
1574 3321 1658 3352 tuas
1676 3320 1713 3352 et
1730 3319 1928 3362 conceptus
1947 3319 2040 3351 tuos.
2071 3314 2119 3351 Et
2148 3323 2333 3364 quantum
2362 3316 2410 3354 ad
2441 3317 2509 3355 do-

1442 3369 1562 3406 lorem
1591 3379 1707 3417 quem
1736 3365 1875 3416 patitur
1902 3365 1940 3403 in
1962 3367 2167 3415 pariendo:
2198 3376 2234 3405 et
2252 3377 2438 3418 quantum
2459 3368 2509 3408 ad

1441 3422 1516 3458 hoc
1555 3419 1714 3457 dicitur:
1752 3419 1798 3456 In
1834 3419 1964 3456 dolore
1994 3420 2136 3469 paries.
2177 3421 2375 3468 Quantum
2413 3434 2508 3460 vero

2562 1303 2631 1327 vm.
2643 1309 2665 1332 7.

2537 1617 2549 1628 ·
2561 1616 2629 1640 ven.
2642 1622 2674 1640 ει.

2537 1671 2731 1701 ·Αηρι-ιωοα.

2538 2097 2550 2109 ·
2560 2097 2627 2122 Vero.
2639 2104 2674 2128 ²3·

1443 3473 1491 3511 ad
1521 3472 1772 3510 domesticam
1801 3473 2154 3521 conversationem,
2184 3474 2339 3523 punitur
2375 3487 2509 3514 secun·
2570 3480 2573 3481 ⁷

1512 3586 1521 3617 )
1541 3589 1664 3611 tas-atae.
1678 3599 1695 3603 -
1714 3593 1730 3610 a
1752 3586 1809 3611 Deo
1828 3586 1896 3610 add't
1917 3586 1945 3612 Ρ.

1495 3594 1520 3654 ἔ)
1542 3621 1695 3647 Collocavit.
1708 3635 1728 3640 -
1745 3625 1834 3646 autem
1854 3622 1924 3646 addit
1943 3622 1971 3652 C,
1990 3622 2060 3648 em'm
2080 3623 2177 3648 addunt
2195 3624 2241 3649 Pa.
