2768 4198
44 624 120 645 ’Pal-t.
130 624 146 650 1,
155 629 205 651 cap.
214 629 256 644 vn.

40 1405 255 1456 {Pfflflkctnliij'

37 1677 52 1690 ·
60 1676 127 1699 vm.
139 1676 177 1700 2⁶.

41 1836 177 1860 ‘noemin

0 1952 2 1954 ·
41 1948 52 1959 ⁸
65 1946 114 1976 Qu.
127 1953 200 1974 xum,
210 1950 252 1968 an.

0 2003 1 2006 ,
40 1979 56 2003 9

27 2102 52 2127 ,·
61 2101 130 2123 Vm.
144 2107 168 2127 4.

41 2266 52 2275 ’
64 2264 131 2286 Vero.
142 2270 172 2287 ει.

39 2852 50 2863 ⁸
58 2851 130 2889 ‘verm
144 2858 164 2881 3.

936 265 1207 310 QUAESTIO
1233 265 1451 312 CXXXIII,
1481 264 1782 302 ARTICULUS
1813 266 1843 301 ll

287 345 552 383 sufficientiam
588 345 714 381 habet.
754 344 865 381 Unde
902 343 1036 380 dicitur
1068 345 1182 380 Prov.
1218 344 1359 381 xxm&

286 399 500 448 Sapientior
526 398 599 435 sibi
619 398 734 447 piger
761 398 908 434 videtur
931 403 1068 445 septem
1097 398 1189 434 viris
1208 398 1360 446 loquen-

285 454 381 490 tibus
413 452 624 488 sententias.
663 451 766 487 Nihil
797 451 899 487 enirn
939 451 1117 499 prohibet
1147 453 1250 500 quod
1273 457 1290 479 ⁷·
1320 465 1360 488 se

286 514 472 555 quantum
502 505 551 542 ad
580 505 708 554 aliqua
737 504 896 550 deiiciat,
927 512 964 540 et
994 512 1178 553 quantum
1209 505 1258 542 ad
1289 506 1361 542 alia

285 572 325 597 se
355 559 391 596 in
422 558 584 596 sublime
620 558 783 595 extollat.
823 558 935 595 Unde
966 558 1188 606 Gregorius,
1219 559 1256 595 in
1290 560 1361 596 Pa-

283 613 416 650 storali
432 612 463 659 ⁹¹²,
496 612 542 649 de
572 612 710 660 Moyse
741 612 830 649 dicit
859 612 963 660 quod
991 613 1175 660 superbus
1191 613 1363 660 fortasse
1417 612 1646 650 infirmitatis
1668 613 1986 660 insufficientiam,
2004 612 2246 649 recusabant:
2268 623 2346 648 non
2364 618 2517 648 tamen.

283 672 378 704 esset
402 666 436 703 si
461 666 639 703 ducatum
663 666 784 714 plebis
811 678 904 702 suae
930 666 1011 702 sine
1039 667 1284 714 trepidatione
1302 679 1363 703 su-

2442 267 2489 312 87

1416 345 1589 393 sciperet:
1619 351 1654 381 et
1681 357 1833 381 rursum
1863 345 2046 393 superbus
2075 344 2250 380 existeret
2266 345 2300 380 si
2317 344 2492 380 Auctoris

1387 390 1390 461 l
1417 399 1575 447 imperio
1604 399 1756 435 obedire
1783 404 1985 435 recusaret.

1387 466 1389 514 4
1470 454 1529 489 AD
1550 464 1723 500 QUARTUM
1744 464 1930 489 DlCENDuM
1951 452 2056 499 quod
2078 451 2236 499 Moyses
2258 458 2293 486 et
2315 450 2492 486 Ieremias

1388 515 1389 539 l
1412 505 1518 554 'digni
1548 513 1654 543 erant
1682 506 1812 542 officio
1833 506 1880 543 ad
1902 506 2007 555 quod
2037 504 2217 542 divinitus
2247 503 2491 552 eligebantur,

1419 571 1461 596 ex
1484 559 1614 596 divina
1642 559 1770 607 gratia.
1803 560 1879 597 Sed
1905 559 1974 608 ipsi
2007 558 2291 595 considerantes
2315 557 2492 606 propriae

1417 667 1669 714 pertinaciter,
1700 680 1747 704 ne
1777 667 1814 704 in
1843 666 2063 715 superbiam
2093 666 2321 702 laberentur.

289 839 291 841 ι
337 809 363 841 η)
379 808 491 842 quod.-
510 809 572 834 Om.
592 809 805 841 ABDFGpCEK,
827 812 855 833 ut
875 808 942 839 sCK,
962 809 985 833 si
1005 810 1037 834 H.

1256 888 1319 895 m„

1051 954 1375 996 ARTICULUS
1406 954 1710 996 SECUNDUS

779 1058 935 1088 UTRUM
961 1056 1322 1088 PUSILLANIMITAS
1347 1055 1615 1087 OPPONATUR
1640 1055 1998 1086 MAGNANIMITATI

1011 1144 1085 1174 Infra,
1105 1152 1151 1176 qu.
1170 1151 1247 1174 Can,
1269 1150 1315 1168 art.
1340 1151 1360 1173 ι,
1382 1144 1413 1168 ad
1435 1143 1463 1172 ’ἐς
1484 1143 1517 1167 lv
1540 1143 1636 1172 Ethic„
1657 1143 1715 1167 lect.
1736 1151 1769 1167 x1.

423 1264 445 1277 st
483 1258 486 1261 -
501 1248 523 1273 D
539 1248 731 1273 SECUNDUM
746 1247 800 1272 Sic
816 1246 1058 1272 PROCEDlTUR.
1078 1233 1239 1270 Videtur
1256 1233 1360 1282 quod

319 1251 346 1289 >st

312 1281 368 1334 ‘se
425 1320 437 1338 χ.

303 1333 355 1391 ⁴15³
364 1359 425 1387 ar,
436 1328 469 1388 ’ἦ
482 1341 489 1346 “
501 1343 672 1380 nimitati.

307 1391 317 1400 ”
344 1372 441 1426 (3⁴¹³)
457 1389 620 1434 NEthic.
641 1396 671 1442 ³¹⁶,
705 1396 810 1444 quod
833 1395 1100 1445 pusillanimus
1124 1395 1280 1444 ignorat
1305 1405 1361 1430 se-

283 1452 427 1501 ipsum:
455 1455 646 1499 appeteret
672 1450 771 1486 enim
796 1450 896 1486 bona
924 1449 1059 1497 quibus
1078 1448 1216 1498 dignus
1245 1453 1308 1492 est,
1328 1448 1362 1484 si

281 1517 322 1542 se
339 1509 595 1554 cognosceret.
627 1503 704 1540 Sed
726 1503 936 1551 ignorantia
957 1502 1015 1539 sui
1033 1501 1185 1539 videtur
1214 1501 1361 1551 opponi

703 1342 804 1380 Dicit
833 1342 933 1379 enim
959 1341 1230 1389 Philosophus,
1252 1340 1290 1377 in
1311 1340 1362 1376 IV

281 1557 520 1608 prudentiae.
560 1557 663 1604 Ergo
702 1556 991 1606 pusillanimitas
1026 1555 1235 1605 opponitur
1271 1568 1387 1604 pru-1

283 1611 444 1649 dentiae.

337 1677 372 1702 2.
396 1665 632 1708 PRAETEREA,
661 1664 797 1701 Matth.
827 1676 899 1701 xxv
921 1665 959 1710 *,
990 1676 1147 1701 servum
1177 1662 1243 1712 qui
1272 1675 1359 1711 pro-
1385 1661 1387 1709 3

281 1726 366 1768 pter
393 1717 744 1767 pusillanimitatem
765 1718 928 1767 pecunia
947 1718 999 1754 uti
1023 1717 1224 1763 recusavit,
1246 1724 1361 1754 vocat
1385 1713 1387 1739 3

282 1771 476 1810 Dominus
504 1771 649 1808 malum
678 1778 715 1808 et
734 1772 906 1822 pigrum.
945 1771 1205 1821 Philosophus
1244 1771 1358 1808 etiam
1385 1780 1387 1820 ᾗ

283 1826 391 1872 dicit,
422 1825 460 1862 in
490 1825 542 1862 IV
569 1826 690 1862 Ethic.
711 1825 749 1872 ²²³,
780 1826 886 1874 quod
919 1825 1150 1874 pusillanimi
1185 1825 1360 1862 videntur
1385 1831 1387 1836 ’

274 1881 395 1931 pigri.
435 1879 512 1916 Sed
541 1878 688 1928 pigritia
722 1879 930 1928 opponitur
967 1878 1229 1925 sollicitudini,
1260 1890 1360 1926 quae

281 1942 339 1972 est
357 1941 463 1970 actus
482 1932 721 1982 prudentiae,
742 1941 784 1969 ut
802 1945 919 1982 supra
932 1932 952 1954 *
970 1932 1145 1969 habiturn
1167 1939 1233 1969 est.
1256 1933 1358 1980 Ergo

281 1986 572 2038 pusillanimitas
601 1998 680 2023 non
710 1987 919 2035 opponitur
947 1985 1259 2035 magnanimitati.

338 2042 372 2078 3.
394 2041 631 2087 PRAETEREA,
661 2040 949 2088 pusillanimitas
977 2040 1130 2078 videtur
1149 2052 1194 2076 ex
1218 2038 1359 2076 inordi-

283 2103 372 2132 nato
394 2094 532 2131 timore
551 2094 777 2142 procedere:
801 2094 903 2131 unde
925 2093 1060 2131 dicitur
1081 2093 1199 2130 Isaiae
1214 2092 1358 2130 xxxv*:
1385 2095 1388 2118 1

282 2149 423 2186 Dicite:
447 2147 722 2193 Pusillanimes,
743 2147 1016 2196 confortamini
1033 2153 1069 2184 et
1086 2147 1198 2184 nolite
1216 2147 1359 2183 timere.

281 2202 443 2239 Videtur
471 2201 585 2238 etiam
621 2201 832 2250 procedere
863 2214 909 2238 ex
947 2201 1161 2238 inordinata
1190 2199 1265 2237 ira:
1302 2212 1360 2236 se·
1386 2206 1388 2212 ’

282 2257 453 2293 cundum
483 2254 574 2291 illud
609 2255 749 2292 Coloss.
772 2266 807 2291 111
827 2254 863 2291 *:
892 2255 1036 2300 Patres,
1057 2250 1170 2291 nolite
1188 2254 1240 2290 ad
1266 2253 1361 2290 indi-

279 2309 500 2361 gnationem
513 2319 733 2356 provocare
746 2308 854 2356 filios
880 2314 1042 2345 vestros,-
1071 2313 1204 2345 utnon
1219 2306 1360 2356 pusillo

279 2363 410 2401 animo
431 2363 548 2410 fiant.
589 2361 666 2398 Sed
695 2361 927 2399 inordinatio
965 2361 1113 2399 timoris
1151 2360 1361 2410 opponitur

280 2415 502 2463 fortitudini,
532 2414 764 2453 inordinatio
795 2423 923 2453 autem
953 2415 1030 2452 irae
1061 2413 1358 2452 mansuetudini.

281 2472 384 2519 Ergo
405 2468 698 2519 pusillanimitas
717 2482 797 2506 non
815 2469 1024 2518 opponitur
1042 2468 1359 2517 magnanimitati.

333 2537 370 2572 4.
402 2525 650 2569 PRAETEREA‚
685 2523 823 2560 vitium
862 2523 967 2572 quod
1002 2523 1211 2573 opponitur
1248 2522 1359 2559 alicui
1386 2542 1387 2573 ἦ

279 2577 422 2624 virtuti,
442 2584 548 2613 tanto
573 2576 727 2625 gravius
757 2584 813 2613 est
833 2584 978 2625 quanto
999 2577 1121 2626 magis
1151 2584 1206 2614 est
1230 2576 1360 2613 virtuti
1386 2607 1387 2621 ,

281 2630 475 2669 dissimile.
507 2630 586 2667 Sed
614 2629 903 2679 pusillanimitas
932 2631 1054 2679 magis
1083 2638 1139 2667 est
1168 2629 1359 2667 dissimilis
1386 2625 1387 2637 ¹

281 2683 585 2733 magnanimitati
605 2696 723 2732 quam
743 2684 1019 2733 praesumptio.
1051 2685 1167 2732 Ergo,
1189 2683 1219 2720 si
1243 2683 1359 2732 pusil-

279 2739 470 2777 lanimitas
498 2745 761 2786 opponeretur
788 2737 1106 2786 magnanimitati,
1137 2746 1362 2786 sequeretur
1386 2757 1387 2764 1

281 2793 386 2843 quod
409 2799 508 2829 esset
527 2791 681 2839 gravius
710 2799 913 2840 peccatum
934 2803 1051 2840 quarn
1082 2792 1358 2840 praesumptio.
1386 2832 1387 2844 ἵ

281 2846 400 2895 Quod
430 2853 486 2882 est
515 2852 648 2882 contra
671 2844 710 2882 id
733 2844 840 2894 quod
870 2844 1005 2882 dicitur
1031 2845 1149 2881 Eccli.
1176 2857 1299 2882 xxxvu
1322 2846 1359 2882 *ε
1386 2871 1387 2878 1

285 2902 318 2940 Ο
339 2899 599 2950 praesumptio
629 2899 869 2947 nequissima,
891 2899 990 2935 unde
1017 2904 1146 2935 creata
1174 2898 1239 2935 es?
1268 2899 1360 2936 Non
1386 2893 1387 2939 i

281 2967 371 3004 ergo
400 2952 692 3003 pusillanimitas
719 2951 1021 3000 magnanimitati
1053 2952 1272 3000 opponitur.

336 3009 410 3046 SED
431 3018 579 3044 CONTRA
599 3018 665 3043 EST
694 3006 799 3055 quod
820 3005 1110 3054 pusillanimitas
1140 3013 1176 3042 et
1205 3018 1361 3054 magna-

281 3062 434 3099 nimitas
455 3060 635 3098 differunt
655 3060 870 3097 secundum
891 3060 1192 3110 magnitudinem
1219 3067 1255 3096 et
1267 3071 1360 3108 par-

282 3117 432 3154 vitatem
471 3113 607 3162 animi,
637 3121 679 3150 ut
715 3126 760 3150 ex
797 3113 887 3162 ipsis
926 3113 1150 3151 nominibus
1187 3121 1358 3162 apparet.

283 3170 360 3207 Sed
388 3180 571 3217 magnum
593 3174 630 3204 et
648 3180 815 3217 parvum
836 3175 923 3204 sunt
942 3166 1131 3216 opposita.
1162 3167 1265 3215 Ergo
1290 3179 1360 3216 pu-

282 3222 514 3261 sillanimitas
544 3221 754 3270 opponitur
783 3220 1097 3269 magnanimitati.

335 3278 563 3313 RESPONDEO
583 3287 772 3313 DICENDUM
798 3275 904 3324 quod
923 3273 1214 3324 pusillanimitas
1233 3282 1361 3322 potest

281 3328 473 3379 tripliciter
501 3329 745 3366 considerari.
777 3329 865 3366 Uno
893 3330 1026 3376 modo,
1057 3328 1270 3365 secundum
1302 3340 1360 3364 se-
1386 3354 1388 3362 Α

428 1283 474 1333 ⁷3
500 1289 791 1339 pusillanimitas
830 1301 907 1325 non
951 1295 1170 1336 opponatur
1205 1298 1389 1337 magna-5

1387 1241 1389 1290 j
1416 1245 1492 1280 qua
1523 1232 1648 1269 differt
1677 1233 1892 1269 secundum
1933 1232 2188 1270 differentiam
2226 1235 2494 1282 magnitudinis

1417 1294 1453 1322 et
1481 1286 1677 1335 parvitatis
1707 1286 1806 1323 circa
1836 1286 1958 1323 idem:
1989 1299 2079 1323 nam
2110 1287 2205 1324 sicut
2225 1289 2495 1336 magnanimus

1387 1342 1389 1388 l
1416 1351 1461 1376 ex
1491 1339 1607 1376 animi
1637 1340 1900 1388 magnitudine
1930 1340 2050 1377 tendit
2079 1341 2125 1377 ad
2157 1353 2317 1389 magna,
2347 1342 2397 1379 ita
2426 1355 2495 1391 pu-

1386 1391 1388 1449 }
1415 1393 1628 1430 sillanimus
1650 1406 1693 1430 ex
1716 1393 1833 1430 animi
1854 1394 2041 1442 parvitate
2061 1407 2102 1430 se
2123 1395 2277 1431 retrahit
2291 1408 2313 1432 a
2333 1396 2493 1443 magnis.

1386 1451 1388 1494 Ῑ
1415 1447 1502 1484 Alio
1519 1447 1639 1484 modo
1655 1454 1781 1496 potest
1798 1447 2032 1484 considerari
2048 1460 2092 1484 ex
2107 1456 2214 1496 parte
2230 1461 2322 1485 suae
2339 1462 2493 1487 causae:

1385 1497 1388 1561 J
1415 1513 1514 1550 quae
1545 1513 1590 1538 ex
1619 1508 1726 1550 parte
1756 1501 1977 1548 intellectus,
2001 1509 2056 1538 est
2084 1502 2297 1549 ignorantia
2316 1504 2495 1552 propriae

1415 1554 1662 1601 conditionis;
1693 1567 1737 1591 ex
1767 1563 1874 1603 parte
1904 1563 2032 1592 autem
2066 1556 2268 1604 appetitus,
2300 1565 2354 1593 est
2382 1557 2496 1595 timor

1385 1606 1619 1659 {deficiendi
1657 1609 1693 1645 in
1731 1609 1787 1646 his
1826 1621 1924 1658 quae
1963 1610 2057 1646 falso
2096 1609 2271 1646 aestimat
2308 1611 2494 1648 excedere

1414 1675 1525 1700 suam
1546 1663 1777 1700 facultatem.
1808 1663 1941 1700 Tertio
1962 1664 2082 1700 modo
2110 1671 2237 1712 potest
2262 1664 2495 1702 considerari

1414 1725 1601 1766 quantum
1632 1716 1679 1753 ad
1710 1716 1904 1764 effectum,
1927 1717 1992 1765 qui
2015 1725 2070 1754 est
2090 1718 2281 1754 retrahere
2310 1731 2350 1755 se
2372 1731 2394 1755 a
2414 1731 2494 1756 ma-

1413 1771 1496 1819 gnis
1515 1771 1656 1819 quibus
1687 1778 1742 1807 est
1771 1770 1919 1819 dignus.
1951 1771 2028 1808 Sed
2049 1771 2145 1807 sicut
2165 1784 2280 1820 supra
2300 1771 2320 1793 ²⁸
2349 1772 2493 1810 dictum

1415 1832 1482 1871 est,
1512 1824 1704 1874 oppositio
1734 1823 1814 1860 vitii
1843 1825 1891 1861 ad
1920 1825 2101 1861 virtutem
2132 1825 2337 1862 attenditur
2372 1827 2494 1874 magis

1414 1878 1629 1915 secundum
1669 1876 1866 1927 propriam
1903 1878 2074 1926 speciem
2118 1891 2237 1927 quam
2276 1880 2490 1917 secundum

1415 1944 1570 1969 causam
1598 1932 1662 1968 vel
1692 1931 1885 1968 effectum.
1925 1932 1974 1968 Et
2002 1931 2089 1969 ideo
2118 1932 2410 1981 pusillanimitas
2440 1934 2494 1971 di-

1415 1993 1514 2023 recte
1544 1985 1847 2033 magnanimitati
1877 1986 2097 2034 opponitur.

1467 2041 1528 2076 An
1548 2051 1687 2076 ramum
1717 2051 1816 2076 ERoo
1846 2051 2033 2076 mcENDUM
2055 2040 2160 2088 quod
2190 2039 2285 2076 ratio
2315 2040 2377 2077 illa
2405 2053 2494 2090 pro-

1416 2093 1515 2130 cedit
1545 2093 1592 2130 de
1630 2092 1939 2141 pusillanimitate
1975 2105 2019 2130 ex
2057 2101 2164 2142 parte
2201 2106 2339 2130 causae
2374 2107 2492 2143 quam

1416 2147 1531 2184 habet
1560 2146 1597 2183 in
1627 2146 1831 2183 intellectu.
1862 2147 1912 2183 Et
1931 2154 2062 2183 tamen
2082 2159 2159 2183 non
2185 2147 2339 2195 proprie
2367 2156 2495 2196 potest

1415 2200 1488 2238 dici
1517 2200 1624 2249 quod
1646 2207 1866 2248 opponatur
1889 2200 2114 2248 prudentiae
2136 2200 2250 2237 etiarn
2279 2201 2493 2239 secundum

1416 2265 1572 2291 causam
1593 2265 1725 2290 suam:
1755 2253 1845 2301 quia
1874 2253 1957 2290 talis
1979 2253 2193 2302 ignorantia
2213 2266 2292 2291 non
2320 2255 2495 2303 procedit

1415 2319 1461 2345 ex
1489 2306 1716 2356 insipientia,
1738 2308 1805 2344 sed
1836 2307 1956 2356 magis
1987 2320 2032 2344 ex
2050 2307 2199 2357 pigritia
2227 2307 2494 2346 considerandi

1415 2373 1526 2399 suam
1561 2361 1796 2408 facultatem,
1827 2368 1869 2397 ut
1898 2361 2034 2398 dicitur
2071 2361 2109 2399 in
2139 2361 2191 2398 IV
2218 2362 2339 2398 Ethic.
2363 2363 2400 2409 ²⁸,
2430 2364 2493 2399 vel
2522 2375 2532 2385 ·

1415 2414 1630 2464 exequendi
1659 2415 1764 2464 quod
1794 2427 1886 2451 suae
1916 2415 2087 2452 subiacet
2115 2415 2303 2464 potestati.

1467 2471 1527 2506 AD
1557 2480 1749 2506 SECUNDUM
1779 2480 1965 2506 mcENDUM
1986 2469 2091 2518 quod
2122 2468 2216 2506 ratio
2236 2469 2296 2506 illa
2320 2469 2495 2518 procedit

1416 2523 1462 2560 de
1492 2522 1802 2572 pusillanimitate
1833 2534 1878 2558 ex
1906 2530 2014 2571 parte
2045 2523 2213 2560 effectus.
2244 2524 2253 2530 ”

1469 2578 1528 2614 AD
1556 2588 1718 2613 TEariuM
1747 2587 1934 2613 D1CENouM
1965 2576 2070 2625 quod
2099 2576 2194 2612 ratio
2228 2575 2288 2612 illa
2321 2576 2494 2624 procedit

1416 2643 1461 2667 ex
1490 2638 1597 2679 parte
1626 2642 1778 2667 causae.
1816 2630 1900 2666 Nec
1929 2637 2058 2666 tamen
2086 2630 2201 2666 timor
2234 2642 2395 2666 causans
2424 2642 2493 2678 pu-

1415 2684 1710 2721 sillanimitatem
1733 2695 1887 2732 semper
1907 2691 1962 2720 est
1981 2683 2096 2720 timor
2114 2683 2372 2732 periculorum
2391 2695 2492 2720 mor-

1415 2738 1471 2775 tis.
1502 2738 1614 2776 Unde
1645 2737 1758 2774 etiam
1789 2749 1834 2773 ex
1862 2737 1934 2774 hac
1963 2745 2069 2785 parte
2098 2749 2178 2773 non
2208 2744 2358 2786 oportet
2386 2737 2491 2784 quod

1416 2799 1635 2841 opponatur
1671 2790 1891 2828 fortitudini.
1931 2811 1955 2818 -
1991 2792 2049 2827 Ira
2090 2798 2240 2837 autem,
2277 2791 2491 2827 secundum

1417 2846 1604 2883 rationem
1641 2844 1784 2894 proprii
1822 2851 1971 2890 motus,
2002 2857 2079 2893 quo
2116 2844 2200 2893 quis
2239 2844 2426 2881 extollitur
2455 2845 2492 2881 in

1416 2899 1639 2945 vindictam,
1670 2910 1748 2935 non
1770 2905 1899 2934 causat
1918 2898 2280 2947 pusillanimitatem,
2302 2910 2400 2947 quae
2427 2898 2491 2935 de-

1386 2957 1388 3000 l
1416 2953 1491 2990 iicit
1511 2952 1697 2999 animum,
1719 2951 1787 2988 sed
1807 2951 1929 2999 magis
1949 2952 2044 2988 tollit
2064 2964 2161 2988 eam.
2185 2951 2333 2988 Inducit
2362 2959 2490 2988 autem

1386 3008 1387 3039 l
1416 3007 1464 3044 ad
1493 3005 1843 3056 pusillanimitatem
1872 3005 2017 3042 ratione
2048 3018 2251 3042 causarum
2280 3005 2369 3052 irae,
2391 3017 2491 3053 quae

1386 3073 1388 3110 l
1416 3068 1503 3097 sunt
1531 3059 1690 3097 iniuriae
1718 3059 1860 3106 illatae,
1893 3071 1936 3095 ex
1965 3059 2104 3108 quibus
2134 3059 2307 3096 deiicitur
2340 3058 2491 3095 animus

1386 3112 1388 3158 l
1415 3113 1603 3163 patientis.

1386 3164 1388 3211 l
1469 3170 1528 3204 An
1560 3178 1735 3209 QUARTUM
1765 3166 1951 3203 ch'ENDuM
1985 3165 2091 3214 quod
2118 3164 2407 3214 pusillanimitas
2437 3173 2492 3202 est

1386 3218 1390 3288 *f
1416 3221 1569 3269 gravius
1598 3227 1813 3269 peccatum,
1839 3220 2051 3256 secundum
2081 3219 2277 3268 propriam
2308 3218 2490 3268 speciem,

1386 3293 1388 3307 ι
1417 3286 1534 3323 quam
1554 3273 1835 3322 praesumptio:
1867 3273 1956 3321 quia
1975 3285 2044 3321 per
2063 3272 2187 3322 ipsam
2208 3272 2351 3309 recedit
2369 3273 2490 3309 homo

1416 3340 1438 3364 a
1466 3327 1597 3373 bonis,
1628 3327 1733 3375 quod
1768 3334 1823 3362 est
1859 3325 2091 3375 pessimum,
2121 3334 2163 3363 ut
2198 3326 2334 3363 dicitur
2366 3326 2403 3363 in
2441 3327 2492 3363 IV

2523 1785 2586 1812 ‘Qu.
2596 1789 2734 1811 cxxv11,art.

2521 1818 2541 1838 2,
2557 1811 2586 1833 ad
2601 1818 2620 1833 2,

2543 2374 2597 2396 Loc.
2607 2375 2644 2396 cit.
2654 2375 2676 2397 in
2688 2381 2735 2403 arg.

282 3385 419 3434 ipsam.
458 3383 507 3419 Et
541 3381 594 3418 sic
632 3383 878 3420 manifestum
916 3390 971 3419 est
1009 3382 1115 3431 quod
1145 3381 1358 3418 secundum
1386 3363 1388 3433 Ι
1414 3382 1535 3418 Ethic.
1558 3382 1577 3402 ²¹⁸
1608 3380 1685 3417 Sed
1705 3379 1968 3429 praesumptio
1989 3379 2125 3417 dicitur
2153 3393 2236 3417 esse
2257 3379 2492 3429 nequissima
2521 3392 2601 3413 nmo.

281 3437 478 3488 propriam
515 3434 702 3473 rationem
742 3436 950 3486 opponitur
988 3435 1306 3484 magnanimitati,
1338 3447 1360 3472 a

1386 3437 1389 3476 l
1417 3435 1563 3472 ratione
1593 3433 1806 3483 superbiae,
1839 3445 1884 3470 ex
1913 3445 1990 3481 qua
2018 3434 2203 3482 procedit.
