2768 4198
44 3390 54 3399 ⁸
68 3389 166 3411 Aristot.
182 3388 258 3411 Etnic.

44 3415 85 3438 lib.
100 3416 118 3443 1,
133 3422 183 3444 cap.
198 3423 221 3443 v,
235 3422 257 3438 n.

43 3442 111 3469 4.-8.
119 3443 164 3465 Th.
175 3443 226 3465 lect.
237 3450 258 3465 v.

288 270 366 317 498

342 350 401 385 AD
431 359 621 385 SECUNDUM
650 359 835 384 DICENDUM
864 345 969 393 quod
1005 356 1141 381 omnes
1171 344 1266 380 aliae
1300 356 1357 380 re-

288 402 472 450 ligionum
512 400 776 439 observantiae
814 399 1037 436 ordinantur
1077 397 1125 434 ad
1161 397 1357 446 praedicta

287 455 357 492 tria
384 455 605 504 principalia
634 461 735 490 vota.
776 453 879 488 Nam
910 452 939 488 si
969 463 1045 499 qua
1074 459 1162 488 sunt
1190 450 1356 488 instituta

287 510 325 546 in
362 509 605 557 religionibus
642 507 691 544 ad
727 505 1014 554 procurandum
1053 505 1220 552 victum,
1264 511 1357 552 puta

286 564 407 610 labor⁷
438 561 659 600 mendicitas
687 560 749 596 vel
778 559 850 596 alia
877 558 1113 606 huiusmodi,
1143 559 1358 596 referuntur

285 670 379 719 giosi
408 682 476 718 per
502 671 574 706 hos
603 667 742 704 modos
771 667 917 703 victum
938 679 1051 703 suum
1080 673 1300 716 procurant.
1331 687 1355 693 -

285 723 369 760 Alia
387 735 494 769 vero,
516 722 653 772 quibus
675 732 814 769 corpus
832 729 1058 768 maceratur,
1076 721 1172 757 sicut
1191 720 1353 768 vigiliae,

284 777 422 813 ieiunia
451 784 487 812 et
516 777 545 813 si
575 788 650 824 qua
679 782 766 812 sunt
797 775 1039 822 huiusmodi,
1078 774 1220 812 directe
1255 774 1355 812 ordi-

284 838 420 868 nantur
458 830 506 867 ad
539 837 674 866 votum
709 829 962 866 continentiae
997 828 1299 866 observandum.
1329 848 1353 855 -

284 884 322 921 Si
353 895 428 931 qua
456 895 550 920 vero
580 891 669 920 sunt
696 883 734 920 in
764 884 1010 932 religionibus
1039 883 1206 921 instituta
1242 881 1355 932 perti-

283 937 410 975 nentia
444 939 494 975 ad
526 938 719 975 humanos
752 946 879 986 actus,
912 937 1051 986 quibus
1088 937 1223 986 aliquis
1253 936 1355 974 ordi-

281 1001 391 1029 natur
419 991 468 1029 ad
498 991 687 1039 religionis
716 991 848 1039 finem,
878 991 1020 1029 scilicet
1040 991 1087 1029 ad
1109 990 1353 1029 dilectionem

280 1045 351 1082 Dei
381 1053 417 1082 et
444 1045 620 1094 proximi,
650 1053 742 1094 puta
770 1046 894 1093 lectio,
916 1046 1049 1093 oratio,
1069 1045 1231 1083 visitatio
1252 1045 1356 1082 infir·-

279 1111 455 1146 morum,
484 1100 548 1136 vel
577 1099 606 1137 si
637 1099 731 1148 quid
759 1099 862 1138 aliud
893 1107 949 1137 est
976 1099 1213 1147 huiusmodi,
1249 1111 1354 1136 com-

278 1154 570 1202 prehenduntur
603 1153 674 1190 sub
702 1162 796 1191 voto
827 1154 1090 1201 obedientiae,
1129 1153 1236 1203 quod
1270 1166 1354 1202 per-

279 1208 371 1245 tinet
399 1207 448 1245 ad
475 1209 733 1254 voluntatem,
765 1220 864 1255 quae
893 1208 1108 1245 secundum
1138 1208 1354 1256 dispositio—

279 1273 370 1299 nem
399 1262 550 1299 alterius
579 1274 670 1298 suos
699 1269 804 1299 actus
833 1262 984 1299 ordinat
1003 1262 1041 1299 in
1061 1263 1194 1299 finem.
1224 1282 1248 1290 -
1277 1262 1353 1299 De-

278 1315 495 1353 terminatio
525 1323 655 1353 autem
677 1315 828 1352 habitus
857 1316 1020 1365 pertinet
1047 1316 1096 1354 ad
1126 1316 1256 1353 omnia
1286 1315 1355 1353 tria

278 1378 382 1417 vota,
402 1378 587 1419 tanquam
606 1370 757 1418 signum
778 1370 1029 1419 obligationis.
1060 1370 1171 1407 Unde
1201 1369 1354 1408 habitus

279 1423 461 1472 regularis
489 1424 603 1461 simul
623 1424 745 1471 datur,
775 1424 837 1461 vel
866 1423 1117 1472 benedicitur,
1148 1436 1237 1461 cum
1267 1436 1354 1473 pro—

279 1478 457 1515 fessione.
714 1510 717 1515 .

332 1533 390 1569 AD
423 1543 587 1569 ‘reanum
624 1543 810 1569 nicar-mum
843 1532 950 1580 quod
988 1542 1057 1580 per
1091 1531 1352 1569 obedientiam

279 1585 414 1634 aliquis
434 1585 547 1622 offert
566 1587 658 1622 Deo>
673 1597 782 1622 suam
798 1586 1052 1633 voluntatem,
1070 1586 1130 1622 cui
1151 1585 1219 1622 etsi
1239 1585 1353 1622 subii-

279 1639 426 1676 ciantur
463 1639 595 1676 omnia
631 1640 826 1686 humana,
865 1639 1059 1686 quaedam
1097 1646 1228 1676 tamen
1266 1647 1354 1676 sunt

892 261 1162 313 QUAESTIO
1194 266 1442 314 CLXXXVI,
1471 267 1772 305 ARTICULUS
1800 269 1870 306 VII

1413 357 1511 393 quae
1549 346 1760 395 specialiter
1794 347 1864 384 sibi
1900 355 2048 385 tantum
2079 348 2315 395 subduntur,
2346 348 2487 385 scilicet

1412 398 1582 436 actiones
1601 401 1814 437 humanae:
1835 413 1926 438 nam
1946 401 2145 451 passiones
2166 402 2355 450 pertinent
2371 402 2485 439 etiam

1412 452 1461 489 ad
1481 453 1692 502 appetitum
1712 454 1947 492 sensitivum.
1977 456 2027 492 Et
2045 455 2134 492 ideo
2154 455 2203 492 ad
2224 454 2486 493 cohibendum

1410 506 1609 555 passiones
1638 508 1848 544 carnalium
1879 508 2176 546 delectationum
2197 517 2234 546 et
2253 508 2486 547 exteriorum

1382 589 1384 608 2
1410 560 1673 608 appetibilium
1703 561 1955 610 impedientes
1982 563 2258 611 perfectionem
2285 564 2400 610 vitae,
2421 575 2487 600 ne-

286 618 334 654 ad
363 624 642 665 paupertatem,
673 614 722 650 ad
758 613 865 650 cuius
903 612 1237 650 conservationem
1275 610 1385 660 reli-¹¹

1411 614 1619 652 cessarium
1639 614 1706 651 fuit
1723 621 1861 652 votum
1883 615 2137 654 continentiae
2168 625 2203 654 et
2230 616 2485 667 paupertatis:

1381 695 1383 715 ξ
1410 669 1478 705 sed
1497 668 1547 705 ad
1567 667 1852 717 disponendum
1873 668 2043 706 actiones
2066 670 2242 720 proprias
2271 672 2485 708 secundum

1410 724 1515 771 quod
1537 722 1692 770 requirit
1713 722 1958 771 perfectionis
1978 730 2107 771 status,
2129 725 2331 773 requiritur
2348 733 2485 762 votum

1410 776 1666 813 obedientiae.

1463 831 1522 866 AD
1543 841 1719 872 QUARTUM
1742 841 1928 866 monimum
1953 829 2071 879 quod,
2102 830 2198 867 sicut
2226 831 2486 881 Philosophus

1410 883 1510 930 dicit,
1536 883 1574 920 in
1595 883 1647 920 IV
1664 883 1786 920 Ethic.
1806 882 1838 930 ⁹⁸,
1867 883 1996 920 honor
2022 883 2176 933 proprie
2206 892 2242 921 et
2270 886 2485 924 secundum
2513 893 2524 904 ·

1408 937 1609 974 veritatem
1640 950 1719 974 non
1749 937 1910 974 debetur
1938 937 2009 974 nisi
2032 937 2184 975 virtuti:
2213 939 2283 975 sed
2311 939 2402 988 quia
2425 952 2486 976 ex—

1408 991 1549 1028 teriora
1579 992 1682 1028 bona
1704 991 2040 1028 instrumentaliter
2059 990 2282 1029 deserviunt
2301 994 2349 1030 ad
2370 1005 2486 1041 quos-

1410 1046 1501 1083 dam
1523 1053 1630 1082 actus
1649 1045 1846 1094 virtutum,
1877 1057 1921 1082 ex
1941 1045 2192 1095 consequenti
2214 1046 2328 1083 etiam
2347 1058 2485 1085 eorum

1410 1099 1654 1137 excellentiae
1674 1099 1956 1147 honoraliquis
1977 1099 2193 1146 exhibetur;
2225 1108 2261 1137 et
2280 1100 2486 1150 praecipue

1409 1166 1431 1191 a
1458 1154 1589 1202 vulgo,
1619 1153 1725 1202 quod
1754 1154 1877 1191 solam
1899 1153 2161 1191 excellentiam
2182 1154 2410 1192 exteriorem
2430 1166 2487 1192 re-

1409 1207 1616 1256 cognoscit.
1655 1207 1857 1246 Honorem
1883 1212 1895 1229 ⁸
1924 1207 2036 1255 igitur
2073 1208 2138 1257 qui
2167 1220 2190 1245 a
2218 1209 2304 1251 Deo
2334 1216 2372 1246 et
2400 1220 2486 1246 san-

1408 1262 1475 1299 ctis
1503 1262 1595 1299 viris
1624 1261 1848 1299 hominibus
1877 1262 2078 1299 exhibetur
2105 1269 2263 1311 propter
2290 1263 2486 1311 virtutem,

1408 1324 1523 1366 prout
1551 1315 1687 1353 dicitur
1714 1315 1753 1353 in
1773 1316 1930 1353 Psalmo
1949 1315 1981 1363 ³¹³,
2011 1316 2116 1353 Mihi
2140 1321 2268 1353 autem
2287 1316 2400 1354 nimis
2419 1317 2487 1354 ho-

1409 1370 1537 1407 norati
1561 1375 1648 1406 sunt
1676 1370 1793 1407 amici
1819 1370 1893 1416 tui,
1922 1371 2048 1416 Deus,
2083 1382 2163 1407 non
2193 1370 2377 1419 competit
2405 1369 2488 1408 reli-

1407 1424 1523 1472 giosis
1551 1423 1832 1469 abrenuntiare,
1863 1423 1929 1473 qui
1957 1424 2006 1461 ad
2035 1423 2310 1473 perfectionem
2338 1423 2488 1462 virtutis

1408 1479 1581 1515 tendunt.
1621 1477 1772 1514 Honori
1807 1485 1937 1515 autem
1972 1478 2037 1527 qui
2072 1478 2274 1516 exhibetur
2310 1477 2488 1517 exteriori

1408 1531 1666 1578 excellentiae,
1697 1531 1968 1568 abrenuntiant
1988 1544 2032 1569 ex
2052 1533 2128 1570 hoc
2156 1532 2241 1581 ipso
2271 1533 2376 1581 quod
2405 1544 2488 1570 sae-

1408 1586 1577 1622 cularem
1605 1585 1726 1622 vitam
1763 1585 2044 1634 derelinquunt.
2083 1586 2196 1624 Unde
2225 1586 2274 1624 ad
2303 1587 2379 1624 hoc
2407 1597 2487 1624 non

1408 1638 1611 1687 requiritur
1639 1638 1804 1688 speciale
1831 1647 1982 1676 votum.

328 1778 349 1807 ε)
367 1776 514 1801 Honorem.
527 1790 546 1794 -
565 1775 674 1801 Honor-1⁰
700 1775 792 1806 PHsA,
818 1775 915 1801 Honor
934 1775 964 1800 D.
977 1788 996 1794 -
1015 1775 1065 1800 Pro
1084 1782 1102 1800 a
1123 1775 1181 1800 Deo
1206 1778 1233 1800 et
1257 1775 1358 1800 sanctis
1377 1775 1443 1800 viris
1463 1775 1622 1805 hominibus,
1644 1775 1703 1800 Deo
1722 1779 1748 1800 er
1765 1775 1867 1801 sanctis
1886 1775 2009 1801 omnibus
2030 1776 2058 1802 P.

955 1859 1298 1891 commentaria
1320 1858 1580 1893 cardinalis
1600 1858 1810 1892 Caietam

307 1957 326 1977 N
351 1946 484 1977 articulo
501 1945 638 1986 septimo
663 1944 807 1975 eiusdem
830 1944 1038 1986 quaestionis,
1054 1951 1130 1976 nota
1147 1945 1236 1986 quod
1253 1951 1353 1976 status
1377 1949 1379 1984 ξ

280 1960 301 2020 Ι
1377 1985 1379 1997 ³
1406 1996 1480 2020 sunt
1503 1996 1675 2030 potestate:
1702 1989 1756 2020 sed
1781 1989 1915 2021 refertur
1937 1989 1977 2020 ad
2002 1989 2113 2021 merita
2137 1989 2312 2021 honorum.

308 1991 467 2032 religionis
492 1990 586 2021 habet
610 1996 646 2021 ut
669 1990 842 2020 terminum
867 2000 884 2020 a
909 1999 992 2031 quo,
1017 1991 1212 2021 saecularem
1237 1990 1351 2028 vitam;

276 2044 307 2067 et
331 2044 366 2067 ut
388 2036 563 2067 terminum
586 2035 625 2065 ad
650 2045 748 2075 quem
776 2035 1007 2075 perfectionem
1032 2035 1178 2067 caritatis.
1214 2035 1255 2066 Et
1278 2045 1352 2076 pro-

276 2088 382 2122 pterea
417 2088 463 2112 est
491 2088 521 2112 et
552 2080 643 2121 quies
674 2087 818 2121 respectu
847 2080 1072 2112 sollicitudinis
1103 2080 1289 2116 saecularis;
1323 2086 1379 2110 et<

275 2126 458 2158 exercitium
482 2137 517 2157 ac
541 2126 745 2166 disciplinalis
762 2132 871 2156 motus
895 2126 935 2156 ad
959 2125 1188 2166 perfectionem
1205 2124 1350 2156 caritatis.

276 2171 316 2202 Et
339 2172 421 2202 inter
444 2172 522 2203 haec
539 2172 615 2208 duo,
641 2172 759 2202 scilicet
777 2170 920 2212 quietem
936 2182 954 2201 a
970 2170 1185 2202 sollicitudine
1201 2169 1353 2201 saeculari

276 2223 307 2247 et
330 2223 458 2248 motum
481 2218 521 2248 ad
546 2216 785 2257 perfectionem,
802 2216 920 2247 mediat
936 2215 1146 2247 immobilitas
1163 2215 1272 2250 animi,
1289 2225 1354 2256 qua

276 2259 420 2292 firmatur
445 2260 612 2302 religiosus
635 2261 668 2291 in
694 2261 755 2292 hoc
779 2267 872 2291 statu.
899 2261 940 2292 Et
963 2260 1039 2301 quia
1062 2260 1270 2291 immobilitas
1294 2260 1353 2290 ista

276 2305 311 2337 fit
335 2306 496 2338 oblatione
521 2306 570 2336 sui
594 2312 624 2336 et
644 2315 779 2336 suorum
796 2305 945 2336 omnium
969 2305 1008 2335 ad
1033 2305 1149 2341 Deum,
1166 2304 1239 2335 ideo
1257 2304 1353 2335 etiam

276 2350 504 2382 holocaustum
527 2357 668 2381 vocatur.
700 2350 735 2380 ln
760 2360 837 2391 quo,
859 2360 895 2389 ex
915 2349 1150 2381 universalitate
1169 2348 1352 2385 oblationis,

277 2396 480 2428 concluditur
504 2394 674 2427 consistere
697 2395 731 2426 in
755 2395 855 2426 tribus
877 2394 1184 2435 votisffieligionem.
1208 2394 1297 2425 Sicut
1316 2403 1353 2424 ex

278 2440 448 2472 universali
472 2441 578 2482 quiete
602 2439 781 2471 intellectus
805 2439 934 2480 practici
958 2439 1039 2471 circa
1062 2439 1245 2476 saecularia,
1263 2438 1353 2470 cuius

277 2492 365 2516 actus
390 2493 436 2517 est
459 2485 653 2522 sollicitudo,
678 2485 764 2516 idem
789 2485 1000 2516 concluditur.
1025 2484 1066 2516 Et
1082 2495 1119 2516 ex
1136 2483 1294 2515 munditia
1309 2483 1353 2514 af—

276 2530 407 2562 fectivae
430 2530 539 2571 partis,
563 2540 645 2571 quae
670 2529 912 2571 comprehendit
928 2529 1107 2571 appetitum
1123 2528 1352 2560 intellectivum

277 2582 307 2606 et
331 2575 528 2613 sensitivum,
554 2575 640 2606 idem
665 2575 876 2606 concluditur.

334 2621 371 2652 11.
398 2621 431 2651 ln
456 2620 666 2661 responsione
694 2620 733 2651 ad
758 2620 906 2656 tertium,
938 2625 1015 2649 nota
1039 2617 1129 2659 quod
1153 2618 1353 2650 obedientiae
1378 2658 1380 2664 y

276 2671 391 2696 votum
407 2666 502 2697 habet
517 2665 679 2706 duplicem
696 2665 872 2696 materiam.
894 2664 1028 2700 Scilicet,
1047 2663 1210 2704 propriam
1227 2673 1262 2694 ac
1279 2674 1353 2705 pro-

277 2710 451 2752 pinquam:
486 2718 516 2742 et
546 2711 623 2742 haec
651 2710 826 2750 integratur
858 2720 895 2741 ex
924 2709 1103 2741 actionibus
1126 2708 1292 2746 humanis,
1318 2717 1353 2741 ut

277 2756 418 2787 actiones
435 2756 676 2796 distinguuntur
691 2763 802 2787 contra
818 2755 994 2796 passiones.
1018 2754 1090 2786 Alia
1107 2761 1154 2786 est
1169 2754 1353 2785 communis

278 2808 309 2832 et
332 2809 470 2832 remota:
495 2808 526 2832 et
550 2801 627 2832 haec
651 2801 824 2842 integratur
848 2811 884 2832 ex
905 2799 1107 2840 passionibus
1125 2800 1353 2842 concupiscen-

278 2845 339 2876 tiae
357 2846 457 2877 carnis
473 2854 503 2877 et
519 2845 700 2886 cupiditatis
716 2846 944 2886 temporalium
961 2846 1135 2876 bonorum.
1152 2845 1240 2876 Haec
1257 2845 1352 2882 enim,

279 2891 354 2932 quia
377 2891 495 2922 cadunt
519 2898 549 2922 et
573 2892 632 2922 sub
649 2898 726 2923 voto
744 2891 891 2923 castitatis
921 2897 951 2922 et
974 2890 1178 2931 paupertatis,
1204 2897 1235 2921 et
1258 2890 1353 2922 etiam
1379 2900 1381 2923 ὲ

279 2936 338 2966 sub
363 2942 440 2966 voto
464 2935 673 2974 obedientiae,
698 2936 738 2967 ad
762 2946 971 2967 communem
991 2936 1156 2968 materiam
1180 2943 1258 2966 voto
1275 2937 1352 2967 obe-

281 2981 415 3011 dientiae
439 2987 470 3011 et
493 2981 560 3011 aliis
584 2982 667 3012 votis
696 2989 848 3022 spectant.
883 2982 924 3012 Et
947 2981 1022 3022 quia
1045 2979 1259 3012 mediantibus
1283 2991 1354 3021 pas-

280 3026 425 3056 sionibus
449 3035 582 3057 venerea
606 3034 637 3058 et
661 3027 849 3068 temporalia
873 3026 1053 3058 reseruntur
1069 3027 1107 3057 ad
1127 3026 1353 3063 obedientiam,

280 3071 352 3101 ideo
378 3077 517 3101 remotae
541 3071 690 3103 materiae
714 3072 871 3103 rationem
895 3072 1012 3102 habent
1035 3078 1180 3112 respectu
1196 3070 1263 3102 voti
1279 3071 1353 3102 obe-

281 3115 425 3147 dientiae.
454 3116 606 3148 Actiones
630 3123 754 3152 autem,
780 3117 855 3158 quia
879 3116 939 3147 soli
962 3116 1121 3147 voluntati
1145 3116 1295 3152 subsunt,
1325 3122 1355 3146 et

282 3161 427 3202 propriae
452 3169 482 3193 et
506 3161 708 3202 propinquae
733 3161 882 3193 materiae
906 3168 1050 3202 respectu
1072 3160 1271 3192 obedientiae
1286 3160 1354 3191 voti

283 3206 439 3236 rationem
464 3207 590 3238 habent.

339 3251 390 3282 111.
411 3251 446 3281 In
463 3251 671 3292 responsione
687 3251 727 3281 ad
744 3258 906 3292 quartum,
923 3250 1067 3291 perspice
1083 3250 1249 3290 diligenter
1265 3250 1355 3291 quod

283 3294 363 3326 inter
394 3296 567 3333 bonorem,
599 3304 630 3328 et
652 3306 785 3327 venerea
809 3306 844 3328 ac
868 3296 1057 3336 temporalia
1081 3296 1181 3331 bona,
1206 3295 1285 3326 haec
1308 3301 1356 3326 est

285 3339 456 3372 differentia
480 3340 655 3378 manifeste,
680 3342 770 3382 quod
792 3342 896 3372 honor
920 3350 982 3371 non
1008 3346 1055 3372 est
1077 3340 1227 3371 honorati
1249 3344 1352 3378 actus,

284 3385 340 3415 sed
362 3385 549 3418 honorantis
563 3386 597 3416 *ι
623 3387 737 3418 habere
761 3393 870 3417 autem
894 3385 1018 3416 divitias
1035 3395 1070 3416 ac
1088 3384 1134 3416 uti
1150 3383 1292 3415 venereis
1308 3390 1355 3415 est

284 3428 316 3458 in
341 3436 494 3469 potestate
518 3431 697 3463 voluntaria
727 3430 795 3462 eius
820 3430 910 3461 cuius
939 3437 1013 3461 sunt
1037 3437 1067 3460 et
1091 3429 1146 3471 qui
1171 3429 1355 3460 delectatur.

285 3473 326 3503 Et
356 3483 522 3516 propterea
549 3476 638 3507 aliter
662 3482 789 3516 oportet
812 3475 879 3505 fieri
910 3482 940 3505 et
964 3474 1096 3514 intelligi
1121 3474 1355 3504 abdicationem

285 3519 428 3558 honoris,
453 3528 482 3551 et
506 3520 687 3552 divitiarum
712 3527 741 3551 et
764 3529 985 3550 venereorum.
1009 3520 1092 3550 Nam
1117 3518 1272 3550 abdicatio
1297 3518 1356 3548 ho—

286 3574 357 3596 rum
381 3565 416 3597 fit
439 3565 613 3596 auferendo
638 3575 654 3595 a
670 3575 727 3595 sua
743 3564 907 3595 voluntate
933 3571 1123 3604 potestatem
1148 3563 1231 3594 licite
1254 3562 1356 3603 possi-

286 3610 380 3641 dendi
406 3610 574 3652 proprium
598 3616 628 3640 et
651 3609 759 3639 utendi
784 3608 935 3639 venereis.
971 3607 1140 3638 Abdicatio
1165 3614 1273 3638 autem
1297 3606 1355 3637 ho-

1406 1944 1493 1975 noris
1525 1955 1591 1975 non
1616 1951 1723 1986 potest
1752 1945 1793 1975 ad
1816 1944 1904 1985 ipsos
1933 1944 2074 1975 honores
2098 1943 2223 1982 referri,
2248 1945 2304 1987 qui
2327 1945 2360 1976 in
2384 1945 2488 1986 aliena

1463 2034 1504 2066 Et
1538 2034 1612 2065 ideo
1640 2034 1674 2064 in
1701 2034 1805 2065 littera
1833 2034 2074 2076 distinguuntur
2097 2034 2210 2066 merita
2233 2034 2415 2072 honorum,
2440 2035 2487 2066 di-

1406 2079 1509 2110 cendo
1533 2080 1623 2121 quod
1649 2087 1696 2111 est
1719 2079 1856 2120 duplex:
1882 2079 2001 2112 scilicet
2023 2079 2138 2117 virtus,
2163 2088 2196 2111 et
2217 2079 2412 2111 exteriorum
2434 2089 2488 2112 ex-

1406 2124 1561 2155 cellentia.
1587 2125 1729 2156 Debetur
1751 2124 1912 2166 siquidem
1930 2124 2039 2156 virtuti
2062 2125 2178 2157 honor.
2203 2124 2255 2162 Et,
2273 2132 2309 2157 ut
2323 2124 2487 2158 dicitnr-,in

1406 2168 1449 2199 lv
1473 2169 1578 2200 Eehic.
1601 2169 1634 2207 *‚
1660 2170 1854 2201 exteriorum
1877 2170 2062 2202 excellentia
2094 2171 2290 2202 honoratur:
2316 2180 2354 2201 ex
2377 2169 2487 2203 debito

1406 2214 1561 2254 quodam,
1576 2224 1634 2255 pro
1651 2222 1774 2256 quanto
1791 2222 1866 2246 sunt
1881 2215 2093 2248 instrumenta
2109 2215 2276 2252 virtutum,
2290 2221 2320 2247 et
2336 2215 2488 2249 deberent

1407 2268 1475 2289 esse
1491 2258 1580 2299 signa
1602 2259 1768 2296 virtutum,
1793 2260 1874 2292 sicut
1898 2268 1934 2292 ut
1955 2260 1988 2291 in
2013 2259 2158 2302 pluribus
2179 2267 2255 2291 sunt
2279 2259 2370 2301 signa
2385 2266 2487 2293 status

1405 2302 1553 2340 virtuosi,
1579 2311 1657 2344 puta
1680 2305 1868 2344 regentium,
1895 2305 2143 2342 dominantium,
2168 2305 2360 2346 primatum;
2395 2312 2427 2337 et
2449 2314 2487 2337 ex

1405 2347 1528 2388 vulgari
1554 2349 1764 2385 observantia,
1782 2350 1969 2382 excellentes
1989 2350 2149 2391 siquidem
2164 2349 2198 2381 in
2211 2349 2261 2381 his
2277 2349 2488 2382 exterioribus

1407 2391 1607 2424 honorantur
1632 2404 1650 2424 a
1674 2394 1784 2434 vulgo.

1463 2437 1596 2475 Rursus,
1614 2438 1689 2479 quia
1708 2438 1816 2470 virtuti
1836 2440 1969 2471 debetur
1988 2446 2122 2481 uterque
2146 2439 2261 2476 honor,
2279 2437 2399 2470 scilicet
2418 2449 2485 2470 sae-

1407 2482 1532 2519 cularis,
1549 2490 1579 2514 et
1595 2490 1738 2515 sanctus:
1764 2502 1785 2508 -
1809 2491 1840 2516 et
1863 2484 1902 2515 de
1927 2491 2037 2516 sancto
2061 2491 2148 2526 patet
2170 2484 2203 2515 in
2225 2483 2330 2515 linera
2346 2494 2384 2515 ex
2399 2493 2487 2516 sacra

1406 2526 1579 2568 Scriptura.
1610 2528 1658 2559 De
1682 2528 1835 2560 saeculari
1859 2536 1962 2570 patet,
1987 2529 2064 2571 quia
2089 2530 2217 2561 virtutis
2233 2529 2423 2570 praemium
2439 2526 2487 2560 di—

1407 2571 1488 2602 citur
1503 2572 1535 2603 *z
1562 2579 1593 2604 et
1611 2583 1647 2603 ex
1672 2573 1805 2610 ratione,
1822 2574 1898 2615 quia
1914 2584 1952 2605 ex
1967 2585 2035 2616 quo
2060 2574 2193 2605 debetur
2216 2572 2362 2604 exteriori
2386 2573 2486 2605 excel-

1405 2617 1520 2647 lentiae
1545 2618 1667 2649 ratione
1683 2618 1819 2657 virtutis,
1837 2619 1928 2650 cuius
1945 2626 1992 2650 est
2008 2619 2136 2660 signum
2151 2625 2208 2650 aut
2222 2617 2486 2656 instrumentum,
2512 2607 2534 2630 d

1407 2672 1424 2692 a
1448 2662 1571 2693 fortiori
1597 2663 1729 2695 debetur
1753 2663 1814 2705 ipsi
1837 2664 1962 2702 virtuti;
1988 2669 2126 2706 propter
2147 2663 2234 2705 quod
2256 2663 2343 2694 enim
2367 2672 2486 2695 unum·-

1379 2715 1380 2718 ’
1406 2707 1571 2748 quodque,
1596 2708 1679 2740 illud
1708 2710 1831 2750 magis,
1857 2716 1894 2741 ut
1925 2709 2041 2741 dicitur
2070 2709 2103 2740 in
2132 2708 2144 2739 1
2172 2707 2439 2740 Mariorum&
2463 2725 2485 2732 -

1407 2759 1438 2782 et
1460 2753 1535 2794 quia
1565 2753 1704 2794 religiosi
1728 2754 1923 2786 saecularem
1945 2754 2044 2786 vitam
2068 2765 2087 2786 a
2109 2764 2142 2785 se
2166 2753 2329 2784 abdicant:
2354 2752 2428 2784 ideo
2449 2752 2485 2793 in

1406 2797 1517 2835 littera,
1539 2798 1577 2829 de
1601 2799 1754 2830 saeculari
1777 2799 1901 2831 honore
1924 2799 2101 2841 loquendo,
2127 2805 2302 2840 utrumque
2325 2796 2485 2838 tangitur:

1379 2850 1381 2860 >
1407 2843 1525 2874 scilicet
1557 2850 1587 2874 et
1615 2844 1705 2885 quod
1734 2843 1873 2885 religiosi
1905 2844 2057 2875 saeculari
2082 2843 2198 2874 honori
2223 2841 2424 2882 renuntiant;
2455 2848 2487 2873 et

1407 2889 1496 2930 quod
1520 2889 1582 2919 hoc
1605 2889 1726 2920 faciunt
1749 2889 1927 2920 abdicando
1951 2899 1969 2920 a
1993 2899 2025 2920 se
2049 2888 2145 2925 illius,
2169 2897 2237 2918 non
2261 2886 2396 2918 radicale
2418 2894 2488 2917 me-

1407 2934 1514 2970 ritum,
1539 2935 1629 2975 quod
1653 2941 1701 2966 est
1715 2933 1825 2970 virtus,
1843 2934 1898 2965 sed
1914 2934 1998 2965 illius
2014 2933 2198 2975 proximum
2214 2931 2378 2968 meritum,
2393 2931 2485 2972 quod

1408 2987 1454 3011 est
1478 2980 1560 3010 vitae
1583 2979 1768 3016 saecularis;
1798 2979 1861 3010 hoc
1892 2979 1979 3010 enim
2009 2978 2195 3020 exemplum
2217 2976 2361 3008 Salvator
2391 2974 2486 3006 nobis

1408 3025 1544 3061 tradidit,
1564 3025 1644 3056 dum
1660 3024 1764 3055 noluit
1784 3023 1935 3056 honorari
1951 3025 1991 3055 ab
2009 3022 2194 3054 hominibus
2210 3019 2392 3052 volentibus
2408 3029 2485 3052 eum

1408 3070 1439 3101 in
1464 3079 1572 3110 regem
1596 3069 1655 3101 sibi
1686 3067 1855 3111 praeficere
1877 3068 1903 3100 *.
1938 3069 1987 3100 De
2010 3068 2134 3100 honore
2163 3072 2270 3097 autem
2295 3071 2426 3102 sancto,
2451 3067 2484 3096 in

1408 3115 1510 3146 littera
1535 3113 1720 3156 simpliciter
1745 3113 1859 3145 dicitur
1881 3113 1972 3155 quod
1995 3122 2062 3144 non
2086 3109 2235 3142 convenit
2259 3108 2414 3151 religiosis
2438 3118 2485 3141 re·

1410 3160 1555 3190 nuntiare
1579 3159 1637 3190 illi.

1465 3204 1517 3235 1v.
1535 3204 1597 3236 Ubi
1621 3203 1852 3234 advertendum
1875 3209 1923 3233 est
1944 3201 2044 3243 quod,
2065 3199 2142 3241 quia
2170 3199 2276 3230 honor
2298 3198 2485 3230 ecclesiana-

1410 3259 1465 3280 cus
1481 3249 1595 3290 procul
1611 3248 1712 3280 dubio
1734 3254 1862 3279 sanctus
1876 3246 1983 3278 honor
2005 3251 2061 3282 est,
2079 3244 2154 3286 quia
2171 3244 2311 3276 Ecclesia
2327 3243 2399 3285 ipsa
2411 3253 2484 3276 san-

1409 3301 1458 3325 cta
1482 3301 1545 3330 est;
1579 3293 1652 3324 ideo
1677 3302 1743 3324 non
1774 3298 1895 3332 spectat
1920 3290 1959 3322 ad
1984 3289 2213 3331 perfectionem
2246 3287 2407 3329 religionis
2437 3297 2484 3319 re-

1410 3338 1555 3370 nuntiare
1588 3335 1805 3369 ecclesiasticis
1833 3334 2022 3366 honoribus.
2055 3334 2214 3372 Quocirca
2238 3331 2484 3374 reprehensione

1410 3383 1497 3423 digni
1514 3389 1589 3413 sunt
1605 3380 1743 3422 religiosi
1771 3379 1951 3411 abdicantes
1968 3390 1985 3410 a
2003 3379 2067 3410 suis
2090 3379 2230 3410 honores
2255 3376 2427 3418 magisterii
2450 3374 2483 3407 in

1409 3426 1589 3467 theologia:
1614 3426 1695 3457 sicut
1727 3424 1977 3466 reprehendendi
2006 3431 2110 3455 essent
2133 3423 2159 3454 si
2183 3423 2383 3464 presbyteros
2412 3420 2482 3452 nol-

1410 3473 1475 3503 lent
1499 3471 1614 3502 habere
1637 3479 1714 3500 suos
1745 3469 1821 3510 quia
1846 3469 2024 3500 honorandi
2054 3475 2129 3500 sunt
2151 3468 2225 3499 loco
2253 3474 2284 3498 et
2308 3466 2376 3497 aliis
2400 3470 2485 3496 reve-

1411 3515 1528 3547 rentiae
1547 3514 1655 3554 signis.
1680 3514 1721 3545 Et
1743 3514 1862 3555 loquor
1879 3514 1916 3545 de
1941 3513 2148 3554 religionibus
2166 3511 2318 3543 institutis
2342 3510 2382 3542 ad
2397 3519 2484 3551 prae-

1410 3559 1599 3591 dicandum:
1637 3559 1668 3589 in
1703 3558 1819 3600 quibus
1851 3565 1974 3590 constat
2002 3565 2128 3589 sanctos
2157 3557 2264 3588 Patres
2295 3553 2482 3587 huiusmodi

1411 3605 1533 3635 honore
1558 3604 1703 3634 donatos.

2513 1325 2525 1336 ⁸
2546 1322 2586 1346 Pu.
2609 1325 2729 1350 mu,

2511 1355 2621 1378 ves-17.

2513 2178 2524 2190 ·
2537 2177 2681 2202 laede-in
2693 2178 2729 2201 nt.

2511 2581 2524 2593 ⁴
2536 2579 2572 2604 IV
2579 2579 2671 2608 M„
2681 2572 2726 2604 loe'.

2535 2611 2562 2636 t„
2571 2613 2596 2630 n.
2609 2613 2674 2657 mbo.
2681 2607 2727 2630 Th.

2511 2635 2616 2662 laeam,
2657 2633 2727 2662 Nm.

2510 2667 2623 2711 ῗὲἶηὶἒ
2632 2666 2693 2711 zv?
2707 2667 2728 2684 ⁸·

2511 2714 2597 2766 §.⁶32
2605 2721 2666 2764 '1¹:33
2677 2720 2727 2764 ’,ἱ

2511 3071 2521 3082 ·
2540 3070 2604 3094 Iona.
2627 3077 2679 3100 cap.
2694 3077 2727 3099 vr,

2509 3103 2532 3120 n.
2548 3103 2578 3127 ¹5-
