2768 4198
80 837 248 863 ’ὤιμην-ω,
251 843 291 864 qu.

79 871 96 892 1,
105 864 134 886 nd
148 870 195 893 arg.
207 870 214 885 1
229 866 290 885 cont.

79 881 183 916 iunctus.
197 896 217 919 3.

75 937 79 940 ⁴
78 921 160 950 ‘Cap
174 928 198 943 x.

95 2681 306 2712 ‘Qu-cxxv111‚ar·t.

95 2713 164 2732 unic..
176 2707 206 2728 nd
215 2707 238 2729 6.
250 2718 260 2724 -
269 2706 306 2729 Cf.

94 2739 234 2762 qmexxxvn,
240 2737 282 2755 nrt.
286 2740 306 2762 3.

97 2951 110 2965 ’-
122 2951 179 2979 cap.
193 2956 275 2972 xxvnr.

97 3059 310 3087 Quaesumus„

98 3093 149 3115 cap.
163 3093 210 3108 xvr.

100 3269 186 3300 ⁸Cap-
207 3275 264 3295 nv,
284 3269 311 3290 al.

100 3302 157 3321 xvu.
172 3296 196 3317 in
206 3299 250 3317 vet.
262 3301 312 3323 cap.

100 3329 164 3344 xxxi.

315 1325 402 1365 ‘quin
426 1323 501 1354 oriri
525 1333 562 1354 ex
585 1323 663 1353 vitio
686 1321 822 1352 finaliter
845 1322 886 1352 sit
908 1321 1010 1361 magis
1028 1321 1104 1351 oriri
1127 1322 1306 1351 secundum
1326 1330 1397 1350 mo-

291 1520 297 1524 ·
324 1505 355 1532 et
377 1501 505 1532 Baccho
528 1500 631 1542 friget
660 1500 764 1531 Venus
777 1501 805 1531 *.
824 1517 846 1523 -
866 1499 940 1530 Alio
962 1499 1074 1535 modo,
1099 1499 1277 1529 secundum
1294 1507 1399 1528 mora-
1425 1491 1427 1499 ’

291 1548 297 1559 ’
323 1546 388 1576 lem
413 1552 532 1576 ortum.
556 1545 598 1576 Et
620 1544 674 1581 sic,
699 1544 775 1585 quia
795 1543 867 1574 finis
882 1543 915 1574 in
932 1544 1108 1574 moralibus
1132 1544 1227 1574 habet
1242 1543 1400 1573 rationem
1426 1545 1428 1584 ξ

288 1604 299 1609 -
325 1589 472 1631 principii
486 1590 514 1626 *,
538 1590 611 1620 ideo
627 1596 716 1620 ortus
731 1589 798 1620 vitii
821 1599 860 1619 ex
873 1587 941 1619 vitii
957 1588 1020 1619 fine
1039 1589 1177 1619 maxime
1193 1598 1211 1618 a
1225 1588 1401 1618 moralibus
1427 1585 1429 1608 Ε

292 1637 298 1669 ἶ
324 1635 575 1666 considerandus
598 1641 654 1665 est.
679 1634 721 1664 Et
744 1640 912 1674 propterea
936 1640 1042 1664 totum
1062 1633 1252 1673 oppositum
1271 1640 1318 1663 est
1334 1632 1402 1663 eius

1004 274 1273 321 QUAESTIO
1304 274 1440 320 CLIII,
1470 273 1769 310 ARTICULUS
1799 273 1832 309 V
2439 284 2509 309 211

316 363 420 392 ctum
450 362 526 401 est,
558 367 646 392 cum
676 354 724 391 de
750 354 852 391 inani
882 354 1001 402 gloria
1034 361 1228 401 ageretur,
1260 366 1389 402 super·
1415 355 1417 364 ³

315 409 377 445 bia
406 408 561 456 ponitur
583 408 816 445 'communis
855 416 977 444 mater
1004 407 1180 444 omnium
1215 415 1390 455 peccato·
1416 423 1417 426 ¹

317 473 420 498 rum:
459 469 496 498 et
524 461 611 498 ideo
648 461 763 498 etiam
799 461 890 497 vitia
928 461 1101 509 capitalia
1131 473 1175 496 ex
1211 461 1417 509 superbia;

317 521 504 552 oriuntur.

370 570 429 605 AD
467 579 628 605 TERTmM
660 579 848 605 nicENDuM
882 569 987 616 quod
1021 580 1042 604 a
1076 567 1389 604 delectationibus

1445 353 1614 390 luxuriae
1643 353 1847 401 praecipue
1869 352 1983 401 aliqui
2014 352 2204 388 abstinent
2228 360 2384 401 propter
2407 365 2515 401 spem

1445 407 1594 444 futurae
1610 407 1764 454 gloriae,
1781 418 1898 454 quam
1920 405 2135 455 desperatio
2152 406 2348 442 subtrahit.
2366 407 2414 442 Et
2429 406 2515 443 ideo

1446 469 1576 497 causat
1604 460 1793 497 luxuriam
1822 460 1918 496 sicut
1946 472 2153 496 removens
2182 460 2408 508 prohibens:
2440 472 2518 496 non

1416 516 1417 551 ξ
1445 514 1541 550 sicut
1568 526 1637 562 per
1665 527 1705 550 se
1736 526 1861 560 causa,
1886 513 1993 562 quod
2021 513 2173 550 videtur
2201 513 2338 562 requiri
2361 513 2409 549 ad
2428 513 2519 549 vitia

1416 572 1417 617 J
1446 567 1630 616 capitalia.

991 664 1326 697 Commentaria
1350 663 1602 697 Cardinalis
1625 664 1825 697 Caietam

350 755 369 775 N
394 744 528 775 articulo
546 752 660 785 quarto
686 745 829 775 eiusdem
854 745 1390 785 centesimaequinquagesimaeter-
1417 748 1419 782 ἰ
1446 752 1535 775 ortus
1559 755 1596 775 ex
1619 744 1692 780 fine,
1719 751 1830 784 utpote
1855 755 1891 774 ex
1914 744 2072 784 principio
2091 745 2124 774 in
2140 754 2254 785 genere
2269 744 2386 780 moris;
2414 751 2443 774 et
2463 744 2521 774 rni-

323 757 412 820 Itiae
435 789 643 830 quaestionis,
667 789 701 819 in
725 789 933 829 responsione
957 790 997 820 ad
1020 790 1172 830 primum,
1196 789 1332 820 dubium
1355 799 1391 820 ex
1418 783 1419 797 ¹
1447 790 1533 819 nime
1564 790 1715 820 naturalis
1743 797 1790 819 est
1818 796 1906 819 ortus
1934 799 1971 819 ex
2002 796 2091 829 parte
2119 789 2288 825 materiae,
2314 795 2426 830 utpote
2455 799 2521 818 non

318 834 457 865 Martino
481 834 629 871 occurrit,
654 834 774 864 ibidem
789 834 820 870 ²¹¹,
847 841 996 874 arguente
1021 841 1131 865 contra
1154 834 1236 864 hanc
1260 844 1391 874 respon·
1446 834 1600 870 formalis,
1625 835 1680 864 sed
1704 833 1873 864 materialis
1896 840 2032 864 tantum.
2058 833 2190 874 Optime
2205 843 2280 873 ergo
2296 834 2373 864 dixit
2388 836 2521 869 Auctor,

319 878 444 910 sionem
466 878 557 919 quod
580 879 642 909 hoc
661 879 786 909 videtur
803 888 869 908 esse
886 886 996 909 contra
1010 879 1222 910 intentionem
1239 877 1392 915 Cassiani,
1418 908 1420 923 4
1446 878 1498 908 hic
1522 885 1552 909 et
1574 878 1649 908 alibi
1662 878 1689 914 *,
1715 885 1823 908 ortum
1846 878 1998 909 vitiorum
2022 888 2059 908 ex
2075 878 2202 918 capitali
2218 878 2295 909 vitio
2312 879 2435 909 ratione
2451 877 2522 908 finis

322 923 439 954 Collat.
464 923 493 954 V
515 923 542 959 *,
563 923 628 960 ubi,
647 923 685 954 de
709 923 831 964 origine
856 923 994 954 maxime
1018 923 1153 955 naturali
1176 923 1323 963 loquenS,
1345 922 1392 952 di-
1419 925 1420 933 ¹
1448 932 1582 963 ponens.

320 967 361 998 cit
376 967 467 1008 quod
482 967 717 999 incrementum
732 967 978 1008 gastrimargiae,
994 978 1050 999 seu
1074 968 1177 1008 gulae,
1195 974 1242 998 est
1264 967 1394 998 initium
1503 967 1554 997 Ad
1577 966 1610 996 id
1633 973 1742 997 autem
1766 967 1856 1006 quod
1880 966 2006 996 additur
2030 966 2231 1003 obiiciendo,
2257 968 2332 1007 quia
2366 967 2419 997 ubi
2439 967 2524 1008 finis

320 1012 474 1043 luxuriae.
1420 1019 1421 1024 ¹
1442 1016 1550 1052 potest
1563 1010 1675 1041 haberi
1689 1011 1760 1040 sine
1776 1011 1894 1040 talibus
1910 1011 1996 1041 vitiis
2012 1018 2070 1041 etc.
2083 1020 2089 1040 :
2115 1011 2327 1051 respondetur
2342 1012 2431 1052 quod
2448 1011 2523 1041 oriri

376 1057 557 1093 Praeterea,
581 1057 636 1087 illa
658 1056 749 1097 origo
770 1067 852 1097 quae
877 1063 924 1087 est
947 1067 984 1087 ex
1007 1063 1095 1096 parte
1118 1056 1200 1092 finis,
1218 1063 1264 1086 est
1287 1056 1394 1085 minus
1420 1075 1422 1099 3
1448 1065 1486 1085 ex
1510 1055 1572 1085 fine
1595 1054 1663 1085 vitii
1688 1064 1754 1084 non
1778 1054 1934 1094 contingit
1958 1064 2024 1084 uno
2042 1056 2152 1091 modo,
2178 1056 2297 1086 scilicet
2321 1063 2356 1086 ut
2380 1056 2524 1086 medium

321 1101 488 1132 naturalis:
514 1101 590 1142 quia
614 1101 669 1132 ubi
693 1108 799 1142 potest
817 1101 924 1132 haberi
943 1100 1015 1131 finis
1030 1101 1173 1131 luxuriae
1192 1100 1258 1131 sine
1274 1099 1395 1130 actibus
1421 1101 1422 1114 ¹
1449 1100 1490 1130 ad
1513 1098 1626 1135 finem;
1658 1099 1713 1129 sed
1737 1098 1834 1128 etiam
1857 1105 1894 1129 ut
1916 1106 2115 1138 acceptatum
2143 1107 2273 1140 propter
2298 1101 2429 1130 nimiam
2453 1099 2525 1130 finis

321 1146 460 1177 aliorum
483 1146 647 1182 vitiorum,
672 1156 738 1176 non
762 1145 912 1186 producit
935 1145 1067 1185 aliquod
1091 1154 1214 1175 eorum.
1421 1148 1423 1156 ⁸
1450 1143 1743 1183 concupiscentiam
1767 1150 1798 1173 et
1820 1143 2081 1179 delectationem;
2107 1144 2187 1174 sicut
2211 1145 2334 1174 adulter
2355 1155 2420 1174 non
2438 1152 2526 1175 curat

381 1190 419 1221 11.
443 1191 494 1221 Ad
517 1191 594 1221 haec
617 1190 732 1221 dicitur
754 1189 861 1230 primo
889 1189 995 1230 quod,
1019 1189 1092 1220 licet
1115 1189 1286 1220 Cassianus
1317 1186 1397 1218 affir-
1450 1188 1610 1218 incurrere
1647 1187 1761 1217 odium
1794 1187 1990 1222 multorum,
2021 1189 2110 1228 quod
2142 1195 2249 1218 tamen
2281 1199 2347 1219 non
2378 1189 2463 1229 eligit
2492 1196 2527 1219 ut

323 1242 389 1266 met
415 1235 448 1265 id
481 1235 571 1276 quod
601 1237 724 1265 Auctor
750 1234 784 1264 in
813 1234 915 1264 littera
943 1233 1034 1269 dicit,
1060 1233 1177 1263 scilicet
1201 1233 1290 1273 quod
1313 1232 1395 1273 gula
1422 1237 1424 1272 ξ
1452 1231 1596 1261 medium
1621 1232 1660 1261 ad
1683 1230 1791 1261 finem.
1821 1231 1862 1262 Et
1890 1231 1952 1262 hoc
1982 1233 2082 1262 modo
2104 1232 2187 1263 filiae
2210 1233 2351 1263 luxuriae
2381 1234 2527 1264 oriuntur

321 1280 496 1317 ministrat
507 1278 677 1310 materiam
702 1279 866 1315 luxuriae,
893 1287 929 1307 ex
953 1277 1014 1307 boc
1039 1283 1146 1307 tamen
1166 1287 1232 1307 non
1253 1276 1397 1316 sequitur
1423 1296 1424 1301 ,
1452 1286 1489 1306 ex
1512 1275 1655 1306 luxuriae
1682 1274 1754 1306 fine.
1780 1275 1978 1306 Luxuriosus
2003 1276 2163 1316 siquidem
2186 1277 2219 1306 in
2244 1284 2369 1307 tantum
2393 1278 2527 1308 delecta-

1423 1340 1425 1362 χ
1451 1320 1532 1350 tioni
1563 1329 1717 1350 venereae
1741 1319 1883 1351 afficitur'
1898 1327 1934 1351 ut
1958 1330 2024 1350 non
2049 1327 2137 1351 curet
2164 1321 2322 1352 incurrere
2347 1322 2527 1352 caecitatem

322 1368 421 1399 talem
452 1367 693 1407 generationem
719 1366 883 1397 vitiorum.
923 1366 1023 1406 Origo
1055 1365 1214 1406 siquidem
1244 1365 1397 1395 vitiorum
1424 1370 1425 1386 ³
1452 1364 1579 1400 mentis,
1591 1364 1898 1404 praecipitationem,
1911 1365 2246 1402 inconsiderationem,
2261 1372 2334 1396 etc.:
2356 1376 2422 1396 non
2439 1367 2528 1406 quod

323 1419 430 1454 potest
446 1412 614 1452 dupliciter
630 1411 832 1442 considerari.
847 1410 967 1446 Primo,
983 1410 1162 1441 secundum
1178 1416 1308 1440 naturae
1325 1419 1398 1450 pro·
1424 1424 1426 1438 ι
1452 1409 1530 1439 haec
1554 1408 1649 1448 eligat
1678 1415 1809 1449 propter
1837 1409 1996 1439 luxuriam
2028 1410 2245 1440 exercendam.
2281 1411 2323 1440 Et
2346 1417 2452 1440 tamen
2483 1421 2528 1440 ar-

324 1465 478 1498 gressum.
504 1456 545 1486 Et
568 1455 611 1486 sic
635 1455 759 1486 luxuria
784 1455 885 1486 oritur
908 1465 945 1485 ex
968 1455 1058 1494 gula:
1083 1454 1159 1495 quia
1184 1455 1254 1485 sine
1280 1454 1400 1484 Cerere
1425 1476 1427 1485 2
1453 1463 1555 1493 guens
1584 1453 1672 1483 hunc
1702 1453 1810 1483 solum
1834 1454 1970 1483 modum
2002 1461 2090 1484 ortus
2119 1464 2155 1484 ex
2178 1453 2240 1484 fine
2271 1454 2389 1494 tangit,
2415 1455 2531 1485 scilicet

1455 1505 1490 1529 ut
1514 1497 1610 1528 medii
1634 1498 1674 1527 ad
1697 1497 1806 1528 finem.
1830 1498 1871 1528 Et
1894 1504 2062 1538 propterea
2085 1505 2311 1538 argumentum
2330 1499 2381 1529 hic
2404 1506 2528 1539 peccat:

1455 1542 1530 1584 quia
1554 1541 1625 1572 finis
1648 1541 1791 1572 luxuriae
1816 1542 1887 1573 licet
1911 1542 2013 1582 possit
2043 1542 2149 1572 haberi
2175 1543 2242 1573 sine
2266 1543 2313 1573 his
2337 1543 2466 1579 mediis,
2492 1544 2531 1573 ad

1454 1588 1564 1628 ipsum
1596 1593 1704 1617 tamen
1740 1587 1840 1617 modo
1873 1586 1958 1617 dicto
1997 1586 2205 1627 consequitur
2234 1588 2379 1618 incursus
2414 1588 2530 1618 horum

1428 1669 1430 1674 Ι
1455 1632 1620 1663 vitiorum.
1652 1632 1693 1662 Et
1723 1631 1796 1661 ideo
1827 1630 1910 1662 filiae
1934 1631 2018 1661 illius
2042 1631 2110 1662 vitii
2147 1632 2295 1662 dicuntur
2324 1632 2356 1662 in
2387 1632 2532 1672 sequenti

325 1680 415 1721 quod
428 1679 583 1710 Martinus
598 1678 688 1709 dixit:
707 1678 783 1719 quia
794 1678 827 1708 in
842 1678 1019 1709 moralibus
1035 1678 1174 1709 maxime
1191 1677 1344 1708 naturalis
1356 1685 1403 1708 est
1428 1676 1430 1701 ἲ
1457 1676 1602 1707 articulo.

1121 1831 1443 1875 ARTICULUS
1479 1831 1740 1883 QUINTUS

787 1924 944 1955 UTRUM
977 1922 1321 1954 CONVENIENTER
1350 1921 1652 1953 AssmNENTUR
1682 1920 1823 1951 FILIAE
1855 1920 2076 1951 LUXURIAE

814 2005 906 2037 Supra,
926 2011 972 2036 qu.
990 2011 1032 2035 ιν,
1051 2008 1099 2028 art.
1122 2002 1151 2034 3;
1171 2011 1217 2035 qu.
1235 2010 1275 2032 xx,
1294 2006 1341 2027 art.
1360 2010 1389 2034 4;
1412 2009 1532 2037 qu.1.n1,
1551 2007 1598 2027 art.
1618 2000 1650 2032 63
1671 2002 1713 2026 De
1731 2001 1816 2030 Malo,
1837 2009 1881 2034 qu.
1901 2009 1941 2031 κν.
1961 2006 2009 2026 art.
2027 2008 2054 2032 4.

454 2115 495 2137 „s
529 2098 568 2123 D
591 2097 754 2128 QUINTUM
776 2097 830 2122 sm
854 2095 1097 2122 PROCEDITUR
1118 2083 1279 2120 Videtur
1301 2083 1405 2133 quod

387 2109 517 2200 ’ζῇ
546 2138 862 2177 inconvenienter
896 2137 1070 2175 dicantur
1107 2149 1190 2174 esse
1222 2137 1322 2174 filiae
1351 2137 1406 2173 lu·
1432 2158 1433 2184 ;

351 2192 385 2239 ἠ’
410 2205 472 2237 *w
487 2182 676 2230 xuriae
715 2193 875 2229 caecitas
911 2191 1065 2237 mentis,
1101 2191 1406 2237 inconsideratio

354 2237 365 2247 ”
388 2219 487 2278 κί’-*ἤ
503 2237 795 2284 &inconstantia
816 2250 853 2292 ²,
879 2245 1162 2294 praecipitatio,
1192 2256 1304 2281 amor
1335 2245 1405 2291 sui,

333 2300 461 2338 odium
489 2300 574 2346 Dei,
594 2299 752 2350 affectus
773 2299 985 2358 praesentis
1011 2298 1164 2344 saeculi,
1184 2299 1325 2335 horror
1350 2298 1410 2335 vel

332 2353 540 2402 desperatio
557 2354 700 2402 futuri.
732 2352 833 2399 Quia
863 2352 1025 2390 caecitas
1054 2352 1192 2389 mentis
1223 2359 1259 2389 et
1278 2352 1409 2389 incon-

333 2406 510 2445 sideratio
541 2415 577 2444 et
605 2406 866 2466 praecipitatio
895 2406 1085 2455 pertinent
1114 2405 1163 2443 ad
1186 2406 1407 2455 impruden-

333 2460 445 2506 tiam,
477 2473 575 2520 quae
605 2460 798 2498 invenitur
826 2460 864 2496 in
893 2459 999 2496 omni
1027 2466 1204 2508 peccato,
1243 2460 1338 2496 sicut
1373 2467 1409 2496 et

333 2513 536 2564 prudentia
565 2514 604 2551 in
625 2513 731 2551 omni
749 2513 900 2550 virtute.
931 2514 1033 2561 Ergo
1055 2525 1134 2550 non
1157 2514 1297 2550 debent
1315 2513 1409 2562 poni

334 2567 518 2616 speciales
546 2567 646 2604 filiae
677 2567 859 2604 luxuriae.

389 2632 425 2657 2.
455 2622 691 2667 PRAETEREA,
722 2620 934 2657 constantia
962 2619 1118 2668 ponitur
1145 2632 1235 2669 pars
1265 2620 1410 2656 fortitu-

335 2673 452 2720 dinis,
482 2681 524 2710 ut
552 2685 668 2722 supra
686 2673 707 2695 ‘¹‘
734 2673 908 2710 habitum
938 2681 1005 2709 est.
1044 2673 1122 2710 Sed
1155 2673 1303 2710 luxuria
1332 2686 1410 2710 non
1436 2673 1438 2686 ¹

335 2726 544 2777 opponitur
571 2726 792 2774 fortitudini,
818 2726 886 2764 sed
914 2727 1202 2775 temperantiae.
1233 2727 1335 2775 Ergo
1356 2727 1410 2764 in·
1436 2751 1438 2781 3
1463 2726 1574 2763 vertit
1604 2737 1672 2762 cor
1703 2731 1822 2762 tuum.
1866 2726 1915 2762 Et
1948 2733 2137 2773 quantum
2172 2725 2221 2762 ad
2254 2725 2347 2772 hoc,
2382 2725 2538 2773 ponitur

336 2781 550 2818 constantia
579 2793 658 2817 non
687 2788 743 2817 est
771 2780 849 2817 filia
877 2780 1060 2816 luxuriae.
1436 2785 1438 2829 ζ
1464 2779 1625 2816 caecitas
1653 2779 1797 2815 mentis.
1828 2799 1852 2806 -
1883 2779 2084 2816 Secundus
2118 2786 2223 2815 actus
2253 2786 2309 2815 est
2338 2778 2536 2815 consilium

393 2836 427 2872 3.
457 2835 694 2880 PRAETEREA,
715 2846 827 2871 amor
853 2834 914 2870 sui
941 2845 1058 2881 usque
1084 2833 1136 2870 ad
1157 2838 1410 2882 contemptum
1437 2841 1438 2883 l
1465 2833 1513 2870 de
1537 2833 1596 2870 his
1616 2844 1716 2880 quae
1736 2839 1823 2868 sunt
1844 2833 1991 2879 agenda
2020 2839 2177 2881 propter
2204 2832 2336 2869 finem.
2364 2833 2413 2869 Et
2433 2833 2537 2868 hocv

335 2889 412 2925 Dei
440 2896 495 2925 est
522 2887 755 2937 principium
785 2887 911 2924 omnis
940 2886 1104 2935 peccati:
1143 2894 1185 2923 ut
1213 2894 1315 2934 patet
1342 2900 1412 2936 per
1465 2886 1577 2923 etiam
1609 2885 1815 2934 impeditur
1850 2898 1919 2934 per
1958 2885 2306 2934 concupiscentiam
2345 2886 2535 2922 luxuriae:

337 2942 607 2990 Augustinum,
635 2942 723 2978 XIV
751 2941 796 2978 de
821 2941 898 2978 Ciu.
922 2941 996 2977 Dei
1012 2939 1032 2961 '¹‘
1437 2985 1439 2993 .

337 2995 430 3044 poni
458 2995 536 3032 filia
563 2994 743 3032 luxuriae.
1437 3003 1439 3022 ³
1466 3005 1598 3030 amore
1637 2992 1862 3029 libidinoso:
1896 2993 2003 3034 Quae
2036 3005 2096 3029 res
2129 2993 2165 3029 in
2194 3005 2233 3029 se
2266 3004 2386 3040 neque
2418 2993 2538 3029 consi-

391 3061 428 3095 4.
449 3049 685 3096 PRAETEREA,
708 3046 911 3085 Isidorus*
939 3046 1045 3095 ponit
1065 3053 1250 3094 quatuor:
1272 3046 1413 3083 scilicet
1437 3031 1440 3076 l
1466 3046 1557 3083 lium
1596 3057 1716 3094 neque
1751 3046 1907 3083 modum
1941 3047 2055 3083 habet
2090 3046 2228 3092 ullum,
2264 3058 2348 3082 eam
2383 3046 2537 3082 consilio

338 3102 587 3150 turpiloquia,
615 3101 807 3147 scurrilia,
838 3101 1000 3146 ludicra,
1028 3099 1268 3148 stultiloquia.
1307 3100 1411 3148 Ergo
1465 3111 1601 3149 regere
1629 3112 1704 3136 non
1724 3101 1846 3147 potes.
1884 3100 1934 3136 Et
1963 3107 2148 3148 quantum
2183 3099 2232 3136 ad
2260 3100 2353 3145 hoc,
2384 3100 2539 3147 ponitur

339 3155 533 3203 praedicta
562 3155 799 3192 enumeratio
828 3154 981 3192 videtur
1010 3165 1092 3190 esse
1122 3153 1328 3201 superflua.
1438 3158 1439 3185 l
1463 3153 1736 3201 praecipitatio,
1767 3165 1866 3200 quae
1901 3153 2080 3202 importat
2114 3152 2414 3189 subtractionem
2449 3165 2539 3189 con-

395 3208 470 3244 SED
505 3220 652 3246 CONTRA
694 3220 761 3246 EsT
803 3207 1005 3245 auctoritas
1048 3206 1240 3254 Gregorii,
1285 3206 1440 3243 XXXI
1438 3228 1440 3242 .
1466 3206 1556 3253 silii,
1590 3214 1633 3242 ut
1668 3218 1783 3254 supra
1802 3206 1822 3227 ’¹‘
1849 3207 2023 3243 habitum
2064 3214 2128 3242 est.
2160 3228 2184 3233 —
2218 3205 2371 3243 Tertius
2409 3213 2537 3243 autem

340 3260 487 3298 Moral.
506 3260 528 3283 *
1438 3270 1440 3288 ¹
1467 3267 1571 3295 actus
1610 3266 1666 3295 est
1699 3259 1882 3295 iudicium
1922 3259 1969 3296 de
2008 3259 2177 3307 agendis.
2209 3260 2257 3295 Et
2285 3260 2360 3296 hoc
2379 3257 2393 3280 ὃ
2423 3259 2538 3296 etiam

395 3315 621 3352 RESPONDEO
658 3327 845 3352 mmmmm
880 3314 985 3363 quod
1023 3313 1178 3362 quando
1216 3312 1412 3349 inferiores
1439 3319 1440 3366 ᾗ
1466 3312 1672 3361 impeditur
1690 3325 1760 3361 per
1778 3312 1983 3349 luxuriam:
2006 3313 2141 3350 dicitur
2168 3312 2269 3349 enim
2300 3314 2398 3350 Dan.
2425 3325 2486 3350 xm
2506 3313 2536 3359 ³¹⁸,

342 3366 534 3415 potentiae
560 3368 810 3406 vehementer
838 3368 1056 3405 afficiuntur
1075 3367 1124 3404 ad
1153 3379 1221 3403 sua
1250 3366 1410 3412 obiecta,
1439 3367 1440 3394 ἲ
1468 3366 1516 3403 de
1535 3366 1689 3402 senibus
1709 3365 1930 3402 luxuriosis:
1961 3367 2215 3403 Averterunt⁵
2243 3378 2394 3404 sensum
2413 3379 2536 3413 suum,

344 3432 584 3467 consequens
613 3428 668 3457 est
696 3423 799 3468 quod
830 3422 1044 3470 superiores
1072 3421 1172 3457 vires
1201 3419 1412 3468 impedian-
1438 3423 1441 3467 i
1467 3425 1508 3456 ut
1545 3431 1619 3456 non
1658 3419 1952 3456 recordarentur
1989 3420 2214 3457 iudiciorum
2250 3421 2445 3457 iustorum.
2490 3421 2539 3456 Et

1459 2090 1519 2119 tur
1549 2090 1584 2118 et
1614 2082 1888 2119 deordinentur
1920 2081 1959 2119 in
1995 2082 2072 2119 suis
2101 2083 2258 2120 actibus.
2299 2084 2374 2120 Per
2401 2084 2536 2121 vitium

1460 2143 1590 2172 autem
1619 2135 1789 2172 luxuriae
1819 2135 1988 2172 maxime
2019 2136 2208 2185 appetitus
2237 2137 2412 2184 inferior,
2443 2138 2538 2174 scili—

1432 2188 1434 2233 ἓ
1461 2198 1520 2226 cet
1540 2189 1861 2238 concupiscibilis,
1881 2190 2134 2227 vehementer
2162 2190 2323 2228 intendit
2343 2203 2413 2227 suo
2435 2192 2538 2228 obie-

1462 2250 1535 2291 cto,
1566 2243 1707 2280 scilicet
1736 2243 1959 2292 delectabili,
1983 2252 2140 2293 propter
2167 2245 2453 2282 vehementiam
2474 2245 2537 2282 de-

1433 2296 1671 2339 .lectationis
1694 2295 1720 2333 β.
1756 2297 1806 2333 Et
1839 2297 1927 2333 ideo
1965 2309 2205 2347 consequens
2241 2306 2297 2335 est
2333 2300 2437 2348 quod
2470 2311 2539 2348 per

1434 2391 1436 2403 ἰ
1461 2350 1650 2387 luxuriam
1681 2350 1848 2387 maxime
1877 2351 2094 2399 superiores
2122 2352 2224 2389 vires
2253 2352 2537 2399 deordinentur,

1434 2409 1437 2444 ἕ
1463 2404 1604 2441 scilicet
1633 2404 1727 2440 ratio
1758 2411 1794 2440 et
1822 2405 2012 2442 voluntas.

1518 2458 1615 2495 Sunt
1643 2466 1772 2494 autem
1799 2458 1954 2494 rationis
1985 2466 2149 2508 quatuor
2178 2467 2283 2495 actus
2310 2459 2347 2496 in
2368 2459 2536 2507 agendis.

1462 2511 1595 2549 Primo
1616 2511 1786 2560 quidem,
1808 2512 1969 2560 simplex
1998 2512 2255 2560 intelligentia,
2278 2525 2377 2561 quae
2404 2525 2537 2561 appre-

1462 2566 1596 2602 hendit
1633 2565 1802 2613 aliquem
1836 2565 1956 2602 finem
1985 2573 2026 2602 ut
2055 2566 2215 2602 bonum.
2251 2567 2299 2602 Et
2334 2566 2396 2602 hic
2432 2573 2537 2602 actus

1463 2619 1669 2668 impeditur
1702 2631 1773 2667 per
1810 2618 2021 2655 luxuriam:
2059 2619 2272 2655 secundum
2310 2618 2399 2655 illud
2436 2620 2534 2655 Dan.

1463 2684 1525 2709 xm
1555 2674 1593 2709 *ε
1633 2672 1781 2720 Species
1813 2672 1956 2720 decepit
1982 2677 2027 2717 te,
2058 2678 2094 2708 et
2120 2672 2419 2720 concupiscentia
2452 2673 2538 2709 sub-

363 3572 368 3577 ·
398 3536 424 3595 ἒ)
446 3535 634 3560 inconstantia.
647 3548 666 3554 -
684 3535 745 3560 Om.
764 3521 978 3569 ACDEFHleB
994 3543 1019 3561 et
1032 3545 1058 3566 a,
1078 3542 1138 3569 post
1151 3536 1345 3568 praecipitatio
1365 3543 1412 3568 po-

344 3577 381 3596 nit
422 3589 428 3595 .

398 3606 423 3639 β)
444 3606 636 3631 delectationis.
648 3619 666 3624 -
681 3605 816 3637 passionis
833 3609 860 3630 et
878 3606 1060 3631 delectationis
1080 3607 1125 3631 Pa.

1521 3536 1547 3567 γ)
1567 3536 1624 3560 hoc.
1638 3548 1658 3553 -
1676 3535 1718 3560 hic
1738 3536 1800 3565 PlL,
1820 3535 1845 3559 h’
1865 3535 1906 3560 ed.
1927 3542 1952 3559 a.

1520 3569 1545 3603 δ)
1566 3571 1622 3595 hoc.
1637 3585 1655 3589 —
1674 3570 1716 3595 hic
1735 3570 1803 3594 1>le
1823 3575 1848 3595 et
1867 3578 1892 3599 a,
1912 3578 1965 3595 om.
1985 3571 2018 3595 H.

1522 3607 1543 3638 ε)
1562 3607 1734 3631 Averterunt.
1747 3619 1767 3626 -
1784 3607 1918 3631 Avertam
1936 3606 2062 3638 BEILpC.

1035 2969 1042 2976 .
1074 2940 1166 2976 Non
1186 2951 1276 2987 ergo
1298 2940 1412 2977 debet
1437 2938 1439 2984 ξ
1464 2939 1568 2976 unde
1598 2939 1802 2975 Terentius
1833 2939 1932 2985 dicit,
1964 2939 2001 2975 in
2030 2940 2217 2976 Eunucho
2236 2939 2268 2986 ²¹⁸,
2298 2939 2459 2987 loquens
2490 2939 2536 2975 de
2565 2946 2575 2955 ⁴

2551 882 2615 909 ’.Qu
2622 886 2716 907 cxi-vin,
2720 884 2763 902 art.

2550 907 2699 936 5;1=11⁵⁰,
2724 913 2763 934 qu.

2550 941 2643 959 cxxxiv,
2659 938 2699 956 art
2711 940 2730 962 3,
2741 940 2763 960 4.

2566 2684 2575 2692 ⁴
2593 2683 2657 2704 Vers.
2672 2682 2706 2710 56.

2665 2835 2682 2861 Υ

2589 2945 2642 2965 Act.
2657 2944 2674 2971 I,
2690 2950 2750 2965 scen⁴
2763 2950 2768 2965 ι

2565 2971 2604 2991 lin.
2618 2977 2647 2997 12,
2663 2977 2691 2999 ¹3·

2567 3214 2634 3242 'Qu
2647 3221 2695 3240 ιιιι,
2706 3218 2747 3235 art.
2759 3220 2768 3242 3

2666 3261 2681 3286 δ

2568 3315 2655 3336 Vers.
2672 3320 2693 3342 9.
