2768 4198
58 1168 134 1195 ’Cap
154 1173 234 1192 x11‚n
255 1172 265 1193 5

57 1194 152 1221 s.-qq-S.
161 1183 204 1214 Th'.
214 1194 263 1214 lect.

56 1227 111 1242 xxii

54 1852 62 1860 “
77 1850 178 1871 Gratian.
189 1866 194 1873 .
210 1849 263 1871 dist.

2 1908 4 1910 .
52 1876 133 1899 XLIV.
149 1876 245 1904 princip.

52 2071 61 2079 ⁸
75 2069 140 2091 Vers.
155 2075 173 2096 5.
189 2069 211 2090 6.

53 2228 62 2236 ·
79 2227 124 2253 Qu.
147 2232 206 2251 exn,
221 2230 262 2247 art.

50 2260 73 2279 4.

55 2551 265 2605 }}3?'v'.v‘.¹¹·3.⁸⁵i‘l;f

54 2604 104 2625 lect.
120 2609 150 2627 vt.
166 2609 204 2624 vn.

65 3528 173 3575 Thcalgct.
176 3534 238 3575 Viun.

250 3527 274 3549 S
303 3524 335 3555 in
358 3525 438 3555 libro
467 3526 506 3556 de
535 3526 636 3557 Sensu
673 3533 703 3557 et
731 3528 865 3559 Sensato
885 3530 915 3566 *,

311 307 382 343 194

990 290 1256 337 QUAEsT1o
1287 289 1389 336 CLI,

1419 290 1717 327 ARTICULUS
1749 291 1796 326 Ill

1097 424 1417 467 ARTICULUS
1447 426 1677 468 TERTIUS

739 522 891 552 UTRUM
917 519 1126 551 cAsT1TAs
1151 519 1217 549 SIT
1242 518 1400 549 V1RTUs
1423 518 1658 549 D1s'r1NCTA
1681 519 1737 550 AB
1760 519 2048 551 ABSTINENTIA

1089 598 1107 621 ll
1129 597 1212 626 Sent„
1234 597 1293 621 dist.
1312 604 1378 626 xLW.
1398 604 1444 629 qu.
1463 604 1488 626 ιι,
1509 601 1556 621 art.
1580 605 1600 628 i,
1622 598 1653 621 ad
1674 598 1698 623 3.

485 734 658 770 castitas
688 745 764 769 non
796 732 841 768 sit
860 731 979 768 virtus
1010 731 1183 767 distincta
1203 732 1252 767 ab
1282 732 1367 767 abs-

486 782 674 824 tinentia.
707 786 807 832 Quia
828 785 926 821 circa
946 784 1145 820 materiam
1172 784 1284 820 unius
1304 796 1366 832 ge-

377 800 445 866 γ’]
489 840 606 876 neris
635 839 773 875 sufficit
801 851 878 874 una
906 839 1036 875 virtus.
1069 838 1144 874 Sed
1172 838 1283 874 unius
1303 850 1366 885 ge-

297 895 394 931 neris
425 906 506 929 esse
526 893 704 930 videntur
727 904 826 940 quae
846 892 1035 940 pertinent
1061 892 1110 928 ad
1139 903 1260 928 unum
1282 903 1367 927 sen·
1392 934 1393 937 Ἰ

296 960 392 983 sum.
425 947 523 982 Cum
553 946 665 993 igitur
685 946 883 983 delectatio
910 946 1098 991 ciborum,
1120 945 1217 981 circa
1246 957 1365 992 quam
1392 991 1393 994 Ἰ

296 1008 350 1036 est
378 999 620 1045 abstinentia,
652 1008 688 1035 et
724 999 923 1036 delectatio
955 1011 1235 1043 venereorum,
1268 998 1366 1034 circa
1392 1002 1393 1034 l

295 1066 408 1102 quarn
439 1061 495 1089 est
524 1052 685 1099 castitas,
714 1053 928 1101 pertineant
956 1052 1004 1089 ad
1033 1060 1189 1099 tactum,
1215 1051 1367 1088 videtur
1391 1050 1393 1092 J

1391 1113 1392 1153 l
1420 1117 1499 1142 non
1528 1104 1697 1141 consistit
1725 1103 1980 1152 principaliter
2009 1104 2108 1141 circa
2138 1105 2408 1145 delectationes
2442 1115 2495 1146 ta-

294 1107 397 1155 quod
426 1106 574 1142 castitas
611 1118 688 1142 non
718 1106 763 1143 sit
792 1106 863 1142 alia
890 1106 1009 1142 virtus
1045 1106 1092 1142 ab
1127 1105 1363 1142 abstinentia.

347 1172 381 1197 2.
399 1160 634 1206 PRAETEREA,
651 1159 921 1208 Philosophus,
940 1160 976 1196 in
990 1160 1039 1195 Ill
1054 1159 1174 1195 Ethic.
1191 1158 1222 1205 ²⁸,
1236 1158 1366 1195 omnia
1390 1198 1392 1202 ,

293 1213 384 1250 vitia
413 1214 727 1262 intemperantiae
748 1213 930 1250 assimilat
950 1212 1158 1261 puerilibus
1187 1212 1365 1261 peccatis,
1391 1234 1392 1240 .

1390 1269 1500 1308 }tum
1535 1265 1584 1301 ad
1619 1265 1744 1314 ipsum
1779 1277 1893 1301 usum
1928 1264 2183 1313 tangibilium‚
2212 1274 2255 1303 ut
2290 1267 2425 1304 dicitur
2456 1268 2494 1306 in

1696 1319 1764 1355 Est
1792 1326 1921 1355 autern
1951 1318 2023 1355 alia
2052 1319 2147 1356 ratio
2176 1320 2307 1358 utendi
2337 1320 2431 1358 cibis
2460 1329 2497 1359 et
2524 1332 2534 1342 ·

1390 1371 1392 1377 ’
1418 1373 1584 1421 potibus,
1608 1380 1643 1408 et
1661 1371 1849 1409 venereis.
1871 1372 1920 1408 Et
1939 1372 2027 1409 ideo
2048 1380 2200 1421 oportet
2220 1386 2303 1410 esse
2324 1374 2496 1413 diversas

293 1279 391 1315 quae
421 1266 664 1314 castigatione
694 1266 874 1314 indigent.
907 1266 984 1303 Sed
1013 1267 1162 1303 castitas
1191 1266 1364 1302 nomina-

293 1386 381 1410 cum
410 1386 479 1422 per
499 1373 763 1410 abstinentiam
787 1373 1037 1409 cohibeantur
1061 1373 1252 1422 quaedam
1273 1373 1364 1410 vitia

292 1427 626 1475 intemperantiae,
655 1427 806 1463 videtur
838 1426 943 1475 quod
973 1426 1197 1463 abstinentia
1231 1426 1275 1462 sit
1305 1439 1364 1463 ca·
1390 1452 1391 1469 ;

293 1480 408 1517 stitas.

347 1534 382 1570 3.
417 1534 652 1579 PRAETEREA,
683 1532 952 1569 delectationes
986 1533 1147 1569 aliorum
1182 1545 1364 1569 sensuum

292 1587 481 1635 pertinent
509 1586 557 1624 ad
577 1586 868 1634 temperantiam
889 1586 1114 1634 inquantum
1141 1586 1365 1623 ordinantur
1389 1618 1391 1635 ,

292 1641 340 1677 ad
371 1640 641 1677 delectationes
669 1648 802 1686 tactus,
824 1639 920 1676 circa
949 1651 1044 1688 quas
1065 1647 1121 1676 est
1149 1647 1365 1688 temperan-
1389 1640 1391 1654 ³

291 1693 353 1730 tia.
391 1694 467 1730 Sed
505 1693 772 1730 delectationes
811 1692 1003 1738 ciborum,
1041 1692 1139 1729 circa
1178 1705 1273 1741 quas
1310 1686 1391 1730 est³

292 1746 530 1793 abstinentia,
561 1746 782 1783 ordinantur
811 1747 857 1782 ad
887 1745 1158 1782 delectationes
1177 1758 1363 1783 venereo·
1389 1785 1390 1789 ,

292 1812 389 1846 rum,
421 1799 518 1836 circa
548 1811 642 1848 quas
672 1807 728 1835 est
761 1799 930 1835 castitas:
960 1799 1064 1835 unde
1098 1798 1362 1848 Hieronymus

292 1852 380 1889 dicit
394 1852 430 1888 *ε
465 1854 600 1889 Venter
618 1858 653 1888 et
669 1852 850 1901 genitalia
868 1852 1102 1900 sibimetipsis
1120 1852 1245 1889 vicina
1263 1859 1360 1899 sunt,

289 1959 431 2008 ligatur
457 1959 646 1995 vitiorum.
678 1959 780 2006 Ergo
801 1958 1028 1995 abstinentia
1048 1967 1083 1995 et
1103 1959 1252 1996 castitas
1281 1972 1359 1996 non

289 2020 376 2048 sunt
403 2011 561 2048 virtutes
590 2013 637 2048 ab
667 2011 834 2048 invicem
863 2011 1070 2049 distinctae.

344 2066 418 2102 SED
439 2077 586 2102 CONTRA
606 2077 671 2102 EST
687 2065 791 2113 quod
811 2066 1032 2113 Apostolus,
1055 2066 1086 2101 11
1107 2066 1159 2102 ad
1177 2066 1264 2103 Cor.
1285 2065 1360 2113 vt*,

291 2127 542 2155 connumerat
577 2118 786 2155 castitatem
825 2118 990 2165 ieiuniis,
1026 2130 1124 2167 quae
1163 2119 1212 2156 ad
1249 2119 1361 2156 absti-

291 2172 459 2209 nentiam
489 2172 691 2220 pertinent.

345 2226 571 2261 Responnsso
597 2236 784 2261 DICENDUM
807 2225 925 2272 quod,
957 2224 1052 2261 sicut
1080 2225 1223 2262 dictum
1253 2233 1308 2262 est
1330 2225 1362 2272 ²¹²,

292 2278 541 2326 temperantia
569 2277 722 2326 proprie
748 2285 803 2314 est
823 2277 921 2314 circa
941 2278 1269 2327 concupiscentias
1299 2278 1363 2315 de-

292 2331 537 2368 lectationum
565 2338 697 2368 tactus.
742 2331 790 2367 Et
819 2331 906 2367 ideo
936 2339 1086 2379 oportet
1113 2339 1155 2368 ut
1182 2331 1248 2368 ubi
1277 2340 1364 2368 sunt

293 2384 467 2422 diversae
505 2384 669 2421 rationes
699 2383 971 2430 delectationis,
1002 2384 1053 2420 ibi
1086 2384 1159 2421 sint
1187 2385 1364 2422 diversae

292 2437 449 2474 virtutes
488 2438 557 2474 sub
599 2437 851 2486 temperantia
894 2438 1208 2486 comprehensae.
1253 2439 1365 2475 Dele-

294 2491 475 2527 ctationes
513 2499 641 2527 autem
678 2490 1014 2539 proportionantur
1057 2491 1363 2540 operationibus,

511 695 533 719 D
561 692 718 717 TERTmM
739 691 791 716 Sic
821 689 1061 714 PROCEDITUR.
1083 677 1243 714 Videtur
1262 677 1367 725 quod
1394 677 1395 698 ³

1393 749 1394 752 =
1423 731 1494 767 bus
1523 738 1660 767 natura
1687 730 1874 767 individui
1895 741 2164 778 conservatur;
2196 741 2232 770 et
2254 735 2495 783 operationes

291 1329 351 1356 tur
380 1332 401 1356 a
434 1320 680 1370 castigatione
715 1320 896 1356 vitiorum
933 1320 1212 1368 oppositorum.
1248 1320 1363 1367 Ergo,
1420 1321 1468 1356 ΙΙΙ
1498 1319 1620 1356 Ethic.
1641 1318 1661 1340 ’¹‘

1423 677 1668 725 operationes
1701 677 1932 726 pertinentes
1961 679 2010 716 ad
2039 691 2152 716 usum
2190 680 2383 723 ciborum,
2415 682 2495 729 qui-

1421 783 1652 833 pertinentes
1686 784 1734 820 ad
1770 796 1883 820 usum
1919 797 2199 834 venereorum,
2230 788 2369 836 quibus
2406 801 2495 825 con-

1392 845 1596 874 servatur
1624 844 1759 873 natura
1796 837 1949 886 speciei.
1988 838 2037 874 Et
2072 839 2160 875 ideo
2195 841 2366 888 castitas,
2397 854 2494 891 quae

1421 899 1477 927 est
1496 890 1596 927 circa
1616 890 1889 928 delectationes
1913 902 2186 939 venereorum,
2209 902 2264 930 est
2282 894 2401 931 virtus
2422 895 2495 932 dis-

1420 944 1535 980 tincta
1556 945 1603 980 ab
1625 944 1866 991 abstinentia,
1889 956 1988 992 quae
2014 953 2070 981 est
2099 945 2198 982 circa
2223 947 2496 986 delectationes

1421 998 1606 1034 ciborum.

1472 1053 1532 1088 AD
1566 1063 1704 1088 PRthJM
1738 1062 1837 1087 ERGO
1872 1062 2059 1087 DICENDUM
2098 1052 2206 1100 quod
2242 1055 2495 1103 temperantia

1420 1167 1502 1195 ctus
1531 1165 1716 1207 quantum
1738 1158 1786 1194 ad
1807 1157 1990 1194 iudicium
2011 1170 2146 1195 sensus
2166 1157 2229 1196 de*
2242 1160 2494 1208 tangibilibus,

1420 1213 1523 1261 quod
1545 1219 1599 1248 est
1620 1211 1791 1248 eiusdem
1822 1211 1978 1248 rationis
1999 1211 2036 1248 in
2058 1211 2256 1249 omnibus:
2287 1214 2354 1251 sed
2375 1227 2495 1264 quan—

1417 1426 1592 1472 virtutes‚
1624 1425 1708 1462 licet
1737 1425 1808 1462 sint
1835 1425 1949 1462 unius
1978 1438 2125 1463 sensus.

1471 1481 1530 1516 AD
1559 1491 1751 1516 SECUNDUM
1779 1490 1965 1516 mceunum
1995 1480 2100 1528 quod
2131 1479 2402 1518 delectationes
2430 1494 2497 1519 ve-

1418 1546 1557 1571 nereae
1587 1540 1675 1569 sunt
1701 1532 2011 1569 vehementiores
2032 1541 2068 1570 et
2092 1533 2213 1581 magis
2232 1534 2496 1583 opprimentes

1418 1587 1607 1624 rationem
1628 1597 1745 1635 quam
1767 1585 2038 1622 delectationes
2060 1586 2247 1624 ciborum.
2271 1588 2320 1624 Et
2338 1597 2498 1641 propter

1417 1641 1492 1678 hoc
1521 1639 1642 1688 magis
1671 1638 1841 1687 indigent
1874 1639 2119 1700 castigatione
2153 1648 2190 1677 et
2222 1639 2494 1680 refrenatione.

1417 1694 1507 1753 quia
1537 1693 1567 1730 si
1597 1692 1650 1729 eis
1680 1692 1957 1740 consentiatur,
1988 1693 2110 1741 magis
2145 1705 2190 1730 ex
2219 1694 2294 1731 hoc
2322 1695 2498 1734 increscit

1417 1747 1476 1784 vis
1515 1745 1869 1794 concupiscentiae,
1910 1754 1946 1783 et
1981 1746 2154 1783 deiicitur
2187 1747 2308 1784 virtus
2343 1749 2494 1787 mentis.

1417 1800 1529 1838 Unde
1559 1799 1648 1836 dicit
1676 1799 1924 1846 Augustinus,
1955 1799 1993 1836 in
2015 1801 2029 1836 Ι
2049 1800 2202 1849 Soliloq.
2224 1800 2260 1837 *.
2289 1802 2400 1839 Nihil
2417 1815 2497 1840 esse
2524 1818 2533 1826 ·

1388 1866 1389 1877 ¹
1415 1853 1533 1890 sentio
1563 1852 1666 1900 quod
1692 1852 1818 1902 magis
1846 1863 1896 1888 ex
1923 1864 2014 1890 arce
2049 1853 2200 1891 deiiciat
2234 1855 2408 1892 animum
2441 1857 2496 1893 vi-

292 1911 331 1942 ut
366 1918 415 1941 ex
449 1906 638 1942 vicinitate
673 1906 930 1942 membrorum
964 1906 1219 1953 confederatio
1258 1906 1362 1942 intel-
1388 1912 1389 1951 ξ

1388 1955 1389 1983 ἶ
1415 1960 1477 1997 ille
1505 1964 1697 1996 contactus
1724 1958 1806 1995 sine
1833 1970 1907 2007 quo
1937 1970 2039 1995 uxor
2065 1960 2200 1997 haberi
2217 1972 2292 1998 non
2306 1968 2439 2010 potest.

1416 1907 1524 1943 rilem
1560 1917 1675 1954 quam
1713 1905 1969 1942 blandimenta
1988 1907 2186 1954 feminae,
2216 1918 2496 1959 corporumque

1469 2015 1530 2050 An
1557 2023 1719 2049 TERTmM
1748 2023 1934 2049 mCENDUM
1963 2012 2070 2061 quod
2105 2013 2375 2052 delectationes
2404 2015 2495 2053 alio-

1417 2079 1501 2104 rum
1532 2078 1717 2102 sensuum
1738 2077 1817 2102 non
1845 2065 2036 2114 pertinent
2055 2066 2103 2104 ad
2123 2074 2300 2105 naturam
2326 2068 2496 2108 hominis

1417 2119 1738 2166 conservandam,
1764 2118 1835 2155 nisi
1862 2127 1978 2168 prout
2006 2119 2232 2157 ordinantur
2255 2121 2304 2158 ad
2334 2121 2496 2160 delecta·

1416 2173 1506 2210 bilia
1525 2181 1658 2210 tactus.
1685 2173 1735 2209 Et
1754 2172 1841 2209 ideo
1863 2172 1962 2210 circa
1980 2173 2204 2212 huiusmodi
2223 2173 2495 2214 delectationes

1388 2257 1390 2270 ἶ
1417 2239 1496 2264 non
1527 2234 1582 2263 est
1610 2226 1735 2273 aliqua
1765 2225 1838 2262 alia
1866 2226 1984 2263 virtus
2013 2227 2085 2264 sub
2115 2228 2369 2277 temperantia
2389 2240 2495 2267 com-

1416 2280 1618 2329 prehensa.
1659 2279 1736 2315 Sed
1775 2279 2045 2316 delectationes
2084 2280 2279 2329 ciborum,
2316 2283 2495 2330 quamvis

1390 2359 1391 2372 i
1417 2333 1630 2381 aliqualiter
1667 2331 1891 2369 ordinentur
1919 2333 1968 2370 ad
2006 2334 2278 2372 delectationes
2307 2348 2495 2374 venereo·

1391 2405 1392 2426 i
1418 2398 1525 2430 rum,
1555 2393 1685 2422 tamen
1722 2385 1835 2422 etiam
1865 2398 1935 2434 per
1969 2398 2010 2422 se
2045 2387 2268 2424 ordinantur
2296 2389 2344 2426 acl
2373 2389 2494 2427 vitam

1391 2466 1393 2490 ὲ
1418 2439 1583 2476 hominis
1612 2439 1932 2476 conservandam.
1963 2439 2012 2476 Et
2036 2439 2124 2477 ideo
2145 2440 2258 2478 etiam
2278 2454 2349 2490 per
2367 2455 2408 2479 se
2427 2443 2494 2480 ha-

1392 2494 1511 2536 ¹bent
1545 2492 1751 2541 specialem
1793 2492 1997 2529 virtutem:
2037 2493 2216 2542 quamvis
2253 2494 2315 2532 illa
2352 2495 2492 2543 virtus,

294 2556 456 2593 quarum
487 2552 572 2580 sunt
601 2543 871 2593 perfectiones,
899 2552 941 2580 ut
976 2544 1110 2581 dicitur
1142 2545 1176 2581 X
1205 2545 1325 2582 Ethic.
1346 2545 1366 2567 ’¹‘
1392 2540 1394 2550 ’

294 2597 540 2634 Manifestum
562 2605 618 2634 est
646 2604 773 2634 autem
793 2597 900 2647 quod
929 2597 1083 2634 alterius
1103 2598 1252 2646 generis
1280 2606 1367 2636 sunt
1392 2609 1394 2638 ῑ

1420 2559 1518 2594 quae
1548 2545 1775 2583 abstinentia
1805 2545 1951 2593 dicitur,
1973 2546 2124 2584 ordinet
2152 2555 2280 2585 actum
2310 2561 2424 2589 suum
2444 2549 2494 2587 ad

1420 2600 1539 2637 finem
1571 2599 1760 2636 castitatis.

972 2694 1310 2727 Commentaria
1331 2695 1585 2728 cardinalis
1606 2695 1811 2728 Caietam

297 2786 342 2847 IN
367 2774 499 2805 articulo
524 2774 615 2804 tertio
641 2774 782 2804 eiusdem
806 2774 1012 2815 quaestionis,
1034 2775 1066 2805 in
1092 2775 1299 2815 responsione
1324 2776 1363 2805 ad
1388 2774 1389 2780 ¹

324 2819 511 2854 secundum,
538 2818 672 2849 dubium
697 2818 848 2849 occurrit:
881 2819 955 2859 quia
980 2819 1203 2850 delectationes
1227 2820 1363 2850 vinariae

294 2863 393 2903 magis
417 2863 604 2903 opprimunt
629 2863 784 2893 rationem
807 2873 905 2904 quam
927 2873 1088 2902 venereae,
1109 2864 1264 2905 quoniam
1287 2864 1363 2894 ebrii
1388 2881 1389 2890 ι

294 2908 372 2939 ratio
397 2915 443 2938 est
466 2907 566 2947 magis
590 2907 750 2948 deperdita
774 2918 871 2948 quam
895 2908 1076 2939 vacantium
1100 2909 1250 2940 venereis.

295 3041 525 3071 Delectationes
561 3041 718 3081 siquidem
751 3051 901 3071 venereae
930 3049 1003 3073 sunt
1033 3042 1065 3072 in
1094 3052 1127 3072 se
1156 3042 1309 3079 maiores,
1335 3049 1365 3073 et

295 3086 447 3126 ipsaemet
470 3092 543 3115 sunt
568 3085 667 3125 magis
692 3085 908 3126 opprimentes
932 3087 1087 3117 rationem
1112 3097 1210 3127 quam
1231 3087 1363 3118 delecta·
1388 3092 1390 3107 ³

295 3130 396 3160 tiones
417 3140 496 3170 quas
521 3130 675 3160 sentimus
699 3130 731 3160 in
756 3130 894 3160 bibendo
918 3131 1039 3162 vinum.
1066 3131 1127 3162 Sed
1151 3131 1279 3162 effectus
1298 3131 1364 3162 vini
1388 3141 1389 3160 1

297 3174 496 3210 delectabilis,
521 3174 638 3205 scilicet
661 3174 788 3204 fumalis
813 3176 996 3215 evaporatio
1030 3176 1069 3206 ad
1093 3177 1266 3212 cerebrum,
1298 3186 1364 3206 ma-

299 3316 416 3336 earum.

297 3487 396 3521 prout
424 3482 617 3513 ordinantur
639 3484 681 3514 ad
704 3485 901 3516 delectabilia
926 3492 1041 3517 tactus.
1065 3487 1146 3517 Nam
1168 3487 1364 3523 Aristoteles,

303 3569 382 3599 inter
405 3568 464 3598 alia
481 3569 626 3600 animalia
650 3571 740 3610 ponit
763 3573 851 3612 quod
875 3574 1045 3605 delectatur
1069 3576 1167 3606 odore
1187 3577 1363 3607 secundum

304 3622 351 3643 se:
377 3619 407 3643 et
430 3613 490 3643 hoc
520 3614 657 3653 providit
688 3622 797 3646 natura
821 3617 859 3646 ad
884 3618 1018 3649 salutern
1049 3619 1202 3656 hominis,
1234 3627 1364 3661 propter
1388 3645 1390 3649 .

1416 2775 1619 2815 frigiditatem
1636 2776 1753 2806 cerebri
1773 2776 1907 2807 humani
1927 2778 2241 2818 contemperandam‚
2258 2785 2294 2809 ut
2309 2779 2352 2810 ibi
2368 2779 2492 2810 dicitur.

1416 2820 1497 2850 Sunt
1517 2830 1602 2861 ergo,
1628 2820 1694 2851 sine
1719 2820 1831 2852 ordine
1855 2821 1895 2851 ad
1918 2828 2057 2858 tactum,
2083 2821 2278 2860 delectabilia
2302 2824 2341 2854 ad
2366 2833 2493 2855 conser-

1415 2864 1557 2895 vandum
1579 2865 1745 2895 hominem
1770 2865 1967 2897 delectabilia
1994 2867 2148 2897 odoratus
2168 2858 2274 2909 (cuius
2303 2867 2492 2908 oppositum

1388 2936 1389 2944 ,
1416 2909 1447 2939 in
1471 2909 1573 2939 littera
1598 2907 1736 2960 dicitur).
1761 2912 1808 2940 Ac
1832 2920 1887 2950 per
1910 2910 1983 2947 hoc,
2004 2918 2132 2952 oportet
2156 2911 2296 2953 aliquam
2314 2919 2491 2953 temperan-

349 2952 399 2982 Ad
424 2952 485 2982 hoc
509 2952 623 2982 dicitur
647 2953 735 2992 quod
752 2952 837 2982 aliud
862 2960 908 2983 est
931 2953 1021 2993 loqui
1042 2953 1080 2984 de
1101 2953 1364 2984 delectationibus
1388 2948 1389 2971 ³

295 2996 471 3027 secundum
496 3005 542 3026 se:
569 3003 599 3026 et
623 2996 709 3026 aliud
734 2997 771 3026 de
797 2996 856 3026 illis
881 2998 1058 3027 secundum
1090 3007 1199 3028 earum
1225 2997 1362 3028 effectus.
1388 3028 1389 3031 ,

1415 2953 1475 2984 tiae
1500 2954 1639 2994 speciem
1663 2954 1743 2985 circa
1769 2955 1844 2985 haec
1868 2965 1997 2995 ponere.

1471 2999 1522 3028 Ad
1557 2999 1619 3029 hoc
1651 2999 1765 3029 dicitur
1799 3000 1888 3040 quod
1923 2999 2061 3030 ordinari
2092 3000 2132 3030 ad
2163 3000 2359 3031 delectabilia
2390 3007 2491 3032 tactus

1416 3043 1634 3083 multipliciter
1665 3043 1837 3083 contingit,
1863 3051 1893 3074 et
1917 3054 1982 3075 non
2008 3054 2074 3075 uno
2099 3051 2224 3075 tantum
2253 3045 2363 3076 modo.
2395 3045 2490 3076 Ordi—

1416 3094 1510 3118 natur
1534 3087 1694 3128 siquidem
1718 3088 1839 3129 aliquid
1863 3089 1902 3119 ad
1927 3088 2121 3119 delectabilia
2145 3095 2247 3120 tactus
2270 3090 2319 3119 vel
2339 3089 2414 3130 quia
2439 3099 2490 3121 or-

1416 3131 1542 3163 dinatur
1558 3133 1597 3162 ad
1615 3132 1723 3163 cibum
1739 3139 1795 3163 aut
1810 3140 1926 3173 potum
1950 3140 2006 3163 aut
2029 3140 2177 3163 venerea:
2202 3133 2251 3164 vel
2271 3133 2346 3175 quia
2362 3134 2489 3165 ordina·

1388 3209 1389 3214 ¹
1415 3183 1467 3207 tur
1482 3177 1520 3207 ad
1537 3177 1606 3217 ipsa
1625 3177 1731 3218 qualia
1747 3187 1829 3218 quae
1853 3183 1927 3208 sunt
1950 3177 2145 3208 delectabilia
2164 3178 2342 3208 secundum
2358 3185 2488 3214 tactum.

298 3218 343 3257 gis
375 3218 527 3258 opprimit
557 3218 712 3249 rationem
742 3228 841 3259 quam
875 3220 1040 3251 delectatio
1064 3230 1206 3252 venerea.
1243 3224 1390 3252 Auctor2

298 3269 403 3292 autem
433 3263 575 3303 loquitur
599 3263 636 3294 de
670 3263 946 3295 delectationibus:
981 3272 1010 3295 et
1034 3274 1099 3295 non
1131 3266 1169 3296 de
1203 3265 1364 3297 effectibus
1388 3266 1390 3299 l

1416 3228 1493 3261 puta
1517 3222 1556 3251 ad
1581 3221 1705 3262 frigida,
1722 3221 1865 3258 humida,
1886 3221 1986 3252 calida
2001 3228 2032 3252 et
2047 3221 2143 3258 sicca;
2168 3221 2226 3253 ista
2246 3222 2405 3263 siquidem
2420 3230 2489 3254 tan—

1416 3265 1523 3306 gibilia
1547 3273 1622 3296 sunt
1646 3276 1682 3297 ex
1706 3266 1824 3306 quibus
1848 3275 1960 3297 sumus
1985 3272 2015 3296 et
2038 3265 2208 3297 nutrimur.
2239 3266 2406 3298 Sensibilia
2429 3267 2489 3308 igi·

1388 3311 1390 3331 ἓ
1416 3317 1468 3341 tur
1491 3310 1630 3341 aliorum
1654 3320 1820 3349 sensuum,
1837 3310 1902 3341 sive
1926 3319 1982 3350 per
2006 3319 2104 3340 unam
2121 3310 2205 3341 viam
2221 3310 2286 3342 sive
2303 3321 2360 3352 per
2383 3311 2488 3349 uliam,

355 3350 392 3380 Il.
419 3350 451 3379 ln
476 3351 681 3390 responsione
705 3352 744 3381 ad
768 3352 896 3383 tertium
913 3353 1056 3384 eiusdem
1080 3353 1212 3391 articuli,
1229 3355 1364 3385 dubium
1388 3370 1390 3377 ι

302 3393 436 3423 occurrit
469 3395 506 3424 de
530 3395 601 3431 hoc,
626 3395 757 3426 scilicet:
790 3397 1026 3428 Delectationes
1049 3399 1187 3429 aliorum
1211 3408 1363 3430 sensuum
1388 3428 1390 3437 ι

303 3447 364 3467 non
390 3439 554 3477 pertinent
586 3439 628 3469 ad
652 3445 801 3470 naturam
835 3442 972 3473 hominis
1003 3443 1276 3481 conservandam,
1302 3444 1365 3474 nisi
1388 3474 1390 3485 ¹

1417 3364 1585 3396 nunquam
1614 3355 1772 3395 pertinent
1802 3354 1841 3385 ad
1871 3354 2122 3386 conservandam
2155 3362 2297 3386 nostram
2330 3362 2488 3395 naturam,

1417 3399 1476 3429 nisi
1501 3399 1689 3429 ordinentur
1711 3399 1750 3429 ad
1775 3398 1945 3438 tangibilia.
1970 3398 2062 3430 Odor
2085 3399 2243 3440 siquidem
2268 3400 2396 3437 florum,
2420 3400 2486 3442 qui,

1417 3443 1546 3474 seclusis
1571 3443 1660 3479 cibo,
1684 3450 1764 3483 potu
1793 3450 1888 3484 atque
1911 3443 2068 3480 venereis,
2092 3443 2259 3475 hominem
2290 3445 2424 3476 delectat
2449 3444 2486 3475 il-

1388 3490 1390 3523 ?
1416 3488 1502 3529 lique
1525 3487 1663 3528 prodest,
1682 3497 1747 3518 non
1772 3487 1831 3517 nisi
1855 3487 1976 3518 ratione
1996 3487 2196 3528 tangibilium
2220 3488 2386 3520 sanitatem
2409 3498 2486 3530 ope-

942 3531 1192 3571 praerogativam
1223 3531 1364 3562 hominis
1388 3533 1390 3567 j

1416 3539 1510 3568 ratur,
1529 3532 1799 3572 contemperando
1817 3531 1934 3562 scilicet
1950 3531 2152 3572 frigiditatem
2169 3533 2296 3570 cerebri,
2314 3540 2350 3564 ut
2368 3533 2487 3564 ibidem

1417 3576 1491 3607 dicit
1506 3575 1702 3607 Aristoteles.
1726 3576 1846 3607 Natura
1863 3576 2021 3617 siquidem
2037 3577 2177 3608 hominis
2193 3587 2259 3608 non
2283 3584 2488 3608 conservatur

1417 3621 1533 3657 odore,
1559 3620 1714 3661 quoniam
1738 3630 1802 3650 non
1829 3620 1940 3657 nutrit,
1968 3621 2022 3652 sed
2046 3621 2205 3652 confortat
2228 3628 2259 3652 et
2281 3621 2406 3652 alterat:
2431 3621 2486 3652 sed
