2768 4198
54 749 64 758 ⁸
77 747 104 770 D.
119 752 164 775 ²55·

99 1278 155 1306 11⁸³,
163 1284 202 1307 qu.
210 1285 266 1304 xxv,

108 1311 125 1333 ι,
139 1311 160 1328 a.

968 283 1236 330 QUAESTIO
1267 283 1404 330 CXLI,

294 376 534 414 consequens
573 363 732 401 discedit
766 363 814 399 ab
852 362 935 411 ipso
973 362 1077 398 bono
1115 361 1279 398 rationis.
1320 361 1396 411 Et[

292 417 380 454 ideo
410 417 460 455 ad
479 417 659 454 virtutem
681 417 870 453 moralem
899 415 1062 464 pertinet
1090 415 1128 452 in
1147 415 1369 452 huiusmodi

292 469 513 508 firmitatem
541 478 736 518 praestare
764 469 804 506 in
832 469 937 505 bono
967 469 1133 506 rationis.

347 523 453 560 Sicut
481 535 571 572 ergo
600 523 720 560 virtus
750 522 988 568 fortitudinis,
1019 522 1066 559 de
1088 522 1194 559 cuius
1223 522 1367 559 ratione

294 584 350 613 est
368 576 587 614 firmitatem
607 584 812 625 praestare,
843 575 1047 624 praecipue
1078 576 1245 613 consistit
1270 576 1367 612 circa

292 630 516 679 passionem
556 630 809 679 pertinentem
855 629 904 666 ad
943 629 1072 677 fugam
1111 629 1367 679 corporalium

294 684 499 731 malorum,
516 682 670 720 -scilicet
698 683 797 720 circa
825 683 1023 728 timorem;
1055 695 1099 720 ex
1121 682 1369 732 consequenti

293 744 422 774 autem
458 736 556 774 circa
585 736 788 774 audaciam
812 735 852 783 ³¹³,
882 749 981 785 quae
1017 737 1233 785 aggreditur
1266 735 1369 773 terri-

292 789 381 827 bilia
410 790 480 827 sub
510 802 578 839 spe
608 789 765 827 alicuius
785 790 896 827 boni:
927 790 977 826 ita
1007 790 1122 828 etiam
1151 798 1368 840 temperan-
1395 799 1397 809 ¹

293 843 356 890 tia,
373 856 472 893 quae
485 849 502 864 ‘²
519 844 701 892 importat
717 843 1023 881 moderationem
1040 844 1249 893 quandam,
1261 855 1368 892 prae·
1396 855 1397 858 ¹

294 896 405 946 cipue
435 897 604 934 consistit
634 897 733 934 circa
761 897 961 946 passiones
989 897 1188 934 tendentes
1207 896 1246 934 in
1266 898 1369 934 bona

293 950 496 997 sensibilia,
527 950 667 988 scilicet
697 950 795 988 circa
825 949 1174 999 concupiscentiam
1204 957 1241 986 et
1269 949 1368 987 dele-

293 1004 519 1051 ctationem;
537 1012 818 1053 consequenter
832 1012 962 1042 autem
979 1003 1077 1040 circa
1093 1003 1254 1040 tristitias
1269 1015 1369 1052 quae
1396 1028 1397 1031 =

294 1058 518 1106 contingunt
538 1070 583 1095 ex
597 1058 770 1096 absentia
785 1058 915 1095 talium
932 1056 1242 1094 delectationum.
1264 1056 1370 1092 Nam

293 1110 390 1148 sicut
424 1111 584 1149 audacia
620 1110 898 1161 praesupponit
934 1109 1134 1157 terribilia,
1169 1109 1219 1146 ita
1255 1108 1369 1145 etiarn

293 1164 438 1202 tristitia
472 1164 555 1202 talis
590 1164 768 1214 provenit
805 1176 850 1201 ex
884 1162 1056 1201 absentia
1088 1162 1368 1212 praedictarum

295 1218 606 1256 delectationum.

347 1273 408 1310 An
437 1283 577 1309 ptumum
603 1282 702 1308 eaeo
730 1282 917 1308 mensuum
945 1270 1063 1318 quod,
1094 1268 1190 1305 sicut
1217 1280 1332 1316 supra
1351 1266 1371 1288 '¹‘

284 1323 451 1362 dicruffi‘
468 1331 535 1369 est,
565 1336 654 1360 cum
681 1323 728 1361 de
748 1322 992 1372 passionibus
1012 1330 1199 1370 ageretur,
1225 1320 1370 1370 passio·
1397 1341 1398 1369 3

293 1389 361 1414 nes
391 1389 490 1426 quae
510 1376 700 1426 pertinent
720 1377 768 1414 ad
792 1377 922 1424 fugam
943 1375 1032 1413 mali
1053 1381 1372 1424 praesupponunt
1397 1372 1399 1417 Ξ

291 1429 492 1480 passiones
520 1441 620 1478 quae
639 1430 832 1479 pertinent
859 1429 908 1467 ad
932 1428 1243 1478 prosecutionem
1265 1427 1370 1474 boni,
1397 1432 1399 1472 ὲ

347 1597 376 1630 α)
395 1604 473 1630 quae.
487 1611 504 1616 —
522 1597 595 1623 circa
613 1604 682 1630 quae
700 1597 855 1630 BEFpACK
874 1601 900 1621 et
918 1604 944 1622 a.

347 1631 374 1667 β)
389 1632 526 1666 priorum.
537 1646 557 1652 -
570 1633 729 1666 passionum
749 1633 847 1658 addunt
865 1632 913 1658 Pa.

1434 281 1733 319 ARTlCULUS
1765 281 1813 317 III
2425 278 2492 314 125

1423 369 1460 398 et
1496 361 1694 410 passiones
1727 358 1923 397 irascibilis
1951 365 2270 407 praesupponunt
2298 357 2495 406 passiones

1395 418 1397 434 ²
1423 413 1741 463 concupiscibilis.
1779 414 1828 450 Et
1857 412 1921 458 sic,
1952 413 2044 449 dum
2075 411 2326 460 temperantia
2355 410 2494 447 directe

1395 468 1621 519 3modificat
1656 467 1853 516 passiones
1887 465 2191 514 concupiscibilis
2226 465 2424 501 tendentes
2458 463 2495 500 in

1423 522 1591 568 bonum,
1622 533 1690 570 per
1726 520 1922 569 quandam
1953 518 2269 567 consequentiam
2301 517 2496 554 modificat

1423 587 1558 612 omnes
1587 574 1677 611 alias
1707 573 1925 623 passiones,
1956 573 2182 622 inquantum
2212 571 2260 609 ad
2290 570 2494 608 moderan-

1422 629 1514 666 tiam
1538 628 1709 677 priorum
1730 626 1745 657 β
1773 627 1943 675 sequitur
1962 626 2202 663 moderantia
2225 624 2494 674 posteriorum.

1424 682 1500 729 Qui
1517 681 1619 719 enim
1635 694 1714 718 non
1729 681 1981 718 immoderate
1997 678 2242 731 concupiscit,
2255 689 2496 727 consequens

1424 743 1479 772 est
1507 743 1548 772 ut
1577 734 1774 772 moderate
1796 742 1933 783 speret,
1964 742 2000 770 et
2028 733 2227 771 moderate
2257 732 2305 770 de
2325 731 2497 770 absentia

1424 787 1778 838 concupiscibilium
1808 787 1984 825 tristetur.

1477 844 1536 879 AD
1557 853 1748 879 SECUNDUM
1769 853 1954 878 mCENDUM
1975 840 2080 890 quod
2101 839 2410 889 concupiscentia
2430 838 2498 875 irn—

1396 899 1397 926 3
1423 903 1549 944 portat
1572 895 1758 944 impetum
1779 894 1974 943 quendam
1995 893 2184 943 appetitus
2203 893 2240 930 in
2264 891 2518 939 delectabile,‘

1425 949 1488 998 qui
1518 948 1661 996 indiget
1689 947 1961 994 refrenatione,
1992 947 2096 996 quod
2131 946 2294 995 pertinet
2327 946 2375 983 ad
2403 953 2521 984 tem--

1424 1002 1648 1050 perantiam.
1671 1000 1748 1038 Sed
1768 1000 1882 1037 timor
1897 1000 2077 1049 importat
2092 1000 2359 1044 retractionem
2379 1011 2499 1048 quan-

1426 1055 1515 1092 dam
1544 1053 1662 1091 animi
1691 1054 1739 1091 ab
1769 1053 1960 1101 aliquibus
1988 1053 2113 1090 malis:
2149 1062 2279 1091 contra
2309 1053 2415 1102 quod
2444 1052 2498 1089 in-

1426 1108 1527 1156 diget
1554 1109 1676 1144 homo
1706 1106 1822 1144 animi
1850 1106 2049 1149 firmitate,
2081 1119 2197 1155 quam
2232 1114 2398 1155 praestat
2426 1106 2498 1143 for-

1425 1160 1559 1198 titudo.
1589 1161 1638 1197 Et
1657 1159 1745 1198 ideo
1767 1160 2019 1209 temperantia
2039 1159 2193 1208 proprie
2214 1167 2270 1197 est
2290 1159 2387 1197 circa
2409 1172 2498 1196 con-

1426 1213 1691 1263 cupiscentias,
1721 1213 1902 1250 fortitudo
1934 1213 2032 1250 circa
2060 1213 2229 1250 timores.

1479 1269 1538 1304 AD
1577 1278 1738 1304 TERTmM
1782 1279 1967 1304 DICENDUM
2009 1267 2114 1315 quod
2152 1266 2356 1303 exteriores
2394 1273 2499 1305 actus

1425 1320 1640 1369 procedunt
1663 1321 1711 1357 ab
1731 1319 1970 1357 interioribus
1995 1319 2147 1357 animae
2167 1319 2420 1369 passionibus.
2452 1319 2500 1356 Et

1426 1373 1514 1411 ideo
1545 1373 1760 1411 moderatio
1791 1385 1926 1411 eorum
1952 1373 2144 1422 dependet
2164 1386 2185 1410 a
2204 1373 2469 1410 moderatione
2485 1378 2500 1400 Υ

1426 1427 1653 1465 interiorum
1683 1426 1920 1477 passionum.

1480 1596 1507 1629 γ)
1528 1595 1721 1620 moderatione.
1735 1609 1752 1613 —
1771 1595 1940 1620 exteriorum
1966 1598 2076 1620 actuum
2101 1595 2200 1620 addunt
2224 1594 2364 1623 AEFKLa,
2384 1594 2504 1620 exterio-

1427 1639 1488 1656 rum
1506 1634 1616 1656 actuum
1636 1634 1663 1656 et
1682 1631 1753 1655 addit
1772 1631 1801 1660 C,
1820 1634 1929 1656 actuum
1950 1631 2049 1656 addunt
2067 1631 2125 1656 DG.

980 1730 1320 1764 commentaria
1343 1728 1598 1764 Cardinalis
1621 1728 1823 1761 Caietani

326 1839 346 1860 u
371 1827 505 1860 articulo
526 1828 619 1860 tertio
637 1828 780 1859 eiusdem
797 1827 1374 1869 centesimaequadragesimaeprimae
1398 1860 1399 1875 χ

297 1841 524 1915 Iquaestionis
548 1873 686 1904 dubium
710 1873 846 1904 occurrit
871 1872 952 1904 circa
976 1872 1186 1903 differentiam
1215 1872 1247 1902 in
1270 1872 1372 1903 littera
1398 1889 1399 1895 κ

294 1917 434 1960 positam
456 1917 538 1948 inter
561 1925 690 1949 motum
714 1917 874 1958 appetitus
898 1916 1037 1948 sensitivi
1068 1917 1291 1958 prosequentis
1315 1917 1372 1948 bo-

294 1972 386 1998 nurn,
403 1969 434 1994 et
457 1961 606 2002 fugientis
628 1962 762 1998 malum,
787 1961 877 2002 quod
896 1962 948 1992 ille
972 1961 1141 2003 praecipue
1165 1961 1373 1993 contrariatur
1398 2000 1399 2006 ἵ

295 2007 411 2038 rationi
441 2006 564 2037 ratione
588 2006 862 2042 immoderantiae,
879 2006 938 2037 iste
966 2006 1088 2037 ratione
1113 2005 1251 2037 effectus.
1275 2006 1372 2037 Vide·
1398 2010 1400 2026 l

294 2058 348 2083 tur
371 2051 458 2082 enim
481 2057 548 2082 tarn
571 2050 745 2082 differentia
768 2060 866 2092 quam
891 2051 960 2081 eius
984 2050 1065 2082 ratio
1089 2051 1186 2082 nulla.
1219 2050 1373 2082 Differen-
1398 2055 1400 2085 t

295 2096 340 2128 tia
355 2095 499 2137 quidem,
514 2095 590 2137 quia
614 2095 696 2127 sicut
712 2095 970 2136 concupiscentia
985 2095 1062 2126 boni
1079 2095 1235 2126 sensibilis
1259 2105 1296 2126 ex
1309 2095 1373 2126 hoc
1398 2088 1400 2128 ,³

296 2147 344 2172 est
362 2140 447 2172 mala
470 2140 547 2182 quia
563 2150 630 2171 non
654 2140 834 2172 secundum
857 2140 1014 2171 rationem
1031 2146 1087 2177 est,
1104 2140 1147 2171 ita
1171 2140 1269 2171 timor
1284 2140 1372 2176 mali,
1398 2134 1400 2166 l

296 2192 375 2227 puta
399 2184 522 2222 mortis,
539 2195 577 2216 ex
599 2185 663 2216 hoc
686 2192 734 2216 est
757 2185 862 2216 malus
885 2184 961 2226 quia
985 2194 1051 2215 non
1076 2185 1255 2216 secundum
1279 2184 1372 2215 ratio-
1398 2187 1400 2195 '

296 2239 372 2261 nem
396 2236 461 2261 est:
487 2236 518 2260 et
541 2229 584 2260 ita
609 2229 781 2270 utrobique
804 2228 1050 2260 immoderantia
1074 2228 1189 2260 rationi
1206 2236 1372 2270 repugnat.

295 2274 339 2306 Et
367 2273 513 2305 similiter
543 2274 716 2315 utrobique
747 2273 875 2304 effectus
906 2273 1063 2304 rationem
1097 2273 1263 2314 deprimit:
1297 2284 1372 2304 nam

296 2318 380 2350 sicut
402 2328 440 2349 ex
463 2318 565 2349 nimio
589 2318 706 2349 timore
729 2318 805 2348 mali
829 2318 910 2349 ratio
939 2318 1076 2349 declinat
1099 2328 1116 2348 a
1139 2319 1244 2355 bono,
1268 2318 1312 2349 ita
1335 2328 1374 2349 ex

295 2363 398 2395 nimio
422 2362 566 2405 appetitu
591 2362 784 2394 delectabilis
802 2363 883 2394 ratio
907 2362 1046 2394 declinat
1069 2373 1087 2393 a
1111 2363 1199 2394 bono
1223 2363 1371 2394 honesto.

351 2407 458 2439 Allata
480 2417 556 2438 vero
587 2407 668 2439 ratio
692 2407 725 2438 in
757 2407 861 2439 littera
884 2417 944 2449 pro
967 2407 1072 2448 primo
1106 2408 1271 2444 membro,
1296 2408 1373 2449 quia

296 2451 415 2484 scilicet
438 2453 524 2483 bona
547 2452 726 2493 corporalia
749 2459 781 2483 et
800 2452 960 2483 sensibilia
983 2452 1162 2483 secundum
1186 2463 1219 2483 se
1244 2463 1310 2484 non
1327 2463 1373 2484 re-

296 2504 442 2539 pugnant
457 2497 583 2533 rationi,
601 2498 657 2527 sed
672 2497 815 2528 serviunt
830 2497 859 2527 ei
875 2497 1158 2528 instrumentaliter
1181 2497 1221 2528 ad
1238 2497 1373 2534 bonum,
1400 2531 1401 2540 ἵ

297 2542 323 2573 si
347 2541 469 2582 aliquid
485 2541 578 2578 valet,
596 2541 761 2572 concludit
775 2541 861 2572 idem
878 2551 937 2582 pro
953 2542 1096 2572 secundo
1113 2542 1276 2572 membro:
1298 2552 1374 2572 nam
1400 2544 1401 2573 i

297 2593 328 2618 et
351 2587 435 2617 mala
459 2586 637 2626 corporalia
661 2592 692 2617 et
723 2586 883 2617 sensibilia
915 2586 1094 2617 secundum
1117 2597 1150 2617 se
1179 2596 1247 2617 non
1279 2597 1372 2627 repu-
1400 2582 1401 2596 ³

297 2638 396 2672 gnant
419 2630 548 2667 rationi,
572 2631 628 2662 sed
652 2630 727 2671 fuga
751 2641 864 2662 eorum
892 2638 939 2663 est
961 2631 1212 2662 instrumentum
1243 2631 1374 2662 rationis
1400 2637 1402 2670 ξ

297 2676 338 2707 ad
361 2675 544 2707 felicitatem
567 2685 650 2716 quae
673 2682 721 2706 est
743 2676 921 2706 secundum
945 2675 1106 2707 virtutem.
1138 2676 1179 2706 Et
1207 2682 1374 2716 propterea

298 2730 335 2751 ex
359 2720 418 2751 hac
441 2719 563 2751 ratione
582 2720 785 2751 concluditur
807 2720 840 2750 in
864 2721 1006 2751 secundo
1023 2721 1169 2751 membro
1193 2721 1283 2762 quod
1299 2720 1375 2761 fuga

298 2765 375 2795 mali
399 2771 446 2795 est
469 2764 554 2795 mala
578 2771 709 2806 propter
732 2765 1031 2801 immoderantiam,
1055 2765 1138 2796 sicut
1160 2771 1191 2795 et
1214 2766 1374 2806 appetitus
1400 2763 1402 2804 ξ

298 2809 376 2840 boni
401 2809 568 2840 sensibilis.

355 2854 392 2885 11.
417 2854 468 2885 Ad
491 2854 554 2885 hoc
582 2853 698 2884 dicitur
720 2855 810 2894 quod
842 2853 928 2884 aliud
952 2860 999 2884 est
1027 2854 1118 2895 loqui
1143 2855 1182 2884 de
1213 2854 1312 2884 nimio
1337 2854 1374 2885 ti-

298 2909 390 2930 more
413 2905 444 2930 et
467 2909 576 2930 amore
601 2898 741 2929 sensibili
771 2898 980 2938 significando
1012 2908 1068 2939 per
1090 2899 1124 2939 ly
1147 2900 1246 2930 nimio
1270 2909 1374 2930 exces-
1400 2921 1402 2942 ἦ

298 2954 372 2974 sum
396 2950 507 2975 contra
530 2944 705 2974 rationem:
732 2949 762 2973 et
785 2943 871 2974 aliud
895 2951 942 2975 est
965 2943 1056 2984 loqui
1076 2943 1115 2973 de
1139 2943 1254 2974 eodem
1278 2943 1374 2984 signi·
1401 2964 1403 2978 ,

298 2987 425 3019 ficando
449 2988 612 3030 quandam
643 2987 898 3028 magnitudinem
930 2988 1086 3019 absolute.
1115 2988 1200 3018 Nam
1230 2988 1375 3019 dubitare
1401 2987 1402 3025 ]

299 3042 340 3063 an
362 3032 460 3064 timor
484 3033 614 3071 nimius,
634 3033 696 3063 hoc
720 3039 767 3063 est
790 3033 943 3063 excedens
967 3039 1066 3063 metas
1091 3032 1231 3068 rationis,
1253 3042 1289 3063 ex
1313 3032 1375 3063 hoc
1401 3028 1403 3040 '

298 3077 370 3118 ipso
395 3077 510 3109 rationi
530 3077 720 3114 adversetur,
738 3087 804 3108 non
822 3084 869 3108 est
883 3077 943 3107 nisi
967 3077 1130 3118 propriam
1154 3087 1268 3107 vocem
1283 3077 1375 3117 igno-

299 3121 408 3153 rantis.
433 3122 496 3153 Sed
519 3122 664 3154 dubitare
689 3123 727 3153 de
756 3122 872 3153 timore
896 3122 1036 3152 sensibili
1067 3131 1185 3161 magno
1209 3122 1371 3158 absolute,

300 3176 341 3197 an
365 3176 402 3197 ex
425 3167 647 3208 magnitudine
669 3177 710 3198 an
733 3167 863 3198 aliunde
887 3166 1102 3207 principaliter
1124 3167 1307 3197 adversetur
1327 3175 1375 3197 ra—
1401 3184 1403 3207 χ

300 3210 398 3247 doni,
425 3221 493 3242 non
522 3219 569 3244 est
598 3212 823 3243 irrationabile.
856 3212 897 3242 Et
921 3211 965 3242 sic
987 3211 1133 3253 loquitur
1162 3211 1213 3242 hic
1241 3213 1373 3242 Auctor.
1401 3209 1403 3243 l

300 3255 395 3286 Unde
410 3265 476 3286 non
499 3255 635 3287 intendit
657 3257 747 3298 quod
764 3256 1021 3297 concupiscentia
1045 3256 1085 3287 sit
1100 3255 1184 3286 mala
1204 3265 1241 3286 ex
1256 3255 1374 3286 immo·
1401 3267 1403 3304 i

301 3299 453 3336 demntia,
469 3300 531 3331 hoc
554 3307 602 3333 est
620 3311 657 3332 ex
681 3301 911 3342 magnitudine,
929 3308 960 3332 et
979 3301 1076 3331 timor
1100 3309 1181 3337 non;
1207 3306 1262 3330 aut
1285 3300 1375 3340 quod

301 3343 399 3374 timor
422 3343 463 3375 sit
485 3345 589 3375 malus
613 3356 650 3376 ex
673 3346 796 3383 effectu,
813 3353 844 3377 et
867 3345 1124 3386 concupiscentia
1144 3353 1227 3375 non:
1253 3345 1307 3375 sed
1327 3344 1374 3374 in-
1401 3346 1403 3356 ²

301 3388 404 3419 tendit
418 3389 509 3429 quod
531 3389 687 3421 sensibilis
703 3401 795 3421 amor
814 3398 845 3422 et
868 3390 1023 3422 sensibilis
1039 3390 1137 3422 timor
1152 3390 1185 3420 in
1208 3390 1271 3420 hoc
1287 3388 1374 3419 diffe-

302 3439 377 3464 runt
399 3433 499 3474 quod,
524 3440 658 3475 uterque
673 3435 699 3466 si
723 3442 863 3476 ponatur
885 3436 1031 3467 absolute
1054 3445 1200 3476 magnus,
1218 3434 1324 3465 statim
1340 3440 1376 3465 ut
1402 3444 1403 3452 ¹

302 3488 394 3508 amor
411 3477 525 3508 dicitur
549 3478 676 3515 nimius,
693 3487 786 3511 sonat
801 3491 838 3511 ex
861 3481 930 3521 ipsa
947 3480 1167 3521 magnitudine
1191 3479 1312 3520 aliquid
1329 3489 1374 3509 ra·
1401 3489 1404 3516 χ

302 3522 383 3553 tioni
408 3522 591 3553 adversum:
617 3523 672 3553 sed
695 3533 771 3554 cum
793 3525 891 3556 timor
914 3525 1028 3556 dicitur
1052 3524 1181 3561 nimius,
1202 3531 1374 3565 antequam
1402 3519 1403 3527 ¹

1427 1826 1547 1868 aliquid
1565 1827 1735 1858 adversum
1749 1826 1864 1857 rationi
1880 1826 2070 1863 insinuetur,
2083 1826 2276 1858 recurrimus
2289 1826 2329 1856 ad
2346 1826 2502 1863 effectum,

1427 1882 1467 1902 an
1491 1871 1610 1902 scilicet
1633 1871 1790 1902 declinare
1814 1870 1922 1902 fecerit
1945 1871 2112 1903 timentem
2136 1882 2154 1901 a
2177 1878 2274 1902 recto.

1483 1916 1524 1947 Et
1547 1916 1610 1947 hoc
1640 1915 1673 1946 in
1698 1915 1814 1946 nostris
1844 1915 2040 1957 quotidianis
2069 1915 2195 1947 iudiciis
2226 1915 2406 1956 experimur
2436 1917 2502 1947 lau-

1398 1986 1400 1995 ,
1428 1961 1534 1991 dando
1557 1960 1608 1991 vel
1631 1960 1853 2001 vituperando.
1877 1960 1981 1991 Nimis
2001 1961 2088 1991 enim
2112 1961 2373 2001 concupiscentes
2397 1961 2503 1992 statim

1426 2005 1656 2046 vituperamus,
1675 2006 1713 2035 ad
1738 2004 1782 2035 nil
1806 2004 1892 2035 aliud
1917 2012 2094 2046 spectantes
2118 2015 2216 2046 quam
2240 2005 2280 2036 ad
2300 2005 2403 2046 ipsam
2428 2015 2503 2036 con-

1428 2050 1640 2091 cupiscentiae
1657 2049 1929 2090 magnitudinem:
1954 2050 2049 2080 nimis
2065 2057 2174 2081 autem
2189 2049 2337 2081 timentes
2361 2060 2426 2080 non
2444 2057 2503 2081 sta-

1427 2095 1485 2126 tim
1509 2095 1740 2136 vituperamus,
1758 2094 1813 2125 sed
1837 2094 1926 2134 prius
1955 2094 2120 2126 intuemur
2143 2104 2182 2124 an
2207 2104 2243 2125 ex
2271 2095 2387 2126 timore
2410 2095 2504 2126 decli-

1428 2146 1505 2170 nent
1528 2150 1546 2170 a
1570 2140 1669 2170 bono.
1702 2139 1790 2170 Haec
1814 2138 1899 2169 enim
1932 2149 2007 2179 prae
2037 2150 2069 2169 se
2101 2139 2207 2169 ferunt
2240 2139 2448 2170 differentiam
2472 2139 2505 2170 in

1427 2184 1531 2215 littera
1554 2183 1693 2224 positam
1716 2183 1798 2214 inter
1821 2183 1980 2223 appetitus
2004 2183 2144 2214 sensitivi
2173 2190 2301 2215 motum
2325 2183 2357 2213 in
2381 2184 2506 2214 bonurn

1428 2228 1586 2266 sensibile,
1602 2235 1633 2259 et
1656 2234 1785 2258 motum
1809 2227 1953 2258 eiusdem
1970 2228 2160 2259 declinando
2185 2228 2286 2258 mala:
2311 2229 2401 2269 quod
2425 2228 2505 2259 scili-

1428 2280 1477 2304 cet
1499 2273 1552 2303 ille
1577 2273 1639 2303 hoc
1662 2272 1734 2312 ipso
1751 2272 1841 2313 quod
1865 2271 1984 2302 nimius
2001 2279 2048 2303 est
2071 2271 2175 2315 (quod
2199 2272 2231 2302 in
2250 2272 2353 2303 littera
2375 2280 2507 2304 vocatur

1429 2327 1471 2349 ex
1503 2315 1783 2359 immoderantia),
1809 2316 1914 2357 primo
1946 2324 1976 2348 et
2005 2317 2221 2358 principaliter
2249 2317 2432 2348 adversatur
2460 2328 2506 2348 ra-

1428 2362 1525 2398 tioni;
1550 2362 1608 2393 iste
1632 2368 1740 2392 autem
1758 2371 1822 2392 non
1848 2362 1954 2402 pn'mo
1978 2369 2009 2393 et
2024 2361 2240 2402 principaliter
2262 2362 2444 2394 adversatur
2460 2373 2506 2394 ra-

1429 2407 1510 2438 tioni
1534 2417 1571 2438 ex
1599 2406 1661 2437 hoc
1685 2407 1774 2448 quod
1805 2413 1852 2437 est
1875 2406 2010 2443 nimius,
2035 2407 2090 2438 sed
2114 2417 2151 2437 ex
2173 2406 2236 2437 hoc
2266 2407 2356 2448 quod
2380 2417 2398 2437 a
2421 2414 2506 2438 recto

1429 2452 1567 2484 abducit.
1593 2452 1678 2482 Laus
1695 2451 1782 2482 enim
1797 2458 1828 2482 et
1850 2451 2056 2492 vituperium,
2073 2461 2155 2493 quae
2172 2458 2247 2482 sunt
2267 2452 2306 2482 ad
2322 2459 2417 2488 extra,
2433 2459 2508 2483 sunt

1429 2497 1519 2538 signa
1543 2506 1656 2527 eorum
1681 2506 1764 2537 quae
1789 2503 1863 2526 sunt
1886 2496 1983 2526 intus.

1485 2541 1533 2572 Ex
1557 2541 1605 2571 his
1629 2548 1737 2572 autem
1753 2547 1839 2582 patet
1862 2541 1951 2581 quod
1966 2550 2032 2571 non
2053 2547 2181 2581 oportet
2205 2540 2335 2571 obiectis
2354 2541 2443 2571 aliter
2459 2551 2506 2572 re—

1429 2586 1604 2628 spondere:
1631 2585 1787 2627 quoniam
1811 2595 1848 2616 ex
1872 2584 1952 2616 falso
1977 2595 2071 2615 sensu
2094 2585 2216 2616 litterae
2239 2586 2426 2625 procedunt.
2456 2586 2507 2616 Ad

1430 2631 1644 2662 abiectionem
1664 2637 1771 2661 autem
1796 2637 1905 2661 contra
1921 2629 2088 2665 rationem,
2106 2629 2222 2660 dicitur
2245 2630 2334 2670 quod
2358 2630 2438 2660 ratio
2453 2630 2507 2660 illa

1430 2687 1497 2707 non
1514 2683 1560 2706 est
1575 2676 1670 2706 allata
1693 2675 1733 2705 ad
1750 2675 2004 2705 concludendam
2029 2673 2237 2704 differentiam
2255 2674 2426 2705 intentam:
2452 2675 2507 2705 sed

1401 2751 1402 2756 ,
1430 2722 1470 2752 ad
1494 2720 1730 2752 ostendendum
1746 2720 1835 2760 quod
1860 2719 2019 2760 appetitus
2044 2718 2183 2749 sensitivi
2200 2725 2308 2749 motus
2333 2719 2364 2749 in
2381 2720 2506 2749 bonum

1430 2765 1578 2797 sensibile
1602 2775 1668 2795 non
1685 2771 1731 2795 est
1755 2764 1858 2794 malus
1875 2774 1912 2794 ex
1936 2763 2072 2794 obiecto.
2097 2763 2138 2794 Et
2157 2763 2218 2794 hoc
2235 2763 2358 2804 optime
2382 2764 2504 2804 probat.

1401 2806 1402 2843 J
1431 2811 1472 2841 Et
1495 2820 1532 2841 ex
1555 2810 1618 2840 hoc
1642 2815 1873 2849 consequenter
1904 2808 2048 2849 sequitur
2078 2808 2167 2848 quod
2199 2808 2238 2838 sit
2261 2807 2364 2838 malus
2396 2818 2432 2838 ex
2457 2818 2506 2838 ex-

1401 2863 1402 2892 }
1431 2865 1521 2886 cessu
1545 2854 1684 2885 rationis.
1709 2853 1771 2884 Sed
1795 2863 1835 2883 an
1860 2852 1900 2883 sit
1923 2852 2138 2893 principaliter
2162 2852 2266 2883 malus
2290 2862 2326 2883 ex
2353 2853 2505 2883 excellen-

1430 2900 1473 2931 tia
1497 2909 1537 2930 an
1569 2909 1605 2929 ex
1629 2898 1755 2934 effectu,
1781 2898 1928 2928 nondum
1953 2897 2127 2928 deductum
2158 2904 2205 2928 est
2232 2907 2269 2928 ex
2291 2897 2343 2928 illa
2374 2897 2504 2928 ratione.

1430 2945 1471 2976 Et
1494 2951 1662 2985 propterea
1686 2953 1753 2973 non
1777 2943 1882 2973 obstat
1905 2942 2084 2982 proposito.

1487 2989 1539 3019 111.
1566 2987 1652 3019 Cum
1668 2995 1777 3019 autern
1792 2987 1871 3027 legis
1878 2986 2110 3027 fortitudinem
2116 2986 2314 3028 firmitatem
2333 2991 2506 3026 praestare

1431 3034 1464 3064 in
1488 3033 1570 3064 bono
1593 3033 1740 3070 rationis,
1762 3042 1828 3062 non
1846 3031 2002 3071 intelligas
2026 3031 2114 3062 aliter
2137 3041 2235 3072 quam
2259 3040 2355 3070 supra
2370 3030 2396 3066 *‚
2414 3030 2505 3071 quasi

1430 3077 1586 3108 fortitudo
1615 3083 1716 3117 ponat
1746 3076 1887 3117 aliquam
1917 3075 2100 3106 firmitatem
2123 3075 2155 3105 in
2184 3075 2348 3105 voluntate
2373 3081 2427 3105 aut
2457 3085 2504 3105 ra-

1430 3122 1533 3153 tione:
1558 3121 1621 3152 hoc
1640 3121 1726 3152 enim
1743 3121 1925 3151 adversatur
1941 3131 2037 3161 supra
2052 3120 2070 3139 *
2087 3120 2186 3156 dictis,
2205 3119 2322 3150 scilicet
2337 3119 2504 3160 quoniam,

1430 3166 1588 3197 firmando
1613 3166 1792 3206 appetitum
1814 3165 2008 3201 inferiorem,
2025 3165 2173 3195 voluntas
2196 3164 2228 3194 in
2245 3170 2329 3194 recta
2351 3163 2506 3194 volitione

1430 3211 1601 3247 solidatur;
1626 3210 1716 3247 sicut,
1733 3211 1812 3240 dum
1829 3209 2037 3250 temperantia
2053 3209 2236 3239 moderatur
2251 3208 2435 3239 inferiorem
2451 3219 2505 3249 ap-

1431 3255 1577 3296 petitum,
1590 3255 1738 3285 voluntas
1751 3254 1783 3285 in
1797 3255 1921 3285 bonum
1935 3253 2066 3284 rationis
2078 3252 2320 3284 inclinationem
2332 3253 2505 3294 protendit.

1488 3300 1523 3329 In
1546 3299 1755 3339 responsione
1779 3298 1818 3328 ad
1842 3298 2021 3329 secundum
2045 3298 2187 3328 eiusdem
2212 3297 2355 3335 articuli,
2380 3298 2506 3329 adverte

1431 3343 1521 3385 quod
1538 3343 1704 3384 responsio
1722 3342 1865 3373 consistit
1887 3343 1919 3373 in
1943 3342 2016 3381 hoc,
2034 3342 2122 3383 quod
2139 3342 2236 3373 timor
2251 3352 2317 3373 non
2342 3349 2412 3382 eget
2427 3350 2505 3373 tem-

1430 3388 1603 3429 peratione,
1619 3388 1695 3429 quia
1720 3397 1786 3418 non
1803 3387 1946 3418 consistit
1968 3387 2001 3417 in
2021 3387 2264 3427 prosecutione:
2290 3387 2344 3418 sed
2369 3394 2439 3427 eget
2454 3386 2506 3417 fir-

1430 3433 1549 3469 mitate,
1566 3433 1642 3474 quia
1666 3432 1808 3463 consistit
1830 3432 1864 3462 in
1888 3432 1973 3472 fuga.
1998 3432 2039 3462 Et
2061 3431 2145 3468 ideo,
2162 3431 2235 3462 licet
2258 3431 2298 3462 sit
2321 3431 2505 3463 difficilioris

1430 3477 1674 3514 rectificationis,
1701 3487 1767 3512 non
1792 3484 1898 3507 tamen
1923 3483 2043 3517 spectat
2066 3477 2105 3506 ad
2129 3476 2390 3517 temperantiam,
2416 3476 2505 3507 cuius

1431 3529 1477 3553 est
1500 3522 1657 3553 moderari
1681 3521 1921 3562 prosecutiones
1945 3521 2189 3552 delectabilium.

2534 3038 2543 3047 ⁸
2556 3037 2604 3086 (ὲυ.
2615 3042 2694 3063 cxxiii,
2704 3041 2745 3058 art.

2533 3069 2548 3090 ¹7

2534 3123 2543 3132 ⁸
2557 3121 2615 3143 Ibid.

2589 3067 2701 3085 ommeflt.
2724 3069 2737 3084 n
2742 3080 2746 3084 .
