2768 4198
36 995 47 1004 ’
61 993 98 1015 Cf.
113 998 177 1014 num.
192 998 207 1013 ι.

37 1022 57 1030 ··
72 1020 182 1042 Conclus.
200 1026 221 1048 3.

53 3199 69 3222 S

54 3172 135 3221 :ezi-

41 1837 49 1845 ·
64 1835 175 1857 Conclus.
189 1841 212 1861 4.

42 1930 50 1937 ·
65 1928 101 1950 cf.
121 1934 186 1950 num.
204 1933 243 1949 vn.

151 3178 191 3200 vn,
201 3179 224 3194 n.
235 3179 264 3194 1.-

133 3215 138 3221 .
158 3200 209 3222 lect.
225 3206 266 3222 vu.

154 3284 171 3301 α

281 302 351 326 110

913 286 1181 333 QUAESTIO
1212 285 1444 332 cxxxvn,
1474 285 1773 322 ARTlcULUs
1804 285 1833 321 11

275 375 443 409 utramque
466 368 689 408 probationem
714 365 934 397 antecedentis.
963 363 1127 401 Quoniam
1151 363 1246 403 gratis
1270 373 1345 394 con·
1371 368 1374 406 ἶ
1399 364 1490 404 quod
1513 371 1560 395 est
1582 363 1822 405 perseverantia.
1856 364 1922 394 Nec
1946 364 2050 394 obstat
2074 362 2099 393 si
2124 372 2189 393 non
2214 369 2471 393 consummetur:

275 413 396 444 ceditur
419 413 507 453 quod
531 412 690 452 quaelibet
713 411 810 441 virtus
835 415 939 450 potest
958 418 1155 448 perseverare
1177 418 1213 438 ex
1237 407 1346 438 condi·
1372 408 1374 441 ῐ
1400 408 1480 439 sicut
1509 418 1575 438 non
1595 410 1708 445 obstat,
1730 408 1755 438 si
1780 409 1897 439 domus
1920 407 2096 439 aedificatio
2121 417 2187 438 non
2212 414 2473 443 consummatur,

275 457 376 488 tione:
402 457 457 487 sed
482 466 547 487 non
572 466 608 486 ex
632 455 797 496 principali
821 453 1007 484 intentione.

1400 452 1479 492 quin
1503 451 1682 483 aedificatio
1706 460 1819 493 coepta
1840 452 1934 483 fuerit
1957 451 2133 483 aedificatio
2158 459 2188 482 et
2207 450 2420 488 domificatio;
2445 458 2476 482 et

332 502 383 532 Ad
407 501 583 531 secundum
607 505 847 539 argumentum,
872 503 1004 536 negatur
1027 495 1156 536 sequela
1179 502 1347 535 processus
1373 478 1375 538 l
1401 496 1427 526 si
1450 496 1623 526 hodiernus
1648 496 1713 527 dies
1742 507 1910 538 nunquam
1934 503 2223 533 consummaretur,
2250 506 2315 526 non
2340 495 2476 526 auferret

276 546 308 576 in
331 544 508 576 infinitum:
534 544 689 585 quoniam
712 543 770 573 ista
791 540 933 582 specialis
949 540 1047 570 virtus
1071 549 1154 580 quae
1173 546 1220 570 est
1243 549 1347 580 perse·
1374 541 1376 570 l
1401 539 1480 580 quin
1505 539 1598 571 fuerit
1621 550 1734 571 verum
1757 541 1844 581 prius
1868 541 1970 572 dicere
1993 541 2086 572 hodie
2109 541 2142 571 in
2166 540 2276 582 primis
2292 540 2379 572 horis
2396 540 2474 571 eius.

276 590 430 625 verantia,
456 599 538 630 quae
566 598 622 628 per
653 598 685 617 se
718 586 822 626 primo
852 585 952 615 tendit
983 584 1021 614 ad
1050 583 1291 615 diuturnitatem
1315 584 1348 614 in
1374 583 1376 621 ᾖ

277 643 483 675 quocumque
508 640 578 663 actu
603 631 736 664 virtutis,
757 629 871 660 sufficit
895 629 934 659 ad
957 629 1154 660 tendendum
1171 629 1210 658 ad
1227 628 1349 659 diutur-

276 777 333 807 per
356 776 388 796 se
412 765 532 805 primo,
557 774 612 794 seu
637 773 674 793 ex
698 762 863 802 principali
897 761 1083 793 intentione.
1118 761 1159 791 Et
1182 769 1349 801 propterea

277 810 355 840 aliae
379 816 471 850 egent
494 808 552 838 ista
569 817 625 847 per
649 817 681 837 se
698 806 803 847 primo
828 806 860 836 in
885 806 1072 837 diuturnum
1096 805 1265 836 tendente:
1292 806 1349 836 ista

275 864 361 890 vero,
386 853 461 894 quia
486 862 522 882 ex
546 861 579 881 se
604 851 665 882 hoc
689 851 792 887 habet,
814 861 879 881 non
905 857 974 891 eget
997 850 1103 892 aliqua
1119 850 1179 880 alia
1202 851 1350 881 tendente

276 899 315 928 ad
340 897 580 928 diuturnitatem
604 896 653 926 sui
677 895 793 936 operis.

277 987 365 1022 dum,
384 986 520 1016 dubium
542 995 580 1015 ex
603 985 741 1015 Martino
766 984 913 1020 occurrit,
930 983 1050 1015 ibidem
1065 983 1093 1022 ¹⁴⁸,
1110 994 1164 1024 qu.
1181 994 1203 1015 11
1220 984 1264 1021 **,
1286 984 1350 1021 ubi,

276 1031 403 1062 recitata
426 1030 484 1061 hac
508 1029 732 1070 responsione,
758 1028 849 1060 dicit:
874 1047 895 1052 —
920 1028 1094 1069 Sequentes
1119 1028 1200 1059 hanc
1224 1029 1352 1069 opinio-

276 1085 350 1106 nem
382 1075 499 1106 habent
523 1074 696 1105 concedere
724 1083 806 1115 quae
834 1080 1022 1114 sequuntur.
1055 1073 1182 1111 Primo,
1208 1073 1352 1114 sequitur

276 1120 365 1161 quod
389 1120 427 1150 de
449 1119 559 1160 aliquo
579 1126 651 1149 actu
671 1118 845 1159 aliquando
862 1125 910 1148 est
925 1127 1036 1148 verum
1054 1117 1156 1148 dicere
1179 1118 1269 1159 quod
1293 1118 1353 1150 fuit

1458 583 1617 620 Quocirca
1641 584 1727 615 aliud
1751 591 1798 615 est
1819 585 1911 626 loqui
1935 586 1973 616 de
1997 585 2244 626 perseverantia:
2274 592 2304 615 et
2327 585 2414 615 aliud
2438 585 2477 615 de

1402 628 1634 668 perseverantia
1658 636 1890 660 consummata.
1923 630 1975 660 Ad
2002 629 2231 661 verificandum
2254 629 2413 670 siquidem
2438 630 2478 660 de

277 678 408 709 nitatem
425 677 544 718 proprii
561 683 658 711 actus,
679 675 759 704 sicut
779 682 808 704 et
824 673 971 704 aliorum.
996 673 1062 703 Nec
1079 680 1125 703 est
1140 682 1195 712 par
1212 672 1292 703 ratio
1310 673 1349 702 de
1375 670 1377 697 ἕ

276 722 344 753 aliis
367 721 551 752 virtutibus:
577 720 652 759 quia
678 718 766 748 nulla
789 728 898 748 earum
922 717 1022 748 tendit
1045 717 1084 747 ad
1108 716 1349 748 diuturnitatem
1375 724 1377 741 2

1403 672 1512 712 aliquo
1537 679 1609 702 actu
1634 673 1724 712 quod
1747 679 1794 703 est
1816 674 2056 713 perseverantia,
2077 674 2192 705 sufficit
2215 675 2304 715 quod
2321 682 2409 705 actus
2424 674 2477 704 ine

1403 716 1623 757 perseverandi
1646 717 1686 748 sit
1709 727 1784 747 cum
1808 717 1921 748 debitis
1937 718 2174 750 conditionibus
2189 718 2366 756 inchoatus,
2385 726 2415 749 et
2434 718 2478 749 sic

1376 767 1377 779 ³
1403 761 1436 791 in
1465 760 1665 791 successione
1695 760 1808 791 habeat
1835 770 1920 792 esse:
1952 762 2034 793 sicut
2063 763 2103 793 ad
2129 762 2357 794 verificandum
2390 763 2478 804 quod

1405 805 1518 845 aliquis
1538 812 1627 836 actus
1650 805 1690 835 sit
1713 812 1832 842 motus,
1849 804 1965 836 sufficit
1987 807 2076 847 quod
2092 807 2260 838 inchoatus
2276 815 2385 839 motus
2409 818 2478 838 suc-

1405 850 1547 881 cessione
1564 849 1614 881 sit.
1633 849 1666 880 Si
1681 850 1767 880 enim
1783 859 1850 880 non
1865 857 2120 887 consummatur,
2136 861 2203 882 non
2220 853 2373 893 sequitur,
2393 853 2478 893 Ergo

1376 903 1378 923 ε
1405 894 1635 935 perseverantia
1664 904 1729 925 non
1758 894 1818 925 fuit
1846 894 2093 934 perseverantia:
2126 895 2206 927 sicut
2229 906 2295 927 non
2319 897 2478 938 sequitur,

332 943 370 972 V.
396 942 430 972 In
455 941 570 972 eodem
589 941 695 981 primo
720 939 865 976 articulo,
890 939 922 970 in
945 939 1155 979 responsione
1178 940 1219 970 ad
1242 950 1351 970 secun·
1377 938 1378 964 ἰ

277 1164 519 1205 perseverantia,
544 1164 583 1194 de
599 1173 666 1204 quo
682 1173 850 1204 nunquam
866 1162 927 1193 fuit
941 1172 1054 1192 verum
1073 1162 1175 1192 dicere
1197 1163 1287 1203 quod
1306 1169 1353 1194 est
1378 1162 1379 1181 ³

277 1208 518 1250 perseverantia.
540 1226 559 1231 -
583 1208 742 1245 Secundo,
759 1208 850 1248 quod
864 1217 921 1247 per
936 1214 1074 1238 mortem
1091 1214 1180 1238 actus
1197 1207 1253 1248 qui
1270 1217 1352 1238 nun-

277 1264 377 1295 quam
392 1253 452 1284 fuit
467 1252 708 1294 perseverantia,
726 1252 838 1293 incipit
853 1262 920 1282 esse
936 1251 1175 1292 perseverantia.
1191 1269 1213 1275 —
1234 1252 1353 1290 Tertio,

277 1299 367 1340 quod
383 1305 472 1329 actus
495 1297 644 1338 proprius
661 1297 794 1328 alicuius
810 1297 944 1332 virtutis,
970 1306 1028 1337 pro
1053 1303 1197 1336 tempore
1221 1307 1288 1338 quo
1308 1296 1353 1334 fit,

278 1353 345 1374 non
362 1342 510 1373 sortietur
531 1341 827 1372 denominationem
847 1342 886 1372 ab
902 1341 965 1372 illa.
982 1358 1003 1364 -
1023 1341 1160 1378 Quarto,
1178 1342 1267 1382 quod
1285 1351 1354 1382 per-

278 1387 451 1418 severantia
475 1394 522 1418 est
545 1386 654 1422 virtus,
680 1393 711 1417 et
733 1393 841 1417 tamen
866 1385 934 1417 eius
958 1385 1100 1426 operatio
1123 1385 1263 1416 virtuosa
1288 1396 1354 1417 non

278 1439 384 1473 potest
407 1441 474 1462 esse
499 1430 739 1472 perseverantia.
765 1430 849 1468 Quia
873 1431 923 1461 vel
943 1438 1024 1462 esset
1047 1430 1277 1470 perseverantia
1301 1441 1354 1461 an-

279 1483 410 1518 tequam
434 1483 531 1506 esset:
557 1482 588 1506 et
610 1475 672 1506 hoc
697 1486 773 1506 non.
799 1475 858 1506 Vel
881 1475 1012 1516 quando
1038 1482 1098 1506 est:
1132 1482 1162 1506 et
1185 1475 1247 1506 hoc
1271 1485 1354 1512 non,

279 1521 355 1562 quia
378 1521 482 1551 adhuc
507 1530 573 1550 non
590 1527 636 1550 est
659 1519 740 1550 finis.
766 1519 826 1550 Vel
850 1526 936 1560 post:
962 1526 992 1550 et
1008 1519 1070 1550 hoc
1086 1529 1163 1556 non,
1180 1519 1256 1561 quia
1279 1527 1356 1551 tunc

280 1569 346 1596 non
364 1572 454 1597 est.-
475 1565 606 1602 Quinto,
623 1565 712 1606 quod
729 1565 871 1595 duorum
887 1564 1022 1594 omnino
1040 1564 1253 1595 uniformium
1271 1565 1357 1596 intus
1382 1563 1383 1593 l
1410 1572 1548 1595 mortem
1571 1563 1607 1595 fit
1630 1563 1876 1604 perseverantia:
1909 1564 1964 1595 sed
1988 1563 2021 1594 in
2045 1563 2100 1594 illo
2124 1563 2255 1595 instanti
2277 1562 2314 1595 fit
2337 1573 2488 1595 consum-

280 1618 311 1641 et
330 1617 415 1641 extra
431 1619 533 1650 usque
550 1610 589 1640 ad
605 1610 737 1650 aliquod
753 1609 884 1645 instans,
901 1609 939 1640 de
956 1619 1024 1640 uno
1040 1619 1112 1639 vere
1130 1608 1252 1640 dicetur
1267 1609 1356 1650 quod
1382 1606 1384 1646 ζ
1411 1616 1506 1640 mata.
1522 1626 1544 1632 —
1560 1609 1600 1639 Et
1623 1615 1791 1649 propterea
1810 1615 1896 1649 patet
1911 1609 2001 1650 quod
2024 1618 2083 1649 pro
2099 1615 2244 1649 tempore
2261 1618 2328 1650 quo
2343 1607 2379 1639 fit
2401 1615 2490 1640 actus

1405 939 1490 979 Ergo
1514 945 1623 970 motus
1647 949 1714 969 non
1738 938 1798 970 fuit
1821 946 1940 970 motus.
1965 939 2027 970 Sed
2051 939 2204 981 sequitur,
2228 940 2313 981 Ergo
2338 951 2479 982 perseve-

1405 984 1506 1015 rantia
1536 994 1602 1014 non
1631 991 1678 1014 est
1709 990 1948 1014 consummata:
1981 983 2078 1020 sicut,
2103 983 2189 1024 Ergo
2213 991 2322 1016 motus
2345 996 2411 1016 non
2435 993 2482 1017 est

1406 1035 1659 1064 consummatus.
1681 1046 1700 1050 -
1719 1028 1770 1058 Ad
1786 1026 2015 1059 verificandum
2030 1037 2106 1058 vero
2123 1028 2162 1058 de
2178 1027 2288 1070 aliquo
2304 1036 2376 1060 actu
2392 1031 2482 1071 quod

1406 1080 1452 1104 est
1475 1072 1706 1113 perseverantia
1730 1079 1963 1109 consummata,
1988 1079 2116 1113 oportet
2138 1073 2312 1103 terminum
2332 1083 2482 1105 consum—

1406 1117 1557 1148 mationis
1573 1124 1746 1158 expectare,
1764 1124 1795 1148 et
1818 1123 1894 1148 tunc
1910 1123 2016 1158 potest
2040 1116 2146 1157 primo
2162 1117 2224 1148 dici
2239 1118 2329 1159 quod
2345 1125 2392 1150 est
2414 1129 2483 1159 per-

1406 1162 1580 1193 severantia
1604 1169 1838 1198 consummata,
1861 1161 2018 1203 quoniam
2042 1169 2119 1192 tunc
2136 1168 2182 1192 est
2203 1161 2237 1192 in
2254 1172 2314 1193 suo
2334 1163 2482 1200 termino,

1379 1237 1380 1241 ,
1407 1217 1466 1238 nec
1488 1206 1575 1238 aliud
1599 1217 1667 1237 esse
1690 1206 1835 1248 requirit:
1861 1206 1943 1238 sicut
1959 1213 2068 1238 motus
2084 1214 2327 1238 consummatus
2344 1217 2410 1238 non
2425 1207 2485 1238 nisi

1406 1251 1440 1282 in
1464 1251 1601 1282 termino
1627 1257 1732 1292 potest
1754 1251 1860 1292 primo
1885 1250 1947 1282 dici
1966 1257 2075 1282 motus
2092 1259 2350 1283 consummatus:
2376 1269 2394 1274 -
2420 1262 2486 1282 non

1408 1297 1550 1327 curando
1574 1296 1606 1326 in
1631 1295 1799 1337 proposito
1816 1296 1986 1337 quomodo
2003 1295 2200 1332 terminetur,
2217 1296 2354 1336 positive
2369 1296 2420 1327 vel
2435 1306 2484 1327 ne-

1430 1348 1521 1372 atlve.

1408 1351 1428 1382 g
1464 1386 1606 1426 Negatur
1633 1395 1708 1425 ergo
1739 1385 1829 1426 quod
1859 1391 2013 1416 sectantes
2042 1384 2107 1415 divi
2130 1385 2280 1416 Thomae
2309 1385 2487 1416 doctrinam

1409 1431 1448 1461 de
1472 1430 1717 1470 perseverantia,
1742 1436 1889 1470 oporteat
1910 1429 1964 1460 illa
1988 1429 2162 1460 concedere
2185 1439 2269 1471 quae
2292 1439 2428 1471 arguens
2442 1429 2487 1461 af·

1409 1475 1478 1506 fert.
1503 1477 1602 1505 Actus
1621 1474 1780 1515 siquidem
1804 1474 2024 1515 perseverandi
2041 1484 2143 1515 usque
2159 1475 2199 1505 ad
2215 1482 2352 1506 mortem
2376 1473 2489 1506 habuit

1381 1547 1383 1550 Α
1409 1520 1491 1550 hanc
1513 1520 1678 1550 veritatem
1708 1519 1741 1549 in
1768 1518 1852 1555 vita,
1876 1519 1966 1560 quod
1998 1519 2056 1550 iste
2085 1526 2273 1559 perseverat.
2297 1537 2319 1543 -
2342 1519 2409 1550 Nec
2431 1529 2489 1560 per

280 1654 500 1695 perseveravit,
525 1661 556 1685 et
579 1653 641 1684 alio
658 1663 742 1684 non:
767 1661 803 1684 ut
827 1660 912 1694 patet
936 1653 961 1684 si
978 1663 1063 1684 unus
1083 1653 1238 1684 moriatur
1253 1655 1286 1684 in
1301 1654 1357 1684 illo
1383 1654 1384 1660 ¹

280 1699 420 1735 instanti,
445 1705 476 1729 et
499 1698 579 1729 alius
604 1708 679 1729 non.
704 1715 725 1721 -
750 1698 811 1729 Ista
833 1705 908 1728 sunt
931 1708 1012 1738 quae
1029 1705 1208 1739 sequuntur
1223 1708 1260 1729 ex
1277 1698 1359 1729 dicta
1383 1696 1385 1723 ἒ

281 1744 445 1784 opinione.
470 1743 521 1773 Ad
544 1753 644 1783 quarn
667 1749 774 1773 tamen
798 1742 983 1783 ponendam
1003 1752 1062 1773 nec
1078 1742 1158 1773 ratio
1175 1752 1232 1773 nec
1249 1750 1358 1774 aucto-

281 1788 355 1819 ritas
380 1797 492 1827 cogere
515 1787 648 1818 videtur.

338 1832 372 1862 In
396 1832 508 1862 eadem
525 1830 734 1871 responsione
750 1830 886 1861 dubium
903 1830 1040 1861 occurrit
1056 1840 1093 1860 ex
1112 1830 1227 1861 eodem
1242 1830 1260 1850 ⁴¹
1279 1831 1360 1861 circa

281 1876 377 1907 illud:
403 1877 467 1906 Per
481 1885 516 1906 se
531 1875 575 1906 ad
588 1876 867 1916 perseverantiam
882 1875 1026 1915 pertinet
1045 1875 1131 1915 quod
1152 1875 1271 1915 aliquis
1284 1885 1358 1916 per-

280 1925 404 1951 severet
427 1929 528 1960 usque
550 1920 594 1950 ad
609 1920 711 1961 finem
729 1920 836 1960 operis
856 1920 992 1950 virtuosi
1005 1919 1032 1950 *.
1059 1918 1181 1950 Contra
1197 1919 1357 1959 arguitur:
1385 1925 1386 1937 ³

280 1965 356 2006 quia
379 1965 576 2005 quandoque
601 1963 715 2005 aliquis
738 1974 811 1995 vere
834 1973 1048 2004 perseverasse
1073 1963 1188 1994 dicitur
1213 1963 1269 2005 qui
1293 1974 1360 1995 non

281 2009 455 2050 complevit
478 2019 577 2050 opus,
602 2009 658 2039 sed
685 2008 859 2049 impeditus
888 2008 948 2039 fuit
976 2018 1033 2049 per
1056 2015 1194 2039 mortem
1218 2009 1269 2039 vel
1291 2009 1360 2039 vio-

282 2054 424 2085 lentiam.

282 2150 418 2184 guntur,
443 2142 522 2174 scito
553 2143 660 2183 quod,
685 2142 760 2183 quia
785 2142 1044 2183 unumquodque
1067 2152 1124 2172 ens
1152 2149 1228 2173 tunc
1256 2150 1362 2183 potest
1386 2137 1388 2145 ¹

282 2197 355 2218 vere
379 2187 536 2218 enuntiari
559 2197 637 2223 esse,
664 2186 849 2227 simpliciter
871 2186 922 2217 vel
945 2187 984 2217 de
1008 2186 1134 2228 aliquo,
1159 2187 1291 2227 quando
1314 2187 1362 2218 iu-

283 2239 335 2263 xta
351 2239 482 2263 naturae
504 2240 581 2262 suae
604 2231 823 2262 conditionem
848 2231 942 2262 habet
969 2239 1052 2262 esse:
1079 2231 1164 2262 unde
1187 2231 1363 2263 successiva
1388 2227 1389 2231 ¹

285 2276 368 2308 entia
392 2283 468 2307 tunc
491 2276 640 2307 dicuntur
665 2285 732 2306 esse
756 2276 888 2316 quando
911 2282 996 2312 sunt,
1021 2285 1087 2306 non
1111 2275 1226 2312 simul,
1251 2276 1307 2307 sed
1329 2276 1362 2306 in

285 2321 486 2352 successione
515 2320 645 2361 propria
675 2320 841 2357 inchoata;
876 2319 991 2351 dicitur
1019 2329 1160 2361 namque
1189 2320 1362 2352 hodiernus

286 2365 352 2396 dies
376 2375 444 2396 esse
467 2365 598 2407 quando
622 2365 687 2395 iam
710 2364 879 2396 inchoatus
903 2370 960 2401 est,
985 2365 1070 2395 unde
1094 2365 1133 2395 ab
1157 2364 1362 2396 inchoatione

286 2419 389 2451 usque
412 2410 452 2440 ad
476 2409 650 2441 terminum
667 2408 728 2439 diei
744 2408 922 2440 verificatur
946 2409 984 2440 de
1004 2409 1060 2440 illo
1083 2415 1228 2450 tempore
1251 2410 1364 2447 hodie‚·

287 2462 318 2486 et
340 2454 493 2491 similiter,
519 2464 594 2485 cum
618 2454 736 2484 domus
759 2453 958 2490 aedificatur,
983 2453 1119 2484 dicimus
1143 2455 1232 2495 quod
1256 2453 1363 2485 aedifi-

287 2499 369 2530 catio
394 2499 512 2530 domus
536 2505 597 2535 est,
623 2498 770 2539 quamvis
792 2498 871 2529 nihil
890 2498 1009 2529 horum
1025 2505 1132 2529 totum
1148 2498 1197 2535 sit,
1215 2505 1247 2530 et
1261 2499 1363 2540 possit

286 2543 433 2584 impediri
463 2553 502 2574 ne
531 2543 732 2574 terminetur:
756 2560 777 2566 -
802 2542 1115 2584 proportionabiliter
1138 2543 1170 2574 in
1194 2543 1363 2584 proposito

288 2588 424 2619 dicimus
448 2588 538 2629 quod
562 2588 835 2629 quandocumque
859 2587 974 2629 aliquis
998 2587 1140 2628 incoepit
1162 2594 1269 2619 actum
1293 2598 1362 2629 per-

288 2632 460 2669 severandi,
484 2632 548 2663 iam
572 2639 644 2663 actu
669 2639 857 2673 perseverat,
882 2639 913 2663 et
936 2632 975 2663 de
991 2632 1047 2663 illo
1065 2639 1136 2663 actu
1160 2642 1232 2663 vere
1249 2632 1364 2664 dicitur

1410 1653 1534 1684 virtutis
1557 1653 1816 1693 perseverantiae.
1833 1653 1872 1684 ab
1889 1652 1942 1684 illa
1959 1652 2186 1684 denominatur
2208 1653 2451 1694 perseverantia.
2470 1670 2490 1677 -

1411 1698 1453 1729 Et
1475 1705 1522 1729 est
1545 1697 1777 1738 perseverantia
1801 1698 1932 1739 quando
1949 1705 1995 1728 est
2019 1697 2051 1728 in
2068 1697 2278 1729 successione.
2303 1698 2370 1729 Nec
2386 1698 2492 1729 obstat

1412 1743 1501 1784 quod
1525 1742 1630 1773 adhuc
1653 1752 1719 1772 non
1743 1742 1784 1773 sit
1805 1741 1896 1773 finis:
1921 1742 1997 1783 quia
2021 1752 2086 1773 non
2111 1742 2246 1782 exigitur
2269 1742 2329 1773 nisi
2353 1742 2393 1773 ad
2417 1751 2491 1774 con-

1412 1794 1607 1818 summatam
1637 1786 1913 1827 perseverantiam.
1942 1804 1964 1810 —
1992 1787 2042 1817 Ad
2073 1796 2183 1818 casum
2212 1787 2345 1818 demum
2375 1787 2490 1828 quinto

1411 1831 1496 1866 loco,
1521 1831 1636 1862 dicitur
1658 1831 1748 1872 quod
1773 1830 1811 1861 de
1827 1831 1883 1862 illo
1907 1831 1963 1872 qui
1987 1831 2124 1862 moritur
2145 1830 2323 1863 verificatur
2346 1841 2490 1872 perseve-

1412 1875 1513 1906 rantia
1536 1881 1775 1906 consummata:
1800 1875 1876 1916 quia
1900 1875 1965 1906 iam
1989 1882 2036 1907 est
2058 1875 2178 1907 instans
2200 1876 2491 1907 consummationis

1413 1919 1492 1950 eius.
1518 1919 1553 1949 ln
1570 1919 1633 1950 alio
1648 1929 1724 1950 vero
1741 1917 1920 1950 verificatur
1935 1919 2025 1961 quod
2041 1926 2234 1960 perseverat:
2259 1921 2315 1951 sed
2331 1930 2398 1951 non
2413 1930 2492 1952 con-

1414 1970 1590 2000 summate,
1615 1963 1691 2005 quia
1714 1963 1820 1995 adhuc
1843 1973 1910 1994 non
1933 1970 1981 1994 est
2002 1963 2036 1994 in
2061 1964 2210 1996 termino.
2243 1964 2338 1996 Unde
2364 1964 2492 1996 nullum

1413 2008 1642 2040 inconveniens
1664 2008 1715 2039 hic
1739 2008 1865 2045 accidit,
1890 2018 1927 2039 ex
1949 2018 2017 2050 quo
2041 2008 2173 2049 ponitur
2195 2008 2292 2040 unius
2319 2009 2493 2046 terminus,

1386 2074 1388 2079 »
1414 2060 1444 2084 et
1463 2053 1592 2084 alterius
1607 2063 1684 2084 non.
1700 2070 1722 2076 -
1742 2053 1836 2084 Unde
1851 2059 1939 2094 patet
1954 2053 2044 2094 quod
2060 2063 2127 2084 non
2143 2060 2324 2095 sequuntur
2339 2063 2378 2084 ex
2393 2053 2494 2086 sancti

337 2099 391 2130 VI.
415 2098 466 2129 Ad
491 2097 682 2129 evidentiam
711 2107 826 2128 eorum
855 2107 938 2139 quae
968 2097 1001 2128 in
1037 2097 1143 2138 primo
1167 2097 1266 2129 dubio
1293 2104 1360 2128 tan·
1386 2095 1388 2103 ²

1414 2098 1563 2129 Thomae
1586 2097 1742 2138 opinione
1765 2107 1848 2139 quae
1872 2107 2006 2139 arguens
2030 2097 2116 2129 dicit.
2145 2098 2187 2129 Et
2209 2099 2300 2140 quod
2323 2098 2494 2130 rationabi-

1414 2143 1484 2174 liter
1507 2143 1639 2184 ponitur
1661 2142 1715 2173 illa
1738 2142 1854 2174 virtus:
1879 2142 1962 2174 sicut
1985 2142 2243 2184 magnanimitas.

1470 2187 1540 2218 Vll.
1564 2187 1615 2218 Ad
1640 2187 1818 2218 secundum
1840 2187 1976 2218 dubium
1992 2187 2010 2207 *
2033 2187 2149 2219 dicitur
2169 2188 2261 2229 quod
2283 2187 2366 2219 sicut
2389 2197 2446 2229 per
2460 2197 2494 2219 se

1415 2231 1565 2263 convenit
1587 2231 1712 2262 homini
1736 2232 1824 2271 quod
1847 2238 1976 2272 generet
1999 2231 2182 2269 hominem,
2207 2239 2239 2264 et
2261 2233 2352 2274 quod
2374 2232 2426 2264 leo
2442 2242 2495 2274 ge·

1416 2283 1504 2307 neret
1526 2276 1670 2313 leonem,
1698 2283 1728 2307 et
1751 2283 1859 2307 tamen
1883 2282 1989 2317 potest
2018 2276 2182 2318 impediri;
2206 2277 2249 2308 ita
2273 2287 2330 2318 per
2356 2287 2389 2309 se
2416 2286 2494 2309 con·

1388 2337 1389 2349 η
1415 2321 1501 2352 venit
1525 2320 1774 2361 perseverantiae
1792 2320 1902 2351 virtuti
1925 2321 2016 2362 quod
2039 2321 2183 2353 intendat
2202 2322 2367 2363 persistere
2391 2331 2495 2364 usque

1416 2366 1456 2396 ad
1478 2364 1577 2396 finem
1584 2374 1592 2402 ;
1617 2366 1642 2396 si
1666 2372 1773 2396 tamen
1797 2365 1972 2406 impeditur
1995 2366 2034 2396 ab
2058 2373 2154 2402 extra,
2178 2365 2242 2397 hoc
2264 2373 2312 2398 est
2334 2377 2391 2407 per
2413 2366 2495 2398 acci-

1416 2410 1504 2447 dens,
1529 2416 1560 2441 et
1582 2409 1662 2440 nihil
1685 2410 1810 2441 obstare
1835 2416 1959 2442 constat
1978 2417 2109 2441 naturae
2123 2410 2258 2447 virtutis,
2283 2410 2334 2442 cui
2358 2421 2396 2442 ex
2418 2421 2496 2452 pro-

1415 2454 1484 2495 pria
1507 2461 1619 2485 natura
1640 2454 1790 2486 convenit
1812 2454 1964 2486 inclinare
1978 2454 2011 2485 in
2027 2455 2090 2486 hoc
2113 2455 2203 2496 quod
2227 2455 2374 2496 persistat
2393 2465 2496 2498 usque

1416 2499 1449 2530 in
1465 2498 1573 2530 finem.
1594 2501 1831 2539 Argumentum
1848 2508 1924 2540 ergo
1940 2498 2020 2530 nihil
2035 2500 2141 2531 obstat
2157 2499 2320 2531 doctrinae
2334 2499 2495 2537 Auctoris,

1417 2543 1476 2574 nisi
1500 2544 1586 2584 apud
1611 2553 1666 2574 eos
1690 2543 1747 2585 qui
1771 2550 1885 2584 putant
1908 2544 2067 2575 naturales
2083 2550 2114 2575 et
2129 2544 2267 2575 morales
2283 2544 2496 2586 operationes,

1416 2588 1442 2619 si
1466 2595 1603 2629 possunt
1625 2588 1784 2629 impediri,
1810 2598 1877 2619 non
1900 2598 1957 2629 per
1980 2598 2013 2619 se
2037 2588 2207 2620 convenire
2231 2588 2297 2620 suis
2321 2589 2497 2630 principiis.

1416 2633 1516 2670 Quod
1540 2639 1587 2664 est
1610 2633 1741 2673 puerile,
1766 2639 1797 2664 et
1820 2633 1895 2664 satis
1918 2633 2007 2664 rude.

1068 2804 1388 2847 ARTICULUS
1419 2805 1722 2848 SECUNDUS

844 2900 1000 2931 UTRUM
1025 2899 1384 2931 PERSEVERANTIA
1409 2899 1476 2931 srr
1500 2900 1608 2932 PARS
1632 2900 1942 2933 roarirunmis

870 2979 962 3011 Supra,
981 2986 1030 3012 qu.
1048 2985 1157 3008 cxxvm3
1177 2978 1208 3003 111
1228 2978 1312 3008 Sem„
1333 2978 1391 3003 dIst.
1410 2986 1496 3010 xxxin,
1516 2987 1562 3012 qu.
1580 2986 1618 3009 m.
1638 2984 1685 3004 art.
1707 2979 1730 3010 3,
1750 2980 1801 3013 qu·
1825 2988 1846 3012 1,
1862 2987 1885 3011 2,
1899 2988 1925 3013 4.

362 3075 386 3114 ⁴z
435 3088 453 3105 4
505 3071 528 3097 n
544 3071 736 3097 SECUNDUM
756 3071 810 3097 stc
826 3071 1068 3098 pnocsnrrun.
1085 3059 1246 3097 Videtur
1260 3060 1365 3109 quod
1391 3058 1396 3108 l
1422 3061 1587 3098 deratur.
1628 3061 1706 3100 Sed
1733 3063 2020 3111 perseverantia
2048 3075 2127 3101 non
2155 3062 2336 3113 importat
2363 3064 2499 3103 mode-

344 3120 348 3127 ·
1392 3124 1394 3156 ᾗ
1422 3114 1584 3152 tantiam
1613 3114 1854 3164 passionum:
1893 3116 1983 3166 quia
2010 3124 2154 3166 quanto
2189 3117 2499 3156 vehementiores

428 3112 790 3163 perseverantia
818 3125 896 3150 non
931 3113 978 3151 sit
1005 3125 1094 3163 pars
1126 3113 1365 3151 fortitudinis.

297 3272 372 3310 Sed
392 3273 612 3311 huiusmodi
632 3273 822 3323 pertinent
837 3279 854 3295 ‘²
874 3273 922 3312 ad
938 3273 1242 3323 temperantiam.
1264 3275 1367 3323 Ergo

295 3326 578 3416 pers-evgrantia
606 3327 727 3376 magis
756 3335 812 3365 est
839 3340 928 3377 pars
947 3327 1223 3377 temperantiae
1249 3340 1367 3376 quam

311 3386 423 3415 ortttu
453 3391 535 3417 inis.

352 3443 387 3469 2.
426 3433 660 3481 PRAETEREA,
691 3434 818 3471 omnis
846 3446 935 3484 pars
962 3433 1111 3472 virtutis
1139 3434 1295 3472 moralis
1315 3442 1370 3472 est

299 3484 398 3522 circa
426 3485 570 3534 aliquas
598 3486 808 3535 passiones,
838 3500 934 3536 quas
961 3487 1082 3525 virtus
1110 3487 1266 3525 moralis
1285 3499 1369 3525 mo-

354 3618 380 3649 ²)
395 3616 544 3649 pertinent.
556 3629 575 3636 -
589 3616 709 3648 pertinet
728 3616 909 3643 PBDFHIKL.

1422 3167 1560 3206 fuerint
1587 3168 1803 3218 passiones,
1833 3176 1938 3208 tanto
1976 3169 2111 3219 aliquis
2139 3170 2355 3209 secundum
2384 3171 2500 3210 ratio-

1423 3233 1513 3259 nem
1551 3233 1802 3271 perseverans
1837 3222 2063 3261 laudabilior
2098 3223 2261 3262 videtur.
2302 3225 2405 3274 Ergo
2442 3225 2498 3264 vi·

1423 3275 1534 3313 detur
1565 3275 1672 3324 quod
1709 3275 1992 3325 perseverantia
2028 3289 2108 3314 non
2145 3277 2191 3315 sit
2219 3290 2307 3328 pars
2341 3278 2498 3317 alicuius

1423 3328 1573 3366 virtutis
1601 3328 1774 3367 moralis:
1803 3329 1872 3367 sed
1891 3329 2013 3378 magis
2032 3330 2270 3380 prudentiae,
2292 3344 2392 3382 quae
2413 3344 2498 3382 per-

1424 3382 1503 3420 ficit
1531 3381 1729 3419 rationem.

1480 3436 1515 3472 3.
1535 3435 1770 3481 PRAETEREA,
1791 3436 2027 3484 Augustinus
2047 3437 2148 3486 dicit,
2169 3437 2207 3475 in
2227 3438 2324 3476 libro
2344 3439 2390 3476 de
2407 3439 2498 3476 Per—

1422 3488 1635 3525 severantia
1654 3487 1691 3535 ¹⁸¹,
1721 3488 1827 3538 quod
1858 3492 2183 3538 perseverantiam
2221 3491 2346 3530 nullus
2377 3497 2500 3542 potest
2527 3506 2536 3515 ·

2522 2192 2737 2222 ’Νι-,ηλικ-
