2768 4198
59 1002 68 1009 ⁸
76 1000 101 1021 111
111 1006 170 1028 resp.
182 1000 211 1022 ad
221 1006 267 1027 arg.

57 1033 68 1055 3
75 1030 136 1048 cont.
143 1027 267 1055 concluslji.

57 1271 66 1279 ⁸
80 1269 115 1290 Ct.
133 1275 195 1290 num.
211 1275 232 1290 v.

54 2566 63 2575 ⁸
78 2564 113 2586 Cf.
129 2570 192 2587 num.
208 2571 238 2587 vr.

59 3098 68 3107 ⁸
82 3097 116 3119 et
134 3103 196 3119 numi
213 3105 252 3120 vni

61 3594 69 3601 ⁸
85 3592 119 3614 Cf.
136 3598 198 3614 num.
222 3598 270 3614 viu.

304 293 354 329 60

356 373 414 407 Ao
434 382 595 407 TER-num
615 379 800 406 mensuum
821 365 926 414 quod
955 364 1015 399 ille
1045 361 1110 410 qui
1131 362 1230 397 bene
1259 359 1376 396 utitur

303 424 462 472 magnis,
492 424 612 460 multo
642 421 761 469 magis
781 425 905 468 potest
929 417 1027 452 bene
1047 415 1099 451 uti
1118 413 1258 463 parvis.
1290 414 1374 472 Ma-
1401 424 1402 458 l

302 477 529 526 gnanimitas
548 475 561 498 ὃ
591 487 681 523 ergo
711 472 869 511 attendit
894 480 1055 517 magnos
1081 469 1249 504 honores
1279 474 1375 526 stcut

301 531 439 580 quibus
470 538 525 567 est
554 529 709 577 dignus:
737 527 807 563 ·vel
838 524 952 561 etiam
982 522 1078 558 sicut
1115 521 1286 558 minores
1314 520 1372 557 his
1401 532 1402 550 ³

301 585 439 632 quibus
461 591 516 620 est
545 583 691 630 dignus,
714 580 802 628 quia
831 577 972 614 scilicet
990 574 1111 612 virtus
1141 587 1219 611 non
1248 581 1375 623 potest
1401 617 1402 620 Ἰ

302 638 535 675 sufficienter
550 634 729 672 honorari
746 633 793 669 ab
811 630 981 675 homine,
996 628 1058 665 cui
1073 628 1234 665 debetur
1249 628 1376 664 honor

964 282 1234 331 QUAESTIO
1265 281 1444 327 CXXIX,
1473 281 1775 320 ARTICULUS
1806 283 1836 319 ll

1430 372 1451 397 a
1480 361 1579 398 Deo.
1611 363 1660 398 Et
1687 362 1774 399 ideo
1806 375 1884 399 non
1914 362 2103 400 extollitur
2131 375 2176 399 ex
2205 362 2353 410 magnis
2382 363 2504 398 hono-

1429 413 1556 451 ribus:
1586 415 1675 464 quia
1695 428 1774 453 non
1804 423 1953 465 reputat
1982 429 2048 453 eos
2078 429 2193 466 supra
2213 429 2265 462 se,
2288 416 2356 453 sed
2385 414 2506 463 magis

1430 479 1497 504 eos
1534 470 1754 506 contemnit.
1794 470 1843 506 Et
1881 470 2001 507 multo
2035 470 2155 519 magis
2193 469 2413 507 moderatos
2442 475 2506 504 aut

1429 533 1582 570 parvos.
1614 523 1663 559 Et
1691 522 1862 560 similiter
1890 523 2004 561 etiam
2035 523 2402 562 dehonorationibus
2427 534 2505 559 non

1430 574 1624 622 frangitur,
1646 577 1713 613 sed
1734 589 1798 613 eas
1829 578 2056 615 contemnit:
2088 585 2218 627 utpote
2241 590 2337 627 quas
2357 583 2506 625 reputat

1430 627 1500 664 sibi
1530 627 1683 676 indigne
1714 629 1852 667 afferri.

356 751 380 783 δ)
402 751 627 784 Magnanimitas.
644 762 663 767 -
682 726 882 780 Magnanimus
902 745 980 770 PGL.
993 758 1012 763 -
1031 744 1082 768 Pro
1108 743 1239 772 attendit,
1266 742 1384 767 intendit
1404 742 1462 767 Pla.

991 824 1328 857 Commeat-,ana
1351 820 1605 854 cardinalis
1629 823 1829 856 Caietani

329 919 348 941 N
379 910 511 940 articulo
544 907 685 938 secundo
723 906 919 947 quaestionis
951 902 1372 943 centesimaevigesimaeno-
1398 899 1400 929 Ι

302 924 387 985 Inae
418 954 553 984 dubium
587 951 724 982 occurrit
756 961 793 982 ex
823 950 976 986 Mardno,
1009 950 1041 980 in
1073 949 1186 979 eodem
1218 947 1299 978 libro
1334 947 1372 976 de

297 1000 320 1030 F
324 998 504 1034 ortitudine,
522 1003 655 1028 tractatu
672 997 712 1027 de
728 995 1000 1036 Magnanimitate,
1017 1005 1072 1035 qu.
1094 1005 1103 1024 1
1118 993 1145 1030 *‚
1163 992 1229 1029 ubi,
1247 990 1373 1022 recitata

296 1042 468 1074 differentia
492 1043 595 1083 posita
619 1041 670 1072 hic
686 1041 718 1071 in
742 1041 844 1072 littera
863 1040 944 1071 inter
965 1039 1129 1081 passiones
1153 1039 1186 1068 in
1205 1037 1267 1068 hoc
1283 1036 1373 1077 quod

295 1088 453 1129 quaedam
469 1093 546 1118 sunt
568 1096 652 1128 quae
667 1086 784 1117 habent
800 1095 956 1127 magnam
973 1086 1036 1116 vim
1058 1083 1229 1115 resistendi
1252 1082 1374 1112 rationi

290 1133 519 1173 principaliter
542 1142 584 1162 ex
601 1135 700 1172 parte
717 1133 893 1171 passionis,
915 1135 945 1161 et
968 1129 1126 1171 quaedam
1144 1127 1374 1169 principaliter

297 1188 338 1208 ex
358 1182 455 1217 parte
478 1187 588 1207 rerum
613 1186 697 1217 quae
718 1181 795 1207 sunt
814 1177 935 1207 obiecta
950 1175 1154 1216 passionum,
1172 1179 1242 1208 etc„
1267 1171 1374 1202 subdit

295 1222 384 1263 quod
400 1222 459 1253 ista
483 1221 595 1262 opinio
613 1221 711 1252 sancti
728 1221 877 1265 Thornae
904 1234 918 1249 ‹-
938 1220 1061 1250 videtur
1085 1218 1164 1248 mihi
1189 1215 1321 1247 deficere
1340 1215 1373 1246 in

295 1267 454 1308 aliquibus
474 1279 500 1298 ».
525 1267 647 1303 Primo,
664 1266 696 1296 in
721 1267 789 1307 ipsa
814 1265 1016 1297 distinctione
1032 1264 1059 1294 *.
1085 1263 1170 1301 Quia
1194 1262 1219 1292 si
1243 1262 1306 1292 hoc
1321 1271 1373 1291 va-

294 1311 366 1348 leat,
384 1319 507 1342 constat
526 1312 615 1352 quod
633 1321 736 1342 unum
760 1311 944 1341 membrum
963 1309 1149 1349 intelligitur
1164 1317 1239 1338 cum
1254 1305 1373 1347 praeci-

295 1356 385 1387 sione
401 1356 542 1387 alterius:
564 1356 639 1397 quia
656 1356 682 1386 si
697 1366 801 1387 unum
816 1355 1033 1386 includeretur
1049 1353 1081 1384 in
1098 1352 1171 1388 alio,
1189 1351 1277 1382 nulla
1293 1358 1375 1381 esset

296 1401 472 1432 differentia
487 1401 569 1432 inter
585 1401 739 1432 membra.
760 1401 855 1432 Tunc
876 1409 976 1440 arguo
993 1399 1046 1430 sic.
1068 1399 1374 1437 Quantumcumque

297 1446 541 1486 repugnantiam
565 1445 680 1476 rationi
706 1453 778 1477 nata
794 1453 840 1476 est
865 1445 965 1476 facere
983 1443 1139 1485 cupiditas
1163 1441 1318 1482 pecuniae
1337 1450 1374 1471 ex

295 1498 383 1531 parte
407 1490 539 1527 obiecti,
565 1497 686 1521 tantam
711 1498 804 1522 natus
829 1497 875 1521 est
899 1489 1000 1520 facere
1024 1488 1120 1519 timor
1143 1497 1180 1517 ex
1204 1493 1292 1527 parte
1317 1486 1373 1516 ob-

294 1535 375 1572 iecti‚
401 1535 519 1566 scilicet
542 1535 761 1576 periculorum
785 1535 898 1566 mortis
922 1534 954 1565 in
978 1533 1074 1565 bello.
1099 1531 1198 1573 Igitur
1213 1530 1373 1561 distinctio

295 1580 443 1611 Thomae
466 1581 564 1611 nulla.
581 1597 602 1603 -
617 1581 817 1611 Antecedens
834 1580 996 1620 probatur.
1021 1577 1107 1616 Quia
1126 1583 1374 1618 quantumcum-

295 1635 358 1666 que
382 1625 527 1665 pecunia,
552 1625 617 1656 sive
637 1635 733 1666 parva
752 1625 818 1656 sive
842 1634 967 1664 magna,
992 1630 1039 1654 est
1061 1621 1224 1657 amabilis,
1248 1627 1374 1652 tantum

295 1670 448 1706 terribile,
483 1670 548 1700 sive
578 1680 712 1710 parvum
737 1670 801 1701 sive
825 1678 997 1710 magnum,
1023 1675 1069 1699 est
1099 1666 1247 1706 sugibile,
1271 1665 1372 1695 immo
1400 1669 1402 1698 ξ

296 1715 378 1755 plus.
403 1715 444 1745 Et
467 1715 611 1746 similiter
627 1722 732 1755 potest
755 1715 844 1755 argui
868 1715 907 1745 de
923 1714 969 1745 ira
988 1719 1132 1753 respectu
1157 1710 1374 1751 parvipensio-
1400 1709 1401 1717 ¹

296 1759 343 1789 nis
368 1759 517 1799 fugibilis,
543 1766 573 1790 et
595 1759 751 1790 vindictae
775 1759 931 1790 amabilis.

352 1804 511 1835 Secundo.
544 1803 667 1835 Omnes
702 1804 866 1844 passiones
898 1803 930 1833 in
962 1803 1023 1833 hoc
1055 1801 1253 1832 conveniunt
1285 1799 1374 1841 quod
1400 1803 1402 1806 '

295 1848 418 1888 positae
442 1848 474 1878 in
499 1849 642 1888 appetitu
678 1848 828 1879 resistunt
859 1847 989 1883 rationi,
1015 1854 1046 1877 et
1070 1855 1135 1876 non
1161 1844 1282 1886 positae
1307 1853 1373 1874 non

295 1893 459 1923 resistunt:
492 1900 523 1924 et
546 1901 720 1934 utrumque
745 1893 862 1923 horum
896 1899 943 1922 est
966 1892 1031 1922 sive
1055 1890 1179 1921 obiecta
1203 1889 1282 1925 sint,
1308 1888 1373 1918 sive

294 1948 360 1968 non
385 1937 458 1968 sint.
484 1937 603 1968 Omnia
628 1947 760 1979 quoque
785 1937 909 1968 obiecta
933 1936 1122 1977 passionum
1145 1934 1178 1964 in
1210 1934 1273 1964 hoc
1297 1943 1373 1964 con-

293 1982 426 2013 veniunt
449 1983 540 2023 quod
563 1992 629 2012 non
654 1983 804 2013 resistunt
828 1981 942 2013 rationi
968 1981 1045 2017 nisi,
1070 1979 1279 2021 apprehensa,
1300 1988 1373 2009 cau-

293 2034 363 2058 sent
387 2026 569 2067 passionem
589 2027 621 2057 in
647 2027 807 2068 appetitu:
833 2034 863 2058 et
887 2025 1030 2057 similiter
1051 2024 1140 2066 quod
1164 2022 1314 2054 resistunt
1337 2022 1373 2059 si,
1399 2034 1402 2052 l

293 2071 500 2113 apprehensa,
519 2079 650 2103 causant
664 2072 847 2112 passionem
864 2071 897 2102 in
917 2070 1071 2112 appetitu.
1097 2069 1182 2109 Ergo
1204 2068 1229 2099 si
1249 2067 1374 2109 aliquae
1400 2097 1401 2107 ¹

294 2117 458 2157 passiones
490 2117 639 2147 resistunt
664 2125 700 2148 ut
723 2117 904 2158 passiones,
930 2123 959 2146 et
983 2123 1112 2146 omnes:
1138 2121 1169 2144 et
1197 2113 1221 2144 si
1249 2112 1374 2154 aliquae
1399 2111 1402 2154 l

294 2171 331 2192 ex
355 2169 443 2201 parte
467 2161 678 2198 obiectorum,
702 2169 733 2192 et
757 2171 880 2192 omnes.

350 2206 471 2237 Tertio.
497 2206 622 2243 Timor,
648 2206 842 2247 inquantum
866 2206 973 2242 timor,
999 2214 1064 2235 non
1089 2204 1162 2244 plus
1187 2202 1302 2233 resistit
1325 2212 1373 2232 ra-

295 2251 375 2282 tioni
399 2261 499 2292 quam
523 2250 680 2291 cupiditas
704 2251 899 2292 inquantum
923 2249 1090 2290 cupiditas.
1124 2249 1165 2280 Et
1190 2247 1314 2278 tristitia
1338 2257 1375 2277 ex
1400 2261 1403 2294 ι

295 2295 552 2337 parvipensione‚
570 2295 763 2336 inquantum
782 2295 915 2331 tristitia,
937 2305 1002 2325 non
1026 2294 1099 2335 plus
1123 2292 1237 2323 resistit
1258 2291 1373 2322 rationi

295 2350 394 2382 quam
417 2339 549 2374 {tristitia
581 2339 774 2371 difficultatis
806 2349 911 2371 rerum
944 2338 1121 2370 difficilium
1152 2337 1374 2378 gerendarum.

297 2386 392 2425 Ergo.

353 2430 488 2468 Quarto.
514 2429 610 2460 Nulla
633 2429 756 2460 obiecta
781 2429 930 2460 resistunt
946 2428 1060 2459 rationi
1077 2427 1137 2458 nisi
1161 2426 1282 2458 ratione
1305 2435 1376 2466 pas-

295 2475 426 2506 sionum
450 2475 489 2505 ab
513 2474 558 2504 eis
582 2482 799 2505 causaturum:
826 2481 856 2505 et
876 2474 985 2504 omnia
1009 2483 1091 2514 quae
1111 2478 1242 2503 causant
1265 2470 1375 2502 huius-

295 2520 385 2551 modi
409 2519 602 2560 passionem,
620 2519 769 2550 resistunt
792 2518 916 2550 rationi.
941 2519 1027 2558 Ergo
1047 2516 1207 2548 distinctio
1231 2515 1330 2546 nulla.

352 2564 389 2595 ΙΙ.
414 2563 591 2595 Secundo*
615 2563 719 2595 deficit
736 2563 847 2604 opinio
865 2563 964 2594 sancti
984 2561 1182 2603 Thomaejn
1200 2561 1262 2591 hoc
1279 2559 1374 2596 dicto,

296 2609 414 2640 scilicet
437 2609 526 2650 quod
550 2609 641 2640 circa
650 2610 820 2649 passiones
838 2609 940 2649 primi
954 2608 1086 2650 generis
1106 2616 1169 2637 non
1194 2611 1242 2647 est
1264 2605 1375 2646 aliqua

296 2655 399 2685 virtus
425 2655 488 2684 nisi
510 2654 597 2684 circa
622 2653 705 2684 illud
727 2654 812 2695 quod
835 2659 882 2684 est
905 2662 1073 2694 magnum.
1099 2652 1264 2682 Probatur.
1290 2649 1375 2687 Quia

295 2699 377 2730 circa
407 2708 519 2739 parvas
548 2698 838 2739 concupiscentias,
865 2698 945 2729 circa
974 2707 1086 2739 parvas
1117 2696 1177 2727 iras
1206 2703 1237 2726 et
1260 2705 1375 2736 parvos

294 2744 426 2775 timores
457 2750 562 2784 potest
585 2743 699 2784 aliquis
733 2742 882 2779 deficere,
907 2742 1177 2783 superabundare,
1202 2748 1232 2771 et
1255 2739 1376 2771 medio-

296 2789 388 2820 criter
412 2798 444 2818 se
469 2788 593 2819 habere.
619 2788 809 2828 Ergo‘circa
834 2788 911 2818 haec
934 2787 1045 2819 omnia
1065 2793 1111 2817 est
1134 2786 1241 2828 aliqua
1265 2785 1373 2816 virtus.

296 2834 336 2864 Et
353 2843 409 2873 per
425 2843 625 2874 consequens
642 2832 722 2863 circa
746 2843 857 2874 parvas
875 2831 1148 2873 concupiscentias
1169 2838 1215 2861 est
1237 2829 1280 2861 ita
1294 2830 1375 2860 bene

295 2877 505 2918 temperantia
536 2877 618 2908 sicut
649 2877 730 2908 circa
760 2886 906 2917 magnas:
937 2884 967 2908 et
991 2876 1135 2908 similiter
1158 2875 1374 2906 mansuetudo

297 2923 377 2954 circa
401 2932 512 2963 parvas
543 2922 619 2958 iras,
644 2929 703 2953 etc.
739 2922 780 2953 Et
803 2922 882 2953 circa
911 2922 972 2953 hoc
997 2921 1187 2962 multiplicat
1219 2919 1374 2951 Martinus

298 2968 414 2998 multas
436 2967 584 3003 rationes,
601 2976 681 3007 quas
698 2974 894 3007 pertranseo:
920 2966 995 3008 quia
1015 2977 1081 2997 non
1102 2965 1280 3007 procedunt
1299 2974 1374 2996 con-

297 3020 343 3044 tra
368 3021 497 3043 sensum
524 3011 644 3042 litterae
668 3021 797 3048 verum,
823 3012 877 3042 sed
902 3019 1012 3043 contra
1036 3011 1119 3042 male
1143 3017 1312 3051 acceptum
1335 3010 1374 3040 ab

297 3057 368 3098 ipso
392 3066 534 3093 sensum,
560 3064 595 3087 ut
618 3056 738 3096 patebit
761 3057 996 3097 respondendo.

355 3101 406 3132 111.
433 3101 467 3132 ln
493 3101 607 3132 eodem
625 3101 766 3132 secundo
791 3101 925 3133 articulo
941 3101 1077 3132 dubium
1093 3100 1110 3119 *
1134 3099 1271 3130 occurrit
1294 3099 1374 3130 circa

297 3147 393 3177 illud:
423 3146 488 3177 Res
511 3146 655 3177 exterius
677 3147 860 3182 existentes,
886 3147 981 3177 etiam
1005 3147 1034 3177 si
1055 3147 1121 3177 sint
1138 3153 1275 3185 parvae,
1300 3150 1376 3175 sunt

298 3192 433 3222 multum
458 3191 654 3232 appetibiles,
681 3195 788 3231 utpote
817 3192 1019 3222 necessariae
1042 3190 1086 3222 ad
1105 3190 1202 3222 vitam
1226 3189 1373 3221 hominis.

298 3235 431 3266 Videtur
454 3235 551 3271 enim,
575 3245 651 3266 cum
675 3235 736 3266 hoc
760 3236 799 3266 ad
822 3235 959 3267 litteram
983 3235 1107 3266 dicatur
1129 3235 1167 3265 de
1187 3233 1321 3275 pecunia
1345 3242 1375 3266 et

299 3280 432 3316 honore,
449 3280 617 3320 dupliciter
641 3279 783 3312 deficere.
809 3280 928 3317 Primo,
946 3280 978 3311 in
999 3280 1061 3311 hoc
1078 3280 1167 3321 quod
1185 3289 1250 3310 non
1267 3279 1375 3311 solum

299 3334 395 3364 parva
418 3325 552 3363 pecunia
575 3332 631 3355 aut
654 3325 773 3362 honor,
799 3325 853 3356 sed
877 3335 994 3366 parvus
1019 3325 1107 3356 cibus
1130 3331 1185 3356 aut
1208 3332 1306 3366 potus
1330 3332 1376 3356 est

301 3368 440 3398 multum
469 3368 665 3409 appetibilis:
698 3377 828 3411 propter
857 3370 991 3401 eandem
1019 3369 1193 3407 rationem,
1218 3369 1294 3411 quia
1318 3369 1375 3401 sci-

299 3412 371 3443 licet
395 3412 587 3443 necessarius
611 3420 657 3444 est
680 3415 719 3444 ad
743 3414 841 3445 vitam
866 3414 1015 3446 hominis.

356 3457 515 3493 Secundo,
539 3457 572 3487 in
596 3457 658 3488 hoc
682 3459 770 3499 quod
795 3459 953 3490 honorem
982 3459 1074 3500 ponit
1097 3459 1178 3490 inter
1202 3458 1376 3490 necessaria

300 3502 339 3532 ad
363 3501 462 3532 vitam
486 3501 640 3532 hominis:
666 3512 740 3532 cum
765 3513 830 3533 non
855 3503 894 3534 sit
918 3503 1122 3540 necessarius,
1147 3510 1183 3534 ut
1207 3510 1303 3544 patet.

357 3546 410 3577 lv.
437 3546 470 3576 In
495 3546 610 3576 eodem
634 3547 774 3577 secundo
800 3548 942 3584 articulo,
967 3548 999 3578 in
1024 3547 1233 3588 responsione
1252 3548 1292 3578 ad
1315 3554 1376 3578 ter-

300 3590 392 3627 tium,
413 3589 579 3621 dubium*
601 3591 747 3627 occurrit,
764 3593 933 3632 quomodo
957 3592 1202 3633 magnanimitas
1217 3591 1257 3623 sit
1280 3591 1376 3623 etiam

301 3635 380 3666 circa
405 3645 519 3675 parvos
550 3634 702 3671 honores,
729 3642 764 3666 ut
787 3635 819 3666 in
848 3636 948 3667 littera
977 3636 1106 3668 dicitur:
1135 3643 1166 3668 et
1199 3646 1274 3667 cum
1301 3635 1375 3673 hoc,

1428 906 1640 947 distinguatur
1665 908 1703 938 ab
1728 907 1788 938 alia
1804 908 1920 940 virtute
1940 919 2023 950 quae
2042 917 2089 940 est
2112 910 2193 941 circa
2217 921 2332 951 parvos
2347 912 2504 947 honores;

1428 959 1458 982 et
1482 951 1626 983 similiter
1648 953 1688 982 ab
1712 952 1781 983 aliis
1807 953 1996 990 virtutibus,
2021 961 2099 994 puta
2127 956 2355 995 temperantia,
2381 957 2504 988 fortitu-

1428 996 1501 1026 'dine
1525 1003 1556 1027 et
1579 997 1835 1034 mansuetudine,
1852 997 1885 1028 in
1910 997 1972 1028 hoc
1988 998 2078 1039 quod
2093 998 2165 1029 illae
2189 1007 2264 1030 sunt
2286 1000 2367 1032 circa
2390 1010 2505 1042 magna

1429 1040 1643 1082 principaliter
1666 1050 1696 1073 et
1711 1052 1807 1083 parva
1824 1042 2022 1079 secundario,
2040 1043 2284 1083 magnanimitas
2299 1045 2506 1085 autem-circa

1428 1096 1543 1126 magna
1567 1087 1687 1118 solum.
2327 1102 2331 1103 ⁷

1485 1132 1522 1163 V.
1547 1132 1598 1163 Ad
1632 1131 1824 1163 evidentiam
1859 1132 1954 1172 primi
1986 1131 2122 1168 dubii*‚
2146 1132 2313 1164 sciendum
2340 1141 2387 1165 est
2416 1134 2505 1175 quod

1428 1177 1573 1207 doctrina
1596 1177 1746 1208 Auctoris
1772 1184 1818 1208 est
1847 1176 2006 1213 formalis,
2032 1184 2062 1207 et
2085 1176 2261 1208 formaliter
2291 1177 2505 1219 intelligenda.

1427 1221 1502 1252 Non
1527 1221 1693 1262 distinguit
1708 1232 1782 1262 ergo
1799 1221 1963 1262 passiones
1987 1228 2098 1252 contra
2116 1221 2252 1259 obiecta,
2269 1229 2326 1253 aut
2348 1232 2365 1254 e
2382 1230 2505 1254 contra:

1429 1266 1484 1296 sed
1507 1266 1541 1296 in
1566 1273 1704 1308 utroque
1728 1266 1875 1297 membro
1900 1266 2013 1306 accipit
2036 1266 2202 1306 passiones
2231 1277 2307 1298 cum
2331 1266 2396 1298 suis
2420 1267 2506 1299 obie-

1429 1311 1497 1348 ctis,
1515 1319 1546 1342 et
1569 1311 1693 1342 obiecta
1710 1321 1784 1342 cum
1801 1311 1866 1342 suis
1883 1311 2097 1352 passionibus.
2122 1311 2236 1353 Neque
2255 1311 2422 1353 distinguit
2437 1322 2507 1353 pas-

1428 1356 1535 1387 siones
1558 1364 1668 1387 contra
1692 1356 1875 1397 passiones,
1900 1363 1978 1396 puta
2005 1366 2166 1392 amorem,
2190 1356 2399 1393 desiderium,
2425 1357 2508 1388 dele-

1428 1401 1617 1438 ctationem,
1643 1409 1712 1438 etc.‚
1738 1408 1847 1432 contra
1867 1401 2028 1438 timorem,
2044 1401 2223 1440 audaciam,
2248 1409 2326 1433 etc.:
2351 1401 2507 1443 quoniam

1429 1456 1493 1477 una
1517 1454 1547 1477 et
1578 1447 1690 1477 eadem
1721 1446 1846 1486 passio,
1871 1456 1946 1477 cum
1977 1446 2103 1477 diverso
2134 1453 2242 1477 tamen
2274 1446 2416 1482 obicem,
2448 1447 2508 1479 sub

1428 1497 1565 1532 utroque
1589 1491 1736 1522 membro
1761 1491 1951 1527 continetur,
1976 1498 2012 1521 ut
2035 1498 2121 1531 patet
2145 1491 2184 1521 de
2207 1501 2328 1528 amore,
2351 1491 2508 1523 desiderio

1428 1542 1459 1567 et
1483 1535 1690 1567 delectatione
1714 1535 1847 1574 carnali,
1872 1542 1903 1566 et
1926 1535 1965 1566 de
1989 1535 2107 1566 eisdem
2131 1535 2334 1576 passionibus
2363 1542 2507 1577 respectu

1427 1581 1593 1621 pecuniae.
1622 1581 1683 1612 Sed
1713 1580 1878 1620 distinguit
1907 1580 2089 1620 passiones,
2115 1590 2189 1611 cum
2219 1579 2415 1622 quibusdam
2439 1579 2509 1612 aliis

1429 1626 1494 1656 suis
1511 1625 1653 1662 obiectis,
1670 1625 1702 1656 in
1719 1625 1781 1656 hoc
1805 1625 1896 1666 quod
1911 1625 2070 1666 quaedam
2086 1625 2151 1656 vim
2177 1635 2326 1666 magnam
2343 1625 2507 1656 resistendi

1429 1670 1542 1701 rationi
1573 1670 1691 1701 habent
1721 1669 1937 1711 principaliter
1964 1680 2002 1701 ex
2032 1677 2120 1710 parte
2148 1670 2324 1710 passionis,
2349 1671 2507 1711 quaedam

1428 1715 1643 1756 principaliter
1665 1725 1703 1746 ex
1726 1721 1814 1756 parte
1838 1714 1962 1746 obiecti.
1988 1715 2050 1746 Ubi
2075 1722 2151 1746 nota
2175 1714 2244 1746 tria.
2273 1715 2394 1752 Primo,
2418 1716 2507 1757 quod

1428 1762 1552 1791 Auctor
1568 1770 1634 1790 non
1651 1759 1726 1791 dicit
1742 1759 1831 1801 quod
1848 1759 2006 1801 quaedam
2023 1770 2060 1790 ex
2076 1766 2163 1800 parte
2179 1759 2347 1800 passionis,
2365 1767 2395 1791 et
2411 1770 2508 1802 quae-

1429 1804 1505 1834 dam
1521 1814 1557 1835 ex
1577 1811 1665 1845 parte
1680 1803 1812 1836 obiecti:
1833 1804 1888 1835 sed
1905 1803 1990 1840 dicit,
2006 1804 2165 1845 quaedam
2177 1805 2406 1846 principaliter
2421 1805 2507 1844 hinc,

1429 1854 1460 1880 et
1482 1849 1640 1889 quaedam
1659 1849 1889 1889 principaliter
1911 1848 2008 1887 inde;
2030 1848 2073 1880 ita
2096 1849 2186 1890 quod
2206 1847 2380 1880 differentia
2403 1849 2507 1880 consi-

1429 1893 1483 1924 stit
1498 1893 1531 1923 in
1548 1893 1580 1934 ly
1594 1894 1834 1933 principaliter.
1857 1910 1878 1916 -
1903 1893 2052 1924 Secundo
2076 1893 2177 1934 quod,
2193 1899 2230 1924 ut
2250 1900 2336 1934 patet
2359 1903 2395 1926 ex
2420 1903 2508 1936 prae-

1429 1937 1551 1968 cedenti
1567 1937 1677 1974 Libro,
1697 1947 1751 1978 qu.
1769 1947 1832 1968 xxn
1847 1937 1874 1974 *,
1892 1937 2095 1978 operationes
2114 1937 2274 1978 appetitus
2289 1938 2431 1970 sensitivi
2453 1939 2509 1970 ha·

1428 1983 1504 2013 bent
1529 1982 1688 2013 rationem
1718 1981 1876 2023 passionis
1905 1991 1943 2014 ex
1966 1981 2117 2013 adiuncta
2146 1981 2412 2014 transmutatione
2435 1992 2507 2018 ,cor-

1429 2026 1542 2068 porali,
1564 2036 1647 2068 quae
1671 2037 1727 2067 per
1751 2038 1784 2058 se
1808 2026 1891 2058 cadit
1914 2026 1947 2057 in
1971 2026 2093 2057 ratione
2117 2036 2237 2063 earum,
2258 2034 2294 2058 ut
2316 2027 2359 2058 ibi
2384 2027 2508 2060 dicitur.

1429 2072 1475 2103 Ita
1498 2072 1588 2114 quod
1604 2072 1774 2103 attribuere
1799 2071 1921 2113 aliquid
1946 2071 2088 2112 passioni
2105 2081 2142 2102 ex
2165 2079 2253 2113 parte
2272 2071 2440 2113 passionis,
2460 2079 2508 2104 est

1429 2116 1597 2148 attribuere
1621 2116 1665 2147 illi
1690 2127 1727 2147 ex
1751 2123 1838 2157 parte
1863 2115 2038 2157 corporalis
2061 2115 2336 2148 transmutationis
2359 2116 2416 2148 sibi
2436 2116 2508 2149 iun-

1429 2169 1514 2193 ctae:
1539 2162 1696 2203 quoniam
1721 2161 1765 2192 sic
1789 2168 1835 2192 est
1859 2171 1965 2192 sermo
1982 2160 2124 2192 formalis
2139 2161 2178 2192 de
2195 2161 2344 2203 passione
2368 2169 2403 2193 ut
2419 2161 2472 2194 sie.
2486 2177 2509 2187 ⁶

1428 2207 1551 2243 Tertio,
1576 2207 1666 2247 quod
1690 2206 1853 2238 obiectum
1877 2205 2034 2246 passionis
2058 2205 2218 2247 appetitus
2241 2205 2411 2248 dupliciter
2432 2216 2509 2238 con-

1429 2251 1599 2282 sideratur:
1625 2250 1743 2282 scilicet
1766 2258 1802 2282 ut
1825 2251 1983 2289 activum,
2008 2258 2039 2282 et
2063 2258 2099 2282 ut
2117 2250 2292 2283 obiectum.
2316 2251 2358 2283 Et
2380 2251 2509 2293 proprie

1401 2296 1403 2338 J
1429 2296 1612 2337 loquendo.
1638 2303 1715 2327 tunc
1739 2295 1878 2326 sumitur
1908 2295 2082 2326 formaliter
2106 2302 2142 2327 ut
2173 2296 2352 2334 obiectum,
2378 2297 2509 2338 quando

1429 2339 1568 2371 sumitur
1593 2347 1628 2371 ut
1651 2340 1807 2371 terminus
1831 2339 1995 2381 appetitivi
2020 2346 2145 2370 motus:
2178 2348 2214 2371 ut
2237 2340 2375 2371 activum
2400 2348 2509 2372 autem

1429 2385 1577 2422 sumitur,
1594 2385 1726 2426 quando
1751 2391 1787 2416 ut
1802 2384 1877 2416 facit
1899 2384 2111 2426 appetitivum
2127 2391 2255 2416 motum
2279 2385 2508 2417 consideratur.

1487 2430 1534 2460 Ex
1558 2429 1606 2460 his
1631 2429 1790 2471 siquidem
1814 2429 1915 2460 tribus
1939 2436 2047 2470 patent
2070 2429 2196 2460 termini
2221 2436 2252 2460 et
2275 2430 2419 2461 membra
2447 2429 2510 2461 dis-

1430 2474 1602 2511 tinctionis,
1619 2475 1785 2516 ipsiusque
1813 2484 1935 2506 sensus.
1959 2474 2067 2516 Inquit
2091 2474 2251 2516 siquidem
2275 2474 2418 2506 divinum
2443 2477 2508 2506 Au-

1430 2520 1526 2551 ctoris
1549 2519 1714 2560 ingenium
1738 2519 1827 2560 quod
1851 2519 2010 2561 quaedam
2034 2526 2109 2550 sunt
2132 2519 2271 2551 morales
2289 2519 2440 2551 materiae
2461 2519 2510 2551 in·

1430 2571 1545 2605 tegi-ae,
1571 2564 1689 2595 scilicet
1713 2563 1878 2606 passiones
1910 2573 1985 2595 cum
2009 2563 2074 2594 suis
2098 2563 2241 2601 obiectis,
2265 2563 2299 2594 in
2321 2564 2439 2605 quibus
2462 2564 2510 2596 vis

1430 2619 1546 2650 magna
1563 2609 1726 2640 resistendi
1744 2608 1859 2640 rationi
1875 2608 2024 2650 provenit
2047 2607 2261 2650 principaliter
2284 2618 2350 2639 non
2367 2618 2406 2639 ex
2420 2615 2509 2650 parte

1431 2653 1563 2690 obiecti,
1588 2654 1650 2684 hoc
1675 2662 1721 2686 est
1745 2653 1888 2689 termini,
1913 2653 1967 2684 sed
1997 2663 2034 2684 ex
2063 2660 2152 2695 parte
2175 2652 2350 2694 passionis,
2378 2653 2440 2685 hoc
2464 2661 2511 2685 est

1429 2698 1704 2730 transmutationis
1735 2698 1909 2739 corporalis
1933 2707 2016 2740 quae
2040 2697 2076 2729 fit
2098 2698 2131 2729 in
2155 2697 2269 2729 nobis:
2300 2705 2337 2729 ut
2359 2705 2435 2730 sunt
2457 2697 2510 2730 de-

1428 2744 1615 2776 lectationes
1639 2744 1789 2780 carnales,
1805 2743 1937 2775 timores
1960 2742 2084 2780 mortis,
2100 2750 2132 2775 et
2150 2742 2226 2774 irae.
2249 2743 2419 2781 Quaedam
2433 2752 2510 2774 vero

1429 2796 1505 2820 sunt
1531 2789 1564 2820 in
1595 2788 1715 2830 quibus
1746 2798 1861 2829 magna
1881 2787 2045 2819 resistendi
2069 2787 2116 2819 vis
2147 2787 2363 2829 principaliter
2393 2793 2439 2819 est
2473 2796 2510 2820 ex

1402 2869 1403 2878 ἵ
1430 2841 1517 2875 parte
1542 2832 1658 2865 obiecti
1682 2832 1897 2865 terminantis:
1930 2839 1965 2864 ut
1995 2839 2071 2863 sunt
2100 2832 2261 2874 appetitus
2284 2832 2448 2863 honorum
2479 2841 2510 2864 et

1429 2878 1647 2920 pecuniarum.
1672 2878 1739 2909 Nec
1755 2885 1825 2919 eget
1848 2877 2037 2918 probatione
2055 2877 2131 2908 haec
2147 2875 2318 2908 distinctio.
2343 2876 2508 2915 Quoniam

1429 2923 1611 2964 experimur
1633 2922 1664 2953 in
1690 2923 1783 2954 nobis
1807 2922 1889 2954 hanc
1919 2921 2146 2959 differentiam,
2171 2921 2251 2953 dum
2274 2921 2306 2952 in
2331 2920 2509 2952 carnalibus

1429 2967 1696 3009 concupiscentiis
1719 2967 1801 2998 adeo
1826 2973 2077 2998 transmutamur
2101 2973 2131 2998 et
2146 2966 2294 2997 ardemus
2317 2965 2350 2997 in
2374 2975 2508 3006 corpore

1429 3020 1465 3044 ut
1488 3013 1569 3044 ratio
1586 3023 1652 3044 non
1672 3012 1774 3053 possit
1796 3012 1938 3048 evadere,
1963 3018 1994 3043 et
2017 3011 2160 3043 similiter
2183 3010 2296 3042 accidit
2311 3010 2343 3042 in
2362 3010 2508 3052 passione

1429 3057 1491 3089 irae
1517 3065 1547 3089 et
1571 3057 1686 3089 timore
1710 3057 1831 3094 mortis,
1853 3063 1884 3088 et
1906 3055 2110 3088 huiusmodi:
2133 3055 2167 3087 in
2191 3054 2334 3097 appetitu
2354 3065 2429 3087 vero
2453 3065 2508 3096 pe—

1429 3103 1542 3134 cuniae
1566 3109 1621 3133 aut
1645 3101 1792 3138 honoris,
1818 3112 1884 3132 non
1909 3109 1975 3132 tam
1999 3099 2170 3132 exardescit
2192 3107 2248 3131 aut
2271 3106 2415 3131 mutatur
2439 3110 2507 3132 cor—

1430 3157 1500 3189 pus.
1520 3154 1554 3178 ut
1571 3146 1762 3188 experientia
1778 3152 1923 3183 testatur,
1944 3145 1998 3176 sed
2016 3155 2053 3176 ex
2075 3151 2163 3186 parte
2182 3144 2227 3176 rei
2243 3154 2326 3186 quae
2349 3144 2509 3186 appetitur

1429 3191 1632 3233 impugnatio
1657 3189 1878 3232 magnificatur
1901 3188 2133 3232 principaliter:

1487 3237 1535 3268 Ex
1550 3236 1600 3267 his
1613 3243 1722 3268 autem
1743 3242 1830 3276 patet
1845 3234 1966 3266 solutio
1982 3239 2245 3275 argumentorum
2266 3233 2403 3266 Martini.
2428 3233 2507 3275 Sup-

1430 3281 1523 3322 ponit
1546 3290 1697 3322 namque,
1722 3280 1838 3321 primo,
1857 3279 1975 3311 falsum
1998 3278 2070 3315 hoc,
2087 3278 2177 3319 quod
2193 3278 2352 3310 distinctio
2376 3278 2436 3310 ista
2454 3278 2508 3310 ha—

1430 3327 1502 3357 beat
1525 3336 1584 3367 pro
1609 3326 1756 3357 membro
1774 3334 1840 3356 uno
1864 3323 2057 3366 passionem,
2076 3333 2135 3364 pro
2159 3322 2258 3354 altero
2283 3323 2456 3360 obiectum,
2477 3331 2508 3354 et

1430 3377 1598 3413 propterea
1622 3379 1696 3401 cum
1712 3368 1839 3400 alterius
1859 3367 2053 3410 praecisione
2068 3374 2242 3409 utrumque
2266 3367 2469 3409 intelligatur.
2487 3385 2508 3391 -

1430 3418 1628 3456 Argumenta
1647 3413 1761 3444 deinde
1777 3419 1917 3455 quatuor
1933 3418 2043 3444 contra
2062 3412 2134 3449 hoc,
2153 3422 2218 3443 non
2235 3412 2372 3444 militant
2397 3419 2506 3444 contra

1430 3458 1667 3491 distinctionem
1689 3457 1820 3490 litterae.
1846 3457 1939 3489 Unde
1963 3456 2116 3498 primum,
2137 3467 2327 3498 comparans
2346 3457 2427 3489 vires
2450 3457 2505 3488 ob-

1430 3503 1588 3534 iectorum
1616 3503 1698 3534 inter
1727 3511 1777 3539 se,
1802 3509 1880 3543 puta
1911 3501 2023 3533 mortis
2046 3509 2077 3533 et
2103 3502 2275 3544 pecuniae,
2301 3511 2367 3533 non
2397 3507 2445 3533 est
2466 3501 2506 3532 ad

1430 3547 1645 3588 propositum.
1670 3547 1711 3578 Et
1726 3546 1870 3578 similiter
1893 3547 2082 3585 secundum,
2100 3546 2231 3578 afferens
2253 3545 2505 3579 convenientiam

1431 3592 1580 3623 omnium
1612 3591 1800 3632 passionum
1824 3599 1855 3623 et
1878 3591 2080 3623 obiectorum
2110 3592 2192 3624 inter
2222 3602 2273 3629 se,
2298 3601 2364 3622 non
2395 3597 2442 3623 est
2466 3590 2504 3620 ad

1430 3636 1644 3677 propositum.
1677 3636 1824 3667 Tertium
1848 3643 1967 3673 autem,
1993 3646 2183 3677 comparans
2209 3636 2347 3667 diversas
2370 3635 2450 3666 inter
2473 3644 2505 3665 se

2535 1146 2544 1152 ·
2559 1143 2629 1165 Num.
2646 1148 2661 1164 ι.

2537 1949 2546 1958 ⁸
2560 1948 2611 1970 Art.
2626 1953 2647 1975 2,
2658 1949 2686 1970 ad
2702 1955 2720 1977 3.
