2768 4198
957 284 1226 329 QUAESTIO
1257 284 1410 332 CLVII,
1440 285 1737 323 ARTICULUS
1768 286 1816 321 111

2410 288 2485 335 269

1095 419 1420 461 ARTICULUS
1449 421 1680 463 TERTIUS

630 511 786 542 UTRUM
811 510 1066 542 CLEMENTIA
1089 511 1147 541 ET
1171 511 1472 542 MANSUETUDO
1497 512 1594 543 smT
1617 514 1783 545 PARTES
1806 515 2146 546 TEMPERANTIAE

414 592 506 624 Supra,
526 598 569 623 qu.
590 597 686 620 cunm
706 590 778 619 infra,
798 598 842 623 qu.
863 598 927 621 ch1,
947 595 993 615 art.
1012 597 1043 622 4;
1063 590 1083 614 ll
1103 590 1188 619 Sent.‚
1209 589 1267 614 dist.
1286 596 1352 619 κων,
1373 596 1417 622 qu.
1436 597 1464 620 ιι,
1484 595 1530 615 art.
1555 599 1575 620 1,
1595 592 1626 616 ad
1647 592 1676 622 3;
1697 593 1736 623 ΙΙΙ,
1756 594 1813 619 dist.
1834 602 1918 625 xxxin,
1939 602 1982 627 qu.
2001 602 2038 624 ιιι,
2058 600 2103 620 art.
2126 602 2148 625 2,
2169 595 2218 627 qu³
2242 603 2263 624 ι,
2282 595 2314 620 ad
2336 602 2358 620 2.

410 708 451 719 vi«

439 723 718 782 praedictae
737 725 894 761 virtutes
914 736 994 761 non
1023 723 1096 760 sint
1119 731 1245 773 partes
1264 731 1360 760 tem-

324 779 428 823 ,tan
450 780 472 815 (a
500 777 707 826 perantiae.
739 777 952 815 Clementia
981 777 1083 814 enim
1114 785 1169 814 est
1195 777 1358 814 diminu-

317 711 349 726 p,
377 687 381 696 ¹
403 682 407 686 ⁴
426 698 438 709 1
474 690 478 696 ’
501 683 523 708 D
542 682 704 708 TERTIUM
729 683 783 708 sm
807 682 1050 708 PRocanrrUR.
1075 670 1234 708 Videtur
1253 670 1358 718 quod

47 836 124 858 Ἀη-
141 842 193 863 ¹⁵2·
291 822 321 847 'V
344 822 444 861 ΨΨ)
461 821 579 868 tiva
611 843 843 879 poenarum,
874 839 916 868 ut
945 831 1087 868 dictum
1128 838 1183 868 est
1205 830 1236 868 ⁹¹⁶.
1272 831 1359 868 Hoc

46 889 262 938 s.⁰⁸1i‘e’0{¹.'¹²³=;1'.
287 891 417 922 autem
447 884 726 933 Philosophus,
755 885 793 922 in
822 885 857 922 V
884 884 1004 922 Ethic.
1026 884 1057 931 ²⁸,
1087 884 1254 922 attribuit
1281 884 1358 933 epi-

46 946 259 975 ·Qu·cxx‚m-2-
288 938 442 986 eikeiae,
464 950 562 987 quae
582 938 745 987 pertinet
764 938 813 975 ad
832 938 1026 985 iustitiam,
1045 945 1087 974 ut
1115 950 1231 987 supra
1245 937 1265 959 '¹‘
1293 939 1359 975 ha—

286 991 406 1029 bitum
438 999 506 1029 est.
536 992 638 1040 Ergo
667 991 818 1029 videtur
846 991 950 1040 quod
981 991 1182 1028 clementia
1211 1004 1289 1028 non
1314 992 1360 1028 sit

285 1057 374 1094 pars
403 1045 692 1095 temperantiae.

340 1110 376 1136 2.
406 1099 647 1145 PRAETEREA,
676 1097 928 1147 temperantia
967 1106 1022 1134 est
1051 1098 1150 1135 circa
1179 1098 1359 1147 concupi-

285 1151 460 1190 scentias.
490 1151 748 1189 Mansuetudo
774 1158 903 1188 autem
925 1158 960 1188 et
982 1151 1183 1189 clementia
1202 1164 1281 1188 non
1302 1165 1359 1189 re-

285 1205 447 1254 spiciunt
480 1204 819 1253 concupiscentiaS,
841 1204 908 1241 sed
938 1204 1059 1252 magis
1087 1204 1181 1242 iram
1213 1213 1250 1242 et
1275 1205 1358 1242 vin—

285 1258 451 1307 dictam„
477 1259 571 1295 Non
608 1268 697 1306 ergo
737 1257 879 1294 debent
915 1258 1008 1307 poni
1045 1266 1173 1307 partes
1213 1266 1359 1308 tempe-

280 1309 438 1348 rantiae.

339 1365 373 1402 3.
403 1365 639 1412 PRAETEREA,
670 1364 817 1402 Seneca
846 1363 950 1412 dicit,
980 1365 1019 1402 in
1049 1365 1080 1401 II
1110 1365 1155 1401 de
1182 1365 1297 1402 Clem.
1319 1365 1357 1403 *z

287 1418 361 1456 Cui
385 1418 568 1466 voluptati
593 1418 750 1455 saevitia
769 1423 834 1463 est,
847 1429 1053 1466 possumus
1080 1419 1270 1456 insaniam
1293 1430 1358 1456 νο-

282 1483 384 1509 care.
420 1473 506 1508 Hoc
535 1479 664 1508 autem
694 1471 901 1520 opponitur
930 1471 1155 1509 clementiae
1185 1480 1222 1509 et
1249 1484 1358 1510 man-

283 1525 487 1563 suetudini.
518 1525 620 1570 Cum
650 1537 739 1574 ergo
768 1524 916 1562 insania
945 1533 1166 1575 opponatur
1192 1526 1358 1575 pruden-

282 1578 369 1626 tiae,
389 1579 542 1616 videtur
568 1579 675 1628 quod
704 1579 906 1616 clementia
936 1587 972 1616 et
999 1579 1254 1617 mansuetudo
1285 1580 1358 1618 sint

281 1639 408 1681 partes
437 1631 673 1682 prudentiae,
704 1631 824 1680 magis
853 1645 971 1682 quam
1000 1633 1287 1683 temperantiae.

338 1686 413 1723 SED
440 1697 589 1723 CONTRA
620 1697 687 1723 EST
720 1686 826 1735 quod
860 1687 1008 1724 Seneca
1042 1687 1142 1734 dicit⁷
1177 1688 1215 1724 in
1251 1688 1357 1725 II.de

287 1739 404 1776 Clem.
425 1739 463 1787 ²¹²,
493 1739 599 1789 quod
632 1739 829 1777 clementia
864 1746 918 1777 est
954 1741 1200 1790 temperantia
1237 1742 1359 1778 animi

251 1840 255 1845 ⁵
282 1793 320 1830 in
343 1798 526 1842 potestate
555 1793 765 1831 ulciscendi.
796 1793 947 1831 Tullius
977 1794 1089 1831 etiam
1107 1794 1128 1816 *
1155 1794 1263 1843 ponit
1283 1796 1353 1832 cle-

40 1855 88 1873 υ*-
281 1846 465 1884 mentiam
493 1854 642 1896 partem
672 1847 959 1895 temperantiae.

337 1901 564 1937 Responnzo
594 1912 780 1937 mcENDUM
818 1901 924 1949 quod
953 1908 1079 1949 partes
1117 1900 1358 1949 assignantur

281 1953 484 1990 virtutibus
503 1953 774 2002 principalibus
795 1953 1009 1991 secundum
1030 1953 1135 2002 quod
1164 1953 1357 1992 imitantur

281 2006 382 2056 ipsas
410 2007 448 2044 in
477 2006 667 2056 aliquibus
697 2007 863 2044 materiis
893 2007 1136 2054 secundariis,
1167 2015 1354 2056 quantum

282 2060 329 2097 ad
367 2059 532 2098 modum
569 2072 614 2097 ex
648 2072 727 2109 quo
759 2060 1015 2109 principaliter
1050 2060 1243 2110 dependet
1274 2062 1356 2099 laus

280 2113 441 2162 virtutis,
470 2113 572 2151 unde
601 2121 638 2151 et
666 2125 811 2151 nomen
840 2114 996 2163 accipit:
1026 2113 1122 2151 sicut
1148 2115 1290 2152 modus
1320 2123 1356 2152 et

281 2179 426 2204 nomen
455 2167 617 2204 iustitiae
645 2167 684 2204 in
712 2167 883 2215 quadam
912 2167 1138 2216 aequalitate
1166 2168 1353 2215 consistit;

281 2220 508 2258 fortitudinis
536 2228 666 2258 autem
703 2220 742 2257 in
776 2221 945 2269 quadam
968 2221 1174 2269 firmitate,·
1209 2229 1355 2271 tempe-

281 2274 423 2311 rantiae
444 2282 573 2311 autem
597 2274 635 2311 in
657 2274 825 2322 quadam
846 2275 1112 2323 refrenatione,
1127 2275 1354 2323 inquantum

281 2327 422 2364 scilicet
449 2328 613 2364 refrenat
642 2327 976 2377 concupiscentias·
995 2328 1355 2366 vehementissimas

281 2381 577 2419 delectationum
607 2388 739 2418 tactus.
780 2381 992 2418 Clementia
1025 2389 1154 2418 autem
1185 2389 1221 2419 et
1247 2394 1354 2421 man-

281 2435 445 2472 suetudo
475 2434 642 2471 similiter
670 2434 709 2472 in
738 2435 906 2484 quadam
945 2435 1198 2472 refrenatione
1231 2436 1354 2473 consi—

139 2494 157 2512 ⁴¹
281 2488 342 2525 stit
362 2493 396 2524 ατ
426 2488 514 2536 quia
543 2487 683 2524 scilicet
703 2488 906 2525 clementia
930 2496 986 2525 est
1007 2488 1234 2526 diminutiva
1261 2502 1355 2538 poe-

281 2553 430 2589 narum,
460 2541 717 2578 mansuetudo
746 2554 840 2578 vero
868 2548 923 2578 est
952 2541 1160 2591 mitigativa
1188 2543 1284 2590 irae,
1315 2551 1356 2580 ut

283 2606 328 2631 ex
358 2594 464 2631 dictis
483 2593 503 2616 '¹‘
531 2601 645 2642 patet.
684 2595 734 2631 Et
767 2594 856 2632 ideo
894 2602 972 2632 tam
1008 2595 1210 2633 clementia
1238 2609 1355 2645 quam

282 2648 538 2684 mansuetudo
568 2647 824 2696 adiunguntur
850 2649 1126 2697 temperantiae
1156 2649 1251 2686 sicut
1279 2650 1354 2687 vir-

281 2702 350 2738 tuti
369 2700 578 2750 principali.
609 2701 658 2737 Et
680 2701 894 2738 secundum
914 2702 990 2738 hoc
1008 2710 1205 2751 ponuntur
1228 2710 1354 2752 partes

139 2757 155 2792 β
282 2754 399 2804 ipsius
419 2753 446 2791 β.

45 2602 116 2624 ’At-t.
130 2607 146 2629 ι,
159 2607 180 2623 2.

336 2870 363 2901 α)
383 2869 512 2895 consistit.
527 2884 546 2888 —
564 2869 715 2895 consistunt
733 2869 827 2894 PADa.

336 2904 362 2938 β)
382 2905 475 2937 ipsius.
487 2919 505 2924 -
525 2905 597 2930 illius
616 2906 645 2936 B,
664 2905 720 2930 eius
740 2906 771 2934 K.
791 2904 986 2936 temperantiae
1005 2905 1058 2931 PG.

1466 671 1525 706 AD
1546 682 1683 708 PRIMUM
1704 684 1802 709 ERGO
1826 686 2011 712 DICENDUM
2041 676 2147 723 quod
2176 675 2214 712 in
2236 676 2484 714 diminutione

1412 735 1628 772 poenarum
1650 725 1727 761 duo
1748 734 1834 763 sunt
1854 728 2143 766 consideranda.
2166 729 2345 776 Quorum
2361 742 2482 766 unum
2524 759 2528 764 .

1414 784 1470 813 est
1498 778 1605 824 quod
1635 778 1835 815 diminutio
1856 792 2070 828 poenarum
2099 783 2166 819 fiat
2185 783 2399 820 secundum
2429 784 2484 820 in-

1412 830 1622 867 tentionem
1652 831 1884 879 legislatoris,
1905 834 1990 871 licet
2018 847 2097 872 non
2126 837 2339 873 secundum
2363 837 2483 874 verba

1413 883 1516 932 legis.
1546 885 1596 921 Et
1615 885 1828 922 secundum
1849 887 1933 933 hoc,
1955 888 2116 935 pertinet
2136 889 2184 926 ad
2205 890 2442 939 epieikeiam.
2458 912 2482 918 -

1412 937 1526 975 Aliud
1555 944 1683 974 autern
1714 946 1769 974 est
1798 940 1987 987 quaedam
2018 942 2232 980 moderatio
2252 943 2421 991 affectus,
2443 951 2485 980 ut

1413 992 1533 1028 homo
1563 1003 1642 1028 non
1661 998 1788 1028 utatur
1807 1004 1875 1028 sua
1893 1001 2079 1041 potestate
2107 995 2144 1032 in
2164 996 2371 1034 inflictione
2390 1010 2482 1046 poe-

1384 1046 1386 1072 ?
1413 1057 1561 1081 narum.
1601 1045 1650 1080 Et
1678 1045 1752 1081 hoc
1780 1046 1933 1093 proprie
1962 1047 2124 1095 pertinet
2153 1050 2200 1086 ad
2222 1051 2480 1087 clementiam:

1385 1095 1387 1129 ἕ
1413 1105 1571 1147 propter
1606 1098 1711 1146 quod
1750 1099 1898 1135 Seneca
1931 1100 2019 1137 dicit
2041 1100 2061 1122 ²³⁶
2090 1104 2193 1150 quod
2230 1108 2318 1139 estY
2347 1110 2482 1153 tempe-

2511 1117 2520 1125 ⁸
2528 1116 2583 1137 Loc.
2593 1115 2632 1137 cit.
2640 1115 2664 1137 in
2674 1122 2722 1144 arg.

1413 1152 1539 1188 rantia
1567 1151 1689 1188 animi
1715 1152 1752 1188 in
1767 1158 1949 1199 potestate
1978 1154 2188 1192 ulciscendi.
2219 1157 2268 1192 Et
2286 1157 2381 1193 haec
2401 1157 2481 1206 qui·
2509 1142 2558 1163 Μ
2571 1144 2632 1204 ω’ξ·

1413 1206 1502 1242 dem
1533 1204 1748 1241 moderatio
1779 1206 1896 1242 animi
1925 1208 2102 1254 provenit
2130 1220 2175 1244 ex
2204 1211 2372 1257 quadam
2403 1211 2482 1247 dul-

1414 1258 1548 1295 cedine
1586 1258 1766 1306 affectus,
1796 1271 1872 1307 qua
1910 1259 1994 1308 quis
2026 1261 2206 1298 abhorret
2243 1275 2359 1300 omne
2392 1263 2482 1301 illud

1414 1312 1518 1362 quod
1547 1319 1672 1361 potest
1710 1311 1826 1349 alium
1864 1313 2008 1350 tristare
2035 1312 2059 1350 δ.
2100 1315 2149 1351 Et
2176 1315 2263 1352 ideo
2300 1316 2388 1353 dicit
2416 1318 2482 1354 Se·
2607 1324 2622 1350 δ

1414 1377 1509 1402 neca
1524 1365 1544 1387 ²¹²
1563 1365 1670 1414 quod
1690 1366 1892 1403 clementia
1913 1374 1967 1403 est
1987 1369 2176 1416 quaedam
2200 1370 2330 1406 lenitas
2353 1370 2480 1408 animi.
2510 1381 2519 1391 ⁸
2534 1380 2591 1401 Ibid-

1412 1420 1516 1456 Nam
1543 1431 1562 1456 e
1583 1419 1774 1456 contrario
1804 1420 1999 1457 austeritas
2029 1421 2143 1458 animi
2161 1421 2313 1460 videtur
2341 1436 2423 1460 esse
2445 1424 2481 1461 in

1413 1486 1459 1510 eo
1489 1473 1554 1522 qui
1583 1485 1661 1509 non
1690 1481 1845 1510 veretur
1873 1473 1966 1510 alios
1997 1474 2227 1512 contristare.

1464 1528 1524 1563 An
1545 1538 1736 1564 SECUNDUM
1756 1539 1942 1564 mcENDUM
1962 1528 2068 1575 quod
2088 1528 2279 1566 adiunctio
2299 1529 2482 1567 virtutum

1411 1580 1724 1618 secundariarum
1745 1581 1793 1618 ad
1812 1580 2041 1630 principales
2061 1582 2181 1630 magis
2205 1583 2408 1620 attenditur
2426 1596 2483 1620 se-

1411 1635 1580 1672 cundum
1611 1633 1773 1671 modum
1802 1634 1961 1682 virtutis,
1982 1634 2048 1682 qui
2077 1643 2132 1672 est
2152 1636 2262 1684 quasi
2291 1637 2482 1684 quaedam

1411 1688 1534 1724 forma
1563 1687 1656 1734 eius,
1679 1699 1795 1736 quam
1817 1687 2031 1725 secundum
2061 1690 2271 1727 materiam.
2302 1691 2482 1728 Mansue-

1409 1741 1502 1778 tudo
1532 1748 1661 1777 autern
1690 1749 1727 1777 et
1756 1741 1957 1778 clementia
1996 1743 2231 1780 conveniunt
2264 1755 2351 1781 cum
2389 1753 2482 1782 tem-

1409 1794 1579 1843 perantia
1607 1794 1645 1831 in
1666 1793 1798 1840 m0d0‚
1819 1802 1861 1831 ut
1890 1794 2032 1831 dictum
2054 1802 2109 1832 est
2127 1796 2158 1843 ²¹²,
2188 1796 2275 1833 licet
2293 1809 2371 1834 non
2393 1811 2482 1835 con-

1409 1847 1566 1885 veniant
1593 1847 1633 1884 in
1661 1847 1832 1884 materia.

1461 1903 1521 1938 AD
1549 1912 1710 1938 TERTIUM
1738 1912 1924 1938 DICENDUM
1949 1901 2056 1948 quod
2084 1902 2232 1939 insania
2253 1903 2387 1941 dicitur
2413 1916 2482 1953 per

1410 1954 1696 2003 corruptionem
1723 1954 1904 1991 sanitatis.
1940 1954 2046 1991 Sicut
2074 1962 2203 1992 autem
2232 1957 2371 1994 sanitas
2400 1970 2481 1995 cor-

1409 2008 1549 2057 poralis
1569 2007 1827 2056 corrumpitur
1846 2020 1916 2056 per
1942 2008 2018 2044 hoc
2037 2009 2143 2057 quod
2173 2021 2312 2059 corpus
2342 2011 2481 2048 recedit

1410 2074 1431 2098 a
1452 2061 1579 2099 debita
1609 2060 1876 2110 complexione
1895 2061 2088 2099 humanae
2114 2062 2265 2111 speciei,
2286 2063 2337 2100 ita
2366 2064 2480 2102 etiam

1409 2115 1556 2152 insania
1575 2114 1790 2152 secundum
1811 2114 1980 2152 animam
2002 2115 2184 2164 accipitur
2197 2128 2267 2164 per
2280 2117 2356 2154 hoc
2375 2118 2481 2166 quod

1409 2168 1538 2205 anima
1566 2169 1737 2204 humana
1766 2168 1908 2205 recedit
1936 2180 1958 2204 a
1988 2168 2114 2206 debita
2135 2169 2382 2218 dispositione
2411 2172 2481 2208 hu-

1410 2234 1549 2259 manae
1578 2221 1730 2270 speciei.
1762 2221 1880 2268 Quod
1900 2221 2056 2269 quidem
2086 2222 2267 2270 contingit
2289 2231 2326 2260 et
2347 2237 2481 2262 secun-

1410 2276 1503 2312 dum
1533 2274 1743 2321 rationem,
1773 2282 1866 2323 puta
1895 2287 1982 2311 cum
2013 2275 2146 2323 aliquis
2183 2288 2297 2313 usum
2327 2277 2481 2315 rationis

1410 2328 1565 2365 amittit:
1604 2336 1640 2364 et
1668 2335 1854 2377 quantum
1891 2328 1940 2365 ad
1974 2328 2055 2366 vim
2093 2329 2359 2378 appetitivam,
2389 2339 2482 2380 puta

1410 2394 1499 2421 cum
1530 2381 1665 2430 aliquis
1694 2381 1828 2418 amittit
1865 2381 2045 2418 affectum
2085 2383 2316 2430 humanum,
2348 2397 2481 2422 secun-

1411 2436 1505 2473 dum
1543 2447 1660 2484 quern
1696 2436 1809 2472 homo
1846 2436 2070 2472 naturaliter
2105 2442 2159 2473 est
2194 2438 2300 2473 omni
2338 2439 2483 2476 homini

1409 2490 1567 2535 amicus,
1588 2496 1630 2526 ut
1658 2488 1792 2526 dicitur
1820 2488 1859 2525 in
1878 2489 1965 2525 VIII
1985 2490 2105 2526 Ethic.
2125 2489 2146 2511 *
2175 2490 2324 2527 Insania
2353 2500 2479 2528 autem
2510 2499 2519 2509 ⁸

1411 2555 1508 2592 quae
1539 2542 1703 2580 excludit
1730 2554 1845 2579 usum
1874 2543 2048 2589 rationis,
2079 2543 2285 2591 opponitur
2316 2545 2480 2592 pruden—

1409 2596 1495 2634 tiae.
1531 2597 1608 2634 Sed
1638 2596 1744 2645 quod
1773 2595 1908 2644 aliquis
1946 2597 2151 2633 delectetur
2178 2596 2216 2633 in
2248 2597 2384 2645 poenis
2412 2599 2480 2635 ho-

1410 2650 1573 2697 minum,
1595 2649 1730 2687 dicitur
1760 2661 1841 2686 esse
1862 2649 2019 2696 insania,
2040 2649 2129 2697 quia
2148 2662 2218 2698 per
2236 2650 2310 2686 hoc
2330 2651 2481 2689 videtur

1409 2704 1530 2740 homo
1559 2703 1729 2752 privatus
1758 2702 1897 2739 affectu
1935 2703 2129 2751 humano,
2160 2715 2276 2751 quem
2310 2705 2482 2752 sequitur

1410 2756 1622 2794 clementia.

2509 1807 2519 1817 ⁸
2533 1806 2558 1828 In
2573 1812 2676 1834 corpore⁴

1463 2872 1490 2905 γ)
1510 2875 1558 2897 est.
1569 2885 1589 2891 -
1606 2871 1746 2896 clementia
1769 2874 1809 2896 est
1827 2871 1874 2896 Pa.

1463 2907 1488 2940 ὃ)
1509 2907 1627 2932 tristare.
1641 2922 1659 2926 -
1678 2906 1842 2932 contristare
1860 2907 1887 2932 P.

966 2984 1303 3019 Commeat-,aria
1327 2986 1580 3020 Cardinalis
1603 2987 1805 3020 Caietam

311 3076 332 3096 N
356 3065 488 3096 articulo
506 3066 598 3097 tertio
623 3065 766 3096 eiusdem
783 3065 979 3106 quaestionis
1004 3065 1353 3107 centesimaequinqua-

42 3113 87 3135 'ln
100 3112 255 3134 notanti-ante
284 3077 614 3151 Igesimaeseptimae,
633 3110 769 3141 dubium
792 3120 829 3140 ex
851 3109 989 3140 Martino
1013 3110 1160 3146 occurrit,
1175 3110 1209 3140 in
1229 3120 1284 3151 qu.
1299 3120 1323 3140 11
1336 3110 1354 3129 *

43 3140 145 3162 ⁶⁰⁰⁰¹¹¹⁸⁴
282 3154 321 3184 de
345 3155 599 3192 Mansuetudine‚
616 3161 767 3195 arguente
791 3161 900 3185 contra
923 3156 1099 3185 Auctorem
1122 3154 1155 3184 in
1178 3154 1240 3185 hoc
1264 3155 1354 3195 quod

283 3200 496 3230 mansuetudo
527 3200 659 3240 ponitur
687 3199 787 3230 virtus
821 3199 970 3230 adiuncta
997 3199 1233 3239 temperantiae.
1264 3199 1354 3229 Tum

277 3243 396 3283 primo,
414 3243 489 3284 quia
510 3244 588 3275 haec
611 3244 723 3284 opinio
746 3250 852 3284 potest
882 3243 1044 3284 reprobari
1067 3254 1103 3274 ex
1127 3243 1236 3274 multis
1260 3253 1353 3284 supe-

282 3287 347 3317 rius
371 3286 470 3318 dictis.

338 3331 427 3361 Tum
450 3332 607 3370 secundo,
635 3332 710 3373 quia
733 3343 789 3373 per
819 3333 952 3363 eandem
983 3332 1140 3363 rationem
1171 3337 1354 3373 sequeretur

284 3385 415 3406 omnem
432 3375 581 3406 virtutem
604 3386 672 3407 esse
687 3377 870 3408 adiunctam
885 3377 1122 3417 temperantiae.
1147 3376 1232 3413 Quia
1248 3376 1354 3407 omnis

283 3419 382 3450 virtus
411 3419 505 3451 habet
535 3427 644 3451 actum
678 3421 856 3452 refrenandi
879 3421 1062 3462 passionem
1102 3421 1181 3452 circa
1213 3421 1353 3461 aliquam

284 3463 467 3495 materiam:
491 3464 659 3496 liberalitas
683 3465 769 3496 enim
792 3466 927 3497 refrenat
951 3466 1160 3507 cupiditatem
1183 3465 1352 3506 pecuniae;

283 3508 438 3539 fortitudo
469 3508 632 3548 passiones
662 3508 785 3540 timoris
815 3516 846 3540 et
873 3511 1038 3547 audaciae;
1071 3510 1190 3541 iustitia
1219 3509 1354 3541 refrenat

284 3562 416 3583 omnem
440 3553 632 3593 passionem,
649 3563 689 3583 ne
713 3563 768 3593 per
792 3563 861 3584 eam
885 3555 924 3585 ad
948 3555 1074 3586 alterius
1103 3564 1353 3596 prorumpamus

283 3607 440 3627 iniuriam.

1463 3067 1550 3097 Tum
1575 3068 1681 3104 tertio,
1699 3067 1774 3107 quia
1797 3067 1842 3097 ira
1861 3076 1928 3097 non
1952 3074 1998 3097 est
2021 3067 2151 3098 materia
2168 3069 2352 3099 secundaria
2376 3079 2478 3109 respe-

1406 3118 1460 3142 ctu
1484 3111 1760 3151 concupiscentiae
1775 3118 1893 3142 tactus:
1919 3112 1973 3142 sed
1998 3118 2073 3142 sunt
2088 3112 2236 3143 materiae
2259 3113 2398 3143 totaliter
2417 3113 2479 3144 dis-

1406 3162 1543 3196 paratae,
1561 3166 1618 3186 nec
1642 3156 1682 3185 ad
1705 3166 1738 3186 se
1760 3155 1897 3186 invicem
1921 3155 2093 3186 ordinatae.

1463 3200 1552 3230 Turn
1575 3205 1691 3240 quarto
1706 3200 1739 3236 *,
1764 3199 1950 3231 auctoritate
1973 3200 2168 3237 Aristotelis,
2193 3200 2249 3241 qui
2273 3211 2339 3231 non
2370 3201 2477 3232 solum
2507 3210 2516 3220 ·
2530 3209 2671 3232 Conclus.1.

1407 3244 1688 3274 mansuetudinem
1712 3255 1730 3274 a
1753 3244 1961 3284 temperantia
1992 3244 2149 3282 distinxit,
2173 3245 2228 3275 sed
2259 3255 2317 3276 nec
2348 3246 2478 3276 alteram

1407 3287 1495 3318 alteri
1525 3288 1558 3318 in
1589 3288 1830 3319 determinando
1862 3288 2041 3319 coniunxit:
2075 3289 2164 3329 quod
2193 3289 2332 3326 fecisset,
2358 3290 2383 3320 si
2414 3300 2478 3320 una

1407 3342 1516 3362 earum
1541 3339 1622 3363 esset
1645 3332 1731 3363 alteri
1754 3332 1911 3363 adiuncta.

1464 3376 1501 3407 ΙΙ.
1524 3376 1576 3407 Ad
1598 3376 1661 3407 hoc
1685 3376 1798 3408 dicitur
1822 3377 1912 3417 quod
1934 3377 2162 3408 rationabiliter
2184 3379 2398 3410 mansuetudo
2423 3379 2477 3409 ad-

1407 3421 1514 3451 iuncta
1538 3427 1584 3451 est
1607 3421 1842 3461 temperantiae,
1859 3421 1981 3452 ratione
2005 3421 2110 3458 modi,
2135 3422 2211 3463 quia
2234 3423 2352 3455 scilicet
2375 3423 2478 3454 consi-

1407 3465 1461 3496 stit
1475 3464 1508 3495 in
1524 3464 1728 3496 refrenando:
1746 3472 1782 3496 ut
1796 3465 1829 3495 in
1849 3465 1951 3496 littera
1967 3465 2091 3497 dicitur.
2115 3467 2156 3498 Et
2172 3467 2211 3497 ad
2228 3468 2373 3508 superius
2390 3467 2476 3498 obie-

1408 3517 1457 3540 cta
1480 3509 1625 3550 superius
1640 3509 1657 3528 *
1682 3516 1727 3540 est
1750 3519 1950 3550 responsum.
2504 3514 2562 3562 ECf-
2578 3518 2714 3561 qmtcxuu,

1461 3554 1512 3584 Ad
1534 3554 1722 3591 secundum,
1739 3561 1871 3594 negatur
1894 3555 2033 3595 sequela.
2059 3555 2144 3592 Quia
2167 3555 2328 3586 adiunctio
2353 3555 2475 3586 virtutis
2503 3546 2633 3593 „J'fflmen'
2650 3546 2714 3561 num.

1407 3599 1447 3628 ad
1471 3598 1621 3629 virtutem
1645 3605 1681 3629 ut
1699 3599 1796 3639 partis
1820 3599 2000 3640 potentialis
2017 3599 2057 3629 ad
2079 3606 2185 3630 toturn
2209 3600 2391 3640 potentiale,
2410 3609 2475 3629 non
