2768 4198
0 2818 11 2912 Ξ

971 301 1240 348 QUAESTIO
1271 301 1536 348 CLXXXVII,
1566 301 1865 339 ARTICULUS
1896 302 1944 338 ΙΙΙ

356 380 515 412 cularibus
540 380 766 416 universaliter,
791 380 847 410 sed
870 379 1098 420 particulariter
1121 380 1160 410 de
1176 387 1246 410 actu
1271 380 1427 411 intromit-

355 425 443 456 tendi
473 435 505 456 se
534 425 642 466 aliquo
674 425 774 454 modo
798 423 831 454 in
855 423 990 463 negotiis
1014 425 1236 456 saecularibus.
1274 425 1371 462 Quod
1395 425 1427 456 in

354 470 457 502 littera
481 469 643 510 tripliciter
666 469 772 509 palam
796 467 842 499 fit.
867 468 985 504 Primo,
1010 468 1043 498 in
1064 469 1218 499 divisione
1235 470 1428 510 quaestionis

355 515 389 545 in
413 525 489 545 suos
513 513 681 549 articulos,
707 512 762 543 ubi
787 512 916 543 dicitur:
948 513 1106 551 Secundo,
1133 519 1241 544 utrum
1266 515 1361 545 liceat
1384 515 1430 545 eis
1454 508 1456 519 ¹

355 560 396 591 de
425 559 563 600 negotiis
591 557 815 588 saecularibus
843 567 879 588 se
908 558 1128 589 intromittere.
1160 577 1180 581 -
1205 559 1369 595 Secundo,
1395 559 1428 589 in

355 603 451 635 titulo
474 602 598 634 articuli
621 602 736 638 huius,
762 602 816 632 ubi
841 602 972 633 dicitur:
1007 603 1122 633 Utrum
1147 604 1243 634 liceat
1266 604 1429 644 religiosis

357 648 488 689 negotia
499 646 684 678 saecularia
701 652 862 677 tractare.-
877 655 907 678 et
920 658 986 677 non
1000 647 1084 684 dicit,
1098 658 1259 679 exercere.
1274 666 1292 671 -
1306 649 1428 684 Tertio,

354 693 389 723 in
412 691 618 722 conclusione
642 691 826 731 responsiva
851 692 1026 732 principali,
1052 693 1106 723 ubi
1131 693 1213 723 duos
1236 699 1325 723 actus
1349 693 1429 723 circa

355 735 526 767 saecularia
549 736 678 776 negotia
699 735 803 766 licitos
828 736 902 767 dicit
925 736 1094 777 religiosis:
1127 737 1244 768 scilicet
1267 737 1426 778 dirigere,

355 788 386 812 et
408 781 607 811 ministrare.
631 798 652 804 ·-
676 781 812 820 Negotia
831 791 907 821 ergo
924 782 1104 819 saecularia,
1131 789 1166 812 ut
1189 781 1429 822 distinguuntur

355 831 465 856 contra
488 825 711 862 ecclesiastica,
743 835 966 867 quaecumque
990 826 1053 857 sint
1075 833 1106 857 et
1129 834 1427 867 quantumcumque

353 869 515 910 prohibita
538 870 602 900 sint
624 870 743 900 clericis
766 871 875 912 quoad
898 871 1044 911 ipsorum
1068 871 1261 907 exercitium,
1279 881 1428 902 concessa

355 913 431 944 dicit
454 916 577 945 Auctor
593 914 748 954 religiosis
771 916 881 956 quoad
906 915 1046 956 aliquem
1070 922 1186 947 actum.

412 958 464 989 111.
489 959 551 989 Sed
568 958 734 999 diligenter
756 960 882 990 adverte
898 960 938 990 ad
954 967 1041 991 actus
1061 960 1165 990 licitos
1181 966 1212 991 et
1228 959 1428 990 conditiones

355 1010 495 1043 quatuor
517 1003 550 1034 in
573 1003 677 1034 littera
700 1005 871 1044 appositas.
896 1005 1003 1035 Prima
1027 1004 1168 1035 conditio
1185 1011 1232 1035 est
1255 1004 1343 1044 quod
1364 1014 1426 1034 non

355 1057 397 1078 ex
419 1047 608 1088 cupiditate,
633 1048 695 1079 hoc
719 1056 765 1079 est
788 1056 919 1090 propter
941 1049 1067 1080 lucrum
1092 1056 1146 1079 aut
1170 1049 1428 1079 emolumentum

354 1092 487 1133 aliquod
510 1093 686 1133 temporale
710 1103 769 1133 pro
794 1103 826 1124 se
849 1093 900 1124 vel
923 1093 997 1129 alio,
1015 1094 1076 1124 hoc
1090 1093 1154 1125 fiat.
1179 1094 1220 1124 Et
1236 1092 1315 1123 ratio
1331 1093 1429 1123 huius

355 1143 402 1167 est
425 1136 500 1178 quia
523 1137 568 1168 sic
592 1143 666 1168 sunt
690 1137 850 1177 prohibita
873 1137 1004 1168 clericis.

410 1181 556 1212 Secunda
579 1189 626 1213 est
649 1182 738 1222 quod
762 1192 804 1212 ex
818 1183 966 1219 caritate,
991 1182 1053 1212 hoc
1069 1189 1114 1213 est
1138 1188 1269 1222 propter
1283 1190 1427 1211 amorem

354 1235 421 1267 quo
444 1226 611 1266 proximus
634 1225 668 1256 in
691 1226 762 1256 Deo
785 1226 944 1266 diligitur,
967 1226 1030 1256 hoc
1053 1225 1118 1256 fiat.
1154 1226 1195 1255 Et
1225 1225 1305 1255 ratio
1331 1225 1428 1255 huius

354 1277 402 1301 est
423 1270 567 1314 quia-sic
593 1277 714 1310 spectat
743 1270 931 1301 huiusmodi
958 1281 1042 1311 opus
1066 1270 1106 1300 ad
1130 1269 1227 1300 finem
1251 1269 1427 1309 religionis,

354 1314 440 1356 q‘ff
434 1321 482 1345 est
505 1314 658 1355 perfectio
683 1314 830 1346 caritatis.

410 1359 519 1390 Tertia
542 1366 589 1390 est
612 1359 702 1400 quod
725 1359 765 1390 de
788 1359 919 1390 licentia
941 1359 1120 1399 superioris
1143 1357 1205 1388 hoc
1228 1356 1293 1387 fiat.
1317 1357 1359 1387 Et
1382 1363 1429 1387 est

353 1402 434 1434 ratio
458 1403 535 1444 quia
558 1403 726 1444 religiosus
749 1413 815 1434 non
839 1403 935 1434 habet
956 1403 1037 1434 velle
1061 1412 1165 1443 neque
1189 1401 1286 1432 nolle.
1321 1401 1362 1431 Et
1385 1400 1428 1431 sic

353 1447 514 1479 invenitur
536 1455 692 1479 statutum
716 1448 755 1478 ab
778 1448 920 1478 Ecclesia
947 1447 1056 1488 quoad
1079 1454 1187 1478 actum
1210 1445 1428 1476 ministrandi:

354 1499 390 1522 ut
413 1499 500 1532 patet
521 1492 556 1523 in
578 1502 701 1523 canone
724 1491 758 1522 in
781 1492 886 1523 littera
909 1492 1014 1522 allata.

410 1537 532 1574 Quarta
555 1544 602 1568 est
625 1536 714 1578 quod
733 1546 806 1567 cum
822 1536 928 1566 debita
944 1536 1165 1566 moderatione
1188 1535 1250 1565 hoc
1267 1533 1331 1565 fiat.
1353 1534 1429 1564 Non

354 1580 441 1612 enim
469 1581 576 1612 omnis
606 1581 724 1612 modus
753 1580 953 1611 ministrandi
981 1587 1036 1611 aut
1059 1579 1213 1619 dirigendi
1245 1579 1335 1609 decet
1358 1578 1428 1608 reli-

353 1625 472 1666 giosos.
502 1626 577 1656 Non
602 1625 688 1656 enim
713 1624 802 1655 decet
825 1624 1012 1665 religiosum
1041 1624 1085 1655 sic
1110 1623 1242 1664 dirigere
1265 1622 1429 1664 proximo-

353 1679 427 1701 rum
442 1669 580 1710 negotia,
597 1677 652 1700 aut
667 1669 712 1700 eis
728 1668 887 1706 inservire,
905 1676 940 1700 ut
958 1668 1166 1709 personaliter
1181 1668 1243 1698 sint
1259 1674 1428 1704 exactores,

353 1721 385 1746 et
416 1714 509 1755 quasi
532 1714 736 1755 negotiorum
761 1721 900 1754 gestores
928 1713 1141 1744 saecularibus
1172 1712 1364 1743 tumultibus
1395 1722 1428 1742 se

353 1759 571 1790 immisceant:
597 1759 651 1790 sed
672 1758 715 1790 ita
731 1765 868 1799 oportet,
894 1759 972 1789 dum
990 1758 1159 1789 necessitas
1176 1757 1311 1788 caritatis
1328 1763 1428 1797 urget,

111 1833 123 1846 ,
188 1832 206 1856 Η
353 1814 387 1835 se
410 1804 572 1841 exhibere,
597 1811 633 1835 ut
656 1810 687 1834 et
710 1803 770 1844 ipsi
794 1813 859 1834 non
881 1813 917 1834 se
941 1803 1104 1843 implicent
1126 1801 1349 1833 saecularibus
1372 1811 1427 1831 ne-

112 1833 215 1888 uilnn.
228 1838 326 1888 4⁹⁸⁹*
352 1849 452 1891 galiis
469 1849 500 1886 ¹¹¹,
524 1848 672 1890 quamvis
697 1854 830 1879 tractent
853 1847 923 1884 illa;
948 1855 978 1878 et
1002 1857 1117 1878 nomen
1145 1846 1279 1877 Domini
1302 1845 1334 1876 in
1358 1845 1428 1876 reli-

111 1886 326 1942 ’woeff
353 1893 452 1934 giosis
468 1903 531 1924 non
549 1893 786 1933 blasphemetur
799 1892 827 1922 *,
851 1892 925 1923 Hoc
941 1891 1026 1922 enim
1050 1891 1150 1921 modo
1174 1891 1284 1921 beatus
1303 1890 1428 1920 Leode-

111 1916 327 1991 Ξᾰοαὼῑξΰαξᾰξ
353 1938 459 1979 garius
484 1938 523 1968 de
547 1937 634 1978 regni
658 1937 808 1967 Franciae
825 1936 977 1977 regimine
993 1946 1026 1967 se
1042 1935 1214 1966 intromisit
1227 1934 1262 1964 *z
1288 1941 1319 1965 et
1334 1934 1428 1964 multi

193 1983 210 1996 .‚
320 1984 325 1989 .

2474 302 2546 349 509

1484 380 1568 411 sterii
1592 391 1647 411 seu
1671 380 1819 411 adiutorii
1843 380 2060 411 moderatione
2077 390 2159 420 opus
2175 387 2230 411 est.
2255 380 2337 411 Nam
2357 390 2422 410 non
2443 380 2547 410 omnis

1484 425 1599 455 servitii
1623 432 1678 455 aut
1701 425 1807 455 auxilii
1831 432 1918 456 actus
1935 425 2083 455 convenit
2098 424 2256 464 religioso.
2282 425 2438 454 Dedecere
2462 424 2547 454 enim

1484 476 1607 500 constat
1634 469 1797 509 religiosos
1828 469 2033 509 personaliter
2059 469 2270 500 saecularibus
2302 468 2546 504 venditionibus,

1483 514 1708 554 emptionibus,
1733 514 1862 550 mutuis,
1888 513 2052 549 custodiis,
2071 520 2145 550 etc.,
2170 513 2333 544 deservire.
2367 512 2428 543 Sed
2452 522 2547 552 opem

1483 558 1562 589 ferre
1586 559 1692 588 eundo
1717 558 1755 588 ad
1779 558 1888 588 locum
1912 558 2060 598 aliquem,
2085 558 2135 588 vel
2158 558 2197 587 ad
2222 557 2451 588 conferendum
2474 567 2548 587 cum

1454 604 1456 617 ¹
1483 603 1608 644 aliquo,
1634 610 1664 633 et
1693 602 1897 638 huiusmodi,
1929 613 1994 632 non
2018 602 2156 632 dedecet.
2188 602 2281 632 Unde
2304 609 2335 632 et
2364 602 2403 631 de
2426 600 2547 631 Didaco

1483 648 1646 688 Episcopo
1669 647 1751 677 beati
1775 646 1936 677 Dominici
1960 646 2059 677 Patris
2075 646 2185 683 nostri,
2208 646 2323 686 legitur
2339 646 2437 686 quod,
2455 655 2548 675 causa

1483 691 1671 723 conficiendi
1691 691 1877 731 coniugium
1893 691 1973 721 inter
1988 691 2091 721 filium
2107 691 2186 731 regis
2203 690 2376 731 Hispaniae
2399 697 2429 720 et
2448 699 2546 729 quan-

1483 737 1557 767 dam
1581 737 1731 776 puellam,
1756 736 1788 766 in
1812 735 1929 766 Gallias
1952 735 2006 766 ivit
2021 735 2047 766 *.

1539 782 1590 812 IV.
1617 781 1663 811 Ex
1687 780 1805 821 quibus
1835 787 1920 820 patet
1944 779 2063 810 solutio
2093 779 2257 820 utriusque
2286 778 2374 809 dubii
2387 778 2415 808 *.
2450 777 2548 808 Primi

1482 826 1623 866 quidem,
1647 825 1722 865 quia
1746 825 1810 854 iam
1825 831 1910 864 patet
1925 824 2013 864 quod
2031 824 2069 853 de
2086 823 2245 860 omnibus,
2262 829 2293 853 et
2306 832 2373 853 non
2389 822 2428 852 de
2445 822 2548 853 omni—

1482 870 1542 900 bus
1558 869 1691 910 negotiis
1707 868 1919 899 saecularibus
1943 868 2187 909 quodammodo
2203 874 2249 898 est
2264 875 2385 898 sermo:
2410 873 2441 897 et
2459 867 2548 907 quod

1481 915 1514 944 in
1536 914 1639 944 littera
1663 913 1889 945 determinatur
1912 912 2056 953 explicite
2079 912 2135 953 qui
2150 918 2236 943 actus
2256 912 2432 942 secundum
2447 921 2548 951 genus

1481 968 1577 989 suum
1607 958 1670 988 sint
1692 957 1844 997 religiosis
1866 957 1942 987 liciti
1966 957 2046 987 circa
2069 956 2239 987 saecularia
2263 956 2405 996 negotia,
2430 955 2549 986 scilicet

1481 1003 1626 1043 dirigere
1649 1009 1680 1032 et
1702 1003 1899 1032 ministrare.

1536 1046 1673 1078 Secundi
1697 1053 1815 1082 autern,
1839 1045 1914 1086 quia
1937 1048 2060 1077 Auctor
2083 1055 2148 1075 non
2165 1044 2272 1075 solum
2295 1054 2404 1075 causas
2423 1043 2546 1084 agendi,

1481 1092 1536 1122 sed
1556 1098 1643 1122 actus
1660 1090 1747 1131 ipsos
1763 1090 1843 1120 circa
1860 1090 1985 1130 negotia
2001 1089 2169 1120 saecularia
2186 1088 2340 1125 discernit,
2354 1088 2459 1118 dicens
2475 1087 2548 1118 illos

1481 1136 1564 1166 duos
1587 1135 1764 1166 secundum
1788 1144 1884 1164 suum
1903 1144 2003 1173 genus
2026 1133 2129 1164 licitos
2152 1133 2315 1172 religiosis,
2335 1132 2463 1163 servatis
2486 1132 2548 1162 illis

1481 1187 1621 1221 quatuor
1639 1178 1875 1210 conditionibus
1891 1178 2041 1218 expositis
2055 1178 2082 1209 *.
2107 1178 2148 1208 Et
2163 1178 2216 1214 sic,
2233 1177 2378 1218 quamvis
2393 1177 2467 1207 hinc
2482 1186 2547 1206 non

1481 1225 1632 1255 habeatur
1655 1224 1745 1265 quod
1769 1223 1934 1263 negotium
1953 1230 2000 1253 est
2019 1222 2062 1253 eis
2081 1222 2203 1253 licitum
2223 1229 2254 1252 et
2272 1222 2361 1262 quod
2380 1231 2457 1257 non,
2474 1220 2549 1261 quia

1481 1269 1543 1299 hoc
1567 1279 1633 1299 non
1657 1275 1704 1299 est
1726 1267 1777 1298 hic
1796 1267 1993 1308 quaesitum3
2018 1267 2150 1297 habetur
2173 1274 2278 1298 tamen
2298 1265 2387 1307 quod
2411 1264 2548 1305 religiosi

1481 1319 1618 1353 possunt
1641 1323 1672 1342 se
1696 1312 1905 1342 intromittere
1925 1312 1964 1341 de
1988 1311 2121 1351 negotiis
2141 1310 2362 1346 saecularibus,
2380 1316 2410 1340 et
2433 1309 2549 1350 quibus

1481 1357 1613 1393 actibus,
1631 1365 1661 1387 et
1677 1356 1826 1397 qualiter:
1852 1356 1940 1396 quod
1957 1356 2015 1385 sub
2032 1355 2187 1395 praesenti
2203 1354 2388 1395 quaestione
2408 1354 2547 1384 cadebat.

1539 1401 1626 1431 Haec
1650 1400 1746 1431 etiam
1774 1400 1892 1430 decisio
1920 1409 1985 1429 non
2009 1406 2055 1430 est
2079 1399 2259 1430 communis
2283 1398 2495 1429 saecularibus
2519 1405 2550 1428 et

1483 1444 1700 1476 ecclesiasticis
1733 1444 1887 1483 negotiis,
1912 1451 1948 1474 ut
1977 1444 2115 1474 secunda
2146 1443 2283 1474 obiectio
2312 1442 2434 1483 ingerit.
2459 1443 2547 1479 Quo-

1483 1489 1570 1520 niam
1599 1489 1695 1519 etiam
1728 1498 1869 1518 exercere
1897 1487 1966 1527 ipsa
1997 1487 2205 1518 ecclesiastica
2235 1487 2362 1527 negotia
2395 1485 2549 1525 religiosis

1481 1534 1570 1564 licet:
1588 1540 1619 1564 et
1635 1543 1701 1563 non
1718 1532 1825 1563 solum
1841 1532 1972 1572 dirigere
1988 1531 2077 1568 alios,
2092 1538 2146 1562 aut
2162 1531 2336 1562 ministrare
2353 1530 2420 1561 aliis
2432 1530 2465 1560 in
2478 1530 2549 1560 illis.

1534 1578 1572 1609 V.
1592 1578 1627 1608 In
1642 1577 1849 1618 responsione
1866 1576 1905 1606 ad
1921 1575 2059 1612 tertium,
2077 1583 2239 1607 memento
2256 1575 2340 1606 illius
2353 1574 2548 1605 documenti:

1486 1622 1604 1653 Omnia
1628 1622 1705 1652 mihi
1728 1622 1834 1658 licent,
1855 1621 1912 1651 sed
1927 1630 1990 1651 non
2007 1621 2115 1650 omnia
2133 1620 2307 1661 expediunt
2320 1620 2347 1650 ¹⁸².
2372 1619 2412 1650 Et
2427 1627 2548 1649 rursus:

1486 1667 1605 1698 Omnia
1629 1667 1706 1697 mihi
1729 1667 1835 1703 licent,
1859 1665 1917 1696 sed
1939 1675 2002 1695 non
2019 1666 2128 1695 omnia
2143 1665 2317 1705 aedificant
2329 1664 2356 1694 *.
2381 1663 2478 1694 Adire
2497 1673 2550 1693 cu-

1482 1712 1543 1742 rias
1575 1718 1606 1742 et
1635 1710 1751 1751 palatia
1779 1717 1910 1750 propter
1939 1710 2007 1749 pias
2031 1719 2140 1740 causas
2163 1709 2287 1740 licitum
2311 1708 2462 1739 fatemur:
2495 1708 2549 1738 sed

1481 1756 1651 1787 timeamus
1675 1755 1830 1786 damnum
1853 1764 1890 1784 ac
1912 1754 2049 1784 ruinam.
2074 1754 2155 1784 Nam
2179 1754 2301 1789 Petrus,
2320 1759 2355 1783 ut
2372 1752 2550 1783 Bernardus

1481 1800 1689 1841 praenotavit,
1714 1799 1812 1830 semel
1841 1798 1994 1838 palatium
2017 1798 2154 1835 intravit,
2172 1804 2202 1829 et
2225 1804 2271 1828 ter
2293 1797 2471 1828 Dominum
2495 1807 2549 1827 ne-

1480 1845 1574 1885 gavit.
1614 1844 1746 1876 Curiam
1772 1843 1931 1883 Diogenes
1955 1842 2112 1878 definivit,
2137 1842 2225 1883 quod
2249 1848 2296 1872 est
2318 1842 2409 1872 locus
2432 1841 2472 1871 ad
2495 1841 2548 1871 de-

1481 1889 1665 1929 cipiendum
1688 1896 1719 1919 et
1742 1888 2007 1928 praevalendum:
2038 1887 2094 1928 qui
2118 1894 2192 1917 sunt
2215 1893 2302 1917 actus
2326 1885 2455 1916 diabolo
2479 1895 2548 1925 per-

1481 1934 1567 1964 missi
1591 1944 1609 1963 a
1632 1934 1719 1969 Deo,
1745 1933 1785 1962 111
1811 1933 1894 1973 Reg.
1918 1942 1981 1962 xxu
1999 1932 2026 1962 *.
2052 1931 2232 1971 Fugiendae
2256 1936 2331 1961 sunt
2353 1940 2371 1960 a
2394 1929 2548 1970 religiosis

1480 1978 1584 2009 curiae
1601 1986 1630 2009 et
1646 1977 1772 2018 palatia,
1788 1977 1884 2008 etiam
1901 1976 2126 2007 ecclesiastica:
2147 1985 2221 2006 curn
2237 1975 2348 2006 Petrus
2364 1984 2429 2005 non
2446 1974 2548 2014 regale

1480 2030 1535 2054 aut
1558 2022 1722 2063 praetoris,
1746 2022 1800 2052 sed
1824 2020 2027 2062 pontificium
2046 2020 2201 2060 palatium
2216 2019 2384 2060 ingressus,
2409 2018 2547 2049 nefando

1480 2067 1597 2108 laqueo
1622 2073 1733 2107 captus
1757 2066 1851 2097 fuerit
1865 2065 1892 2096 *.

1162 2228 1483 2272 ARTICULUS
1518 2227 1748 2270 TERTIUS

896 2327 1054 2359 UTRUM
1078 2325 1293 2357 RELIGIOSI
1317 2323 1507 2356 MANIBUS
1530 2323 1717 2354 OPERARI
1741 2322 2010 2353 TENEANTUR

610 2408 643 2433 111
664 2408 742 2433 Cont.
762 2408 850 2436 Gent„
871 2413 927 2439 cap.
947 2412 1043 2435 cxxxv;
1065 2405 1143 2430 Cont.
1162 2404 1310 2430 retrahent.
1329 2403 1363 2428 ab
1382 2403 1495 2436 ingr-ess.
1515 2401 1612 2434 Retig„
1632 2408 1687 2433 cap.
1705 2408 1762 2431 xvx3
1783 2401 1860 2426 Cont.
1880 2400 1999 2432 impugn.
2019 2399 2116 2432 Relig„
2136 2406 2192 2432 cap.
2209 2406 2235 2430 v,
2252 2406 2293 2430 νη

843 2442 941 2472 Quodl.
959 2441 1014 2472 vn,
1034 2448 1078 2474 qu.
1097 2448 1142 2472 vn,
1162 2445 1208 2466 art.
1233 2447 1255 2471 1,
1274 2439 1307 2464 ad
1325 2439 1363 2471 4¹¹²
1383 2438 1412 2464 in
1430 2441 1516 2463 contr.
1523 2445 1533 2468 ;
1551 2442 1599 2462 art.
1621 2444 1651 2468 2;
1670 2437 1701 2461 In
1722 2437 1807 2465 Ioan„
1826 2443 1882 2468 cap.
1900 2443 1936 2465 w,
1954 2436 2013 2460 lect.
2032 2442 2071 2460 111.

209 2009 216 2017 .
250 1993 325 2016 ness-
353 1983 447 2023 probi
470 1982 608 2022 religiosi
633 1981 773 2022 dirigunt
803 1988 834 2012 et
862 1981 1013 2011 adiuvant
1035 1980 1147 2011 viduas
1171 1980 1311 2020 aliasque
1334 1979 1427 2009 mise-

110 2020 326 2077 ffinffipffi
353 2027 466 2058 rabiles
497 2036 649 2068 personas
672 2026 706 2056 in
729 2025 794 2057 suis
818 2025 964 2066 negotiis.
1000 2025 1040 2056 Et
1070 2024 1143 2055 licet
1172 2023 1302 2055 directio
1331 2023 1427 2054 etiam

110 2080 134 2097 ¹¹·
149 2080 176 2102 ιι,
191 2080 221 2097 ¹2-
352 2072 516 2103 moderata
540 2081 607 2102 esse
631 2071 753 2107 debeat,
778 2070 947 2111 praecipue
971 2077 1076 2100 tamen
1101 2069 1182 2100 circa
1204 2075 1311 2099 actum
1334 2067 1428 2098 mini-

394 2560 415 2577 Ι,
442 2546 447 2557 1
475 2550 544 2590 dx<
569 2536 592 2562 n
611 2534 773 2561 TER‘rmM
793 2534 847 2560 sm
870 2533 1113 2559 Paocumwa.
1141 2520 1302 2558 Videtur
1321 2518 1427 2567 quod

481 2569 544 2626 ’(54
568 2576 922 2625 religiosimanibus
938 2574 1089 2624 operari
1104 2580 1318 2610 teneantur.
1335 2573 1428 2609 Non

373 2636 375 2641 ’
393 2622 489 2712 [ἓν
506 2618 674 2673 'fenim
694 2636 920 2666 excusantur
936 2627 1099 2676 religiosi
1114 2627 1163 2663 ab
1183 2624 1428 2663 observantia

113 2747 246 2770 ‘ven-u-
354 2738 392 2775 in
432 2745 662 2787 praecepto:
701 2736 916 2774 secundum
949 2735 1039 2772 illud
1070 2735 1083 2770 1
1107 2733 1159 2770 ad
1186 2734 1310 2770 Thess.
1331 2744 1368 2769 iv
1386 2732 1426 2769 *ε

359 2790 578 2840 Operemini
595 2790 770 2828 manibus
796 2789 938 2834 vestris,
959 2788 1057 2824 sicut
1070 2787 1336 2836 praecepimus
1361 2796 1427 2822 vo-

355 2846 422 2882 bis.
443 2845 555 2882 Unde
576 2851 614 2881 et
631 2843 878 2892 Augustinus,
899 2842 937 2878 in
957 2842 1053 2878 libro
1073 2841 1119 2877 de
1138 2840 1320 2888 Operibus
1337 2839 1426 2875 Mo-

139 2906 259 2934 cmm
355 2899 465 2936 nach.
485 2897 526 2945 ²¹⁸,
557 2897 663 2936 dicit:
704 2898 879 2934 Ceterum
907 2895 990 2944 quis
1005 2895 1118 2943 ferat
1142 2893 1312 2931 homines
1339 2904 1426 2929 con-

355 2957 534 2999 tumaces,
564 2951 661 2989 idest
689 2950 884 2998 religiosos
912 2961 990 2985 non
1019 2955 1238 2996 operantes,
1269 2946 1318 2983 de
1345 2945 1427 2994 qui-

355 3006 428 3043 bus
465 3005 517 3042 ibi
554 3005 742 3054 loquitur,
779 3001 1038 3040 saluberrimis
1071 2999 1244 3050 Apostoli
1277 2999 1428 3036 monitis

356 3059 577 3106 resistentes,
607 3070 681 3096 non
701 3058 797 3094 sicut
813 3056 1041 3104 infirmiores
1065 3053 1231 3099 tolerari,
1251 3053 1318 3090 sed
1333 3052 1429 3089 sicut

213 3122 232 3140 ⁸
355 3112 563 3149 sanctiores
582 3117 599 3134 α
621 3109 874 3160 praedicari?
901 3110 1002 3156 Ergo
1029 3107 1183 3144 videtur
1209 3106 1314 3155 quod
1343 3105 1427 3142 reli-

357 3163 454 3212 giosi
481 3172 682 3203 teneantur
709 3164 886 3202 manibus
915 3161 1077 3210 operari.

117 3225 128 3236 ⁸
141 3223 209 3246 Vera.
224 3230 256 3246 ιο.

358 3271 441 3319 quis
455 3282 530 3307 non
546 3271 626 3308 vult
643 3271 806 3320 operari,
823 3282 891 3307 nec
904 3269 1114 3312 manducet,
1131 3266 1220 3304 dicit
1235 3266 1373 3303 Glossa
1389 3265 1425 3300 *z

357 3325 501 3361 Dicunt
533 3324 687 3372 quidam
715 3325 762 3361 de
788 3324 963 3373 operibus
996 3320 1250 3370 spiritualibus
1277 3320 1349 3355 hoc
1375 3318 1427 3354 Α-

352 3377 543 3425 postolum
566 3377 815 3426 praecepisse,
845 3389 919 3414 non
949 3376 994 3413 de
1021 3385 1133 3423 opere
1160 3371 1361 3421 corporali,
1389 3371 1426 3407 in

119 3284 128 3293 “
142 3283 199 3305 Ord.
214 3283 277 3311 Aug.

413 3491 441 3522 α)
460 3490 616 3516 sanctiores.
631 3503 649 3508 —
661 3489 793 3523 fortiores
812 3489 873 3522 PpC
891 3494 917 3514 et
935 3497 960 3518 a,
973 3490 1064 3522 fortes
1084 3489 1116 3519 H,
1130 3489 1252 3522 factores
1271 3486 1356 3511 ceteri.

414 3525 439 3559 β)
459 3526 585 3551 nolint-
602 3525 687 3550 voluit
711 3524 877 3557 AEFHKpC,
901 3525 988 3550 notuit
1010 3525 1040 3554 B,
1059 3525 1154 3550 nolunt
1172 3523 1203 3553 D,
1223 3522 1326 3547 noverit
1344 3521 1362 3551 1.
1382 3528 1427 3546 νο-

360 3563 419 3588 lunt
437 3562 510 3592 LsC;
530 3569 577 3594 pro
598 3560 755 3593 intelligere,
775 3559 936 3592 intelligeret
952 3560 1103 3592 ABEFlpK,
1123 3559 1273 3592 intelligent
1284 3558 1314 3587 1..
1329 3565 1382 3582 om.
1395 3557 1428 3582 H.

413 3597 440 3631 γ)
460 3598 562 3622 nolunt.
573 3610 592 3615 —
610 3596 654 3621 cui
669 3596 708 3621 rei
722 3598 817 3620 vacent
835 3595 932 3619 addunt
950 3595 1051 3627 aliquae
1070 3595 1212 3624 editiones;
1231 3598 1291 3627 post
1305 3593 1430 3626 inquiunt
1454 3617 1455 3620 ,

360 3634 399 3658 Pa
418 3634 516 3658 addunt
534 3639 676 3662 vacamus5
694 3636 755 3664 post
774 3631 827 3655 Dei
844 3630 913 3655 addit
932 3633 1030 3655 vacant
1047 3631 1091 3656 sB.

413 3229 449 3254 2.
479 3218 714 3264 PRAETEREA,
746 3219 777 3254 II
798 3218 849 3254 ad
871 3217 994 3253 Thess.
1012 3226 1060 3261 ιιι,
1090 3225 1207 3262 super
1224 3211 1316 3249 illud
1333 3210 1366 3258 *,
1387 3211 1430 3247 Si

1454 3621 1456 3644 l

1479 2529 1553 2566 quo
1573 2517 1770 2567 agricolae
1792 2516 1852 2553 vel
1870 2516 2021 2564 opifices
2048 2515 2242 2559 laborant,·
2270 2523 2307 2552 et
2333 2515 2448 2553 infra:
2477 2518 2553 2555 Sed

1477 2571 1670 2620 superfluo
1699 2575 1886 2606 conantur
1912 2574 1949 2605 et
1972 2569 2045 2605 sibi
2061 2574 2097 2604 et
2118 2569 2249 2605 ceteris
2267 2569 2469 2618 caliginem
2483 2571 2549 2607 ad-

1479 2625 1628 2670 ducere,
1659 2629 1698 2660 ut
1724 2623 1826 2672 quod
1852 2622 1990 2658 utiliter
2015 2622 2155 2658 caritas
2177 2627 2312 2668 monet,
2333 2634 2407 2658 non
2425 2624 2547 2660 solum

457 2663 511 2719 ᾦ)
528 2678 877 2733 Xpraeceptorum.
908 2681 986 2718 Sed
1005 2680 1156 2729 operari
1174 2679 1352 2716 manibus
1373 2678 1431 2715 est‘
1466 2679 1609 2727 facere
1627 2676 1749 2714 nolint
1760 2674 1786 2721 β,
1810 2676 1877 2713 sed
1896 2687 1965 2712 nec
1989 2676 2100 2711 etiam
2121 2674 2351 2724 intelligere‚·
2377 2682 2412 2711 et
2430 2675 2545 2713 infra:

1486 2731 1575 2769 Vult
1589 2742 1719 2767 servos
1736 2729 1813 2766 Dei
1828 2728 2077 2777 corporaliter
2104 2728 2259 2776 operari
2280 2728 2379 2764 unde
2404 2729 2545 2766 vivant.

1481 2785 1559 2821 Sed
1596 2783 1802 2832 praecipue
1837 2781 1999 2830 religiosi
2035 2781 2137 2818 servi
2170 2781 2246 2818 Dei
2281 2780 2545 2829 nominantur,

1478 2845 1612 2886 utpote
1649 2849 1690 2873 se
1722 2835 1884 2872 totaliter
1917 2834 2048 2871 divino
2078 2834 2231 2871 servitio
2264 2835 2544 2883 mancipantes:

1480 2892 1576 2928 sicut
1603 2897 1707 2939 patet
1734 2901 1803 2938 per
1831 2888 2075 2936 Dionysium,
2105 2899 2140 2924 VI
2160 2900 2242 2936 cap.
2266 2888 2407 2925 Eccles.
2431 2889 2544 2926 Hier.

1480 2946 1583 2992 Ergo
1611 2943 1764 2980 videtur
1799 2942 1904 2991 quod
1937 2948 2138 2978 teneantur
2172 2940 2349 2977 manibus
2382 2942 2543 2989 operari.

1535 2999 1570 3035 3.
1605 2998 1849 3041 PRAETEREA,
1888 2994 2121 3042 Augustinus
2159 2993 2267 3040 dicit,
2304 2994 2342 3030 in
2370 2994 2467 3031 libro
2500 2995 2547 3031 de

1484 3051 1668 3099 Operibus
1686 3049 1869 3086 Monach.
1885 3047 1923 3084 *ε
1958 3048 2056 3089 Quid
2072 3052 2194 3096 agant
2210 3047 2276 3095 qui
2292 3048 2446 3095 operari
2462 3059 2544 3084 cor-

1473 3103 1660 3152 poraliter
1686 3102 1819 3139 nolunt
1834 3106 1862 3148 7,
1890 3101 1988 3138 scire
2005 3101 2184 3137 desidero.
2220 3100 2469 3147 Orationibus,
2490 3101 2544 3137 in-

1479 3157 1621 3206 quiunt,
1642 3161 1678 3192 et
1689 3155 1859 3204 psalmis,
1881 3160 1916 3191 et
1934 3154 2149 3191 lectionibus
2167 3159 2204 3190 et
2217 3154 2333 3190 verbo
2352 3154 2436 3190 Dei.
2467 3154 2544 3191 Sed

1480 3209 1586 3258 quod
1614 3221 1684 3257 per
1710 3208 1780 3245 ista
1809 3220 1888 3244 non
1917 3214 2153 3254 excusentur,
2183 3206 2348 3243 ostendit
2374 3218 2443 3254 per
2470 3206 2544 3243 sin—

1479 3263 1577 3311 gula.
1608 3262 1712 3298 Nam
1741 3261 1885 3310 primo,
1917 3261 1965 3298 de
1993 3260 2164 3297 oratione
2193 3259 2301 3296 dicit:
2336 3260 2452 3296 Citius
2478 3272 2543 3296 ex-

1479 3316 1633 3353 auditur
1660 3326 1736 3351 una
1764 3314 1965 3351 obedientis
1992 3313 2113 3350 oratio
2141 3324 2255 3361 quam
2279 3313 2406 3349 decem
2425 3313 2544 3350 millia

1481 3368 1744 3416 contemptoris
1758 3365 1789 3404 ⁸:
1810 3367 1893 3403 illos
1913 3374 2196 3415 contemptores
2211 3365 2418 3414 intelligens
2438 3373 2475 3402 et
2489 3365 2543 3403 in-

1532 3483 1556 3516 8)
1572 3484 1656 3509 millia
1667 3482 1866 3514 contemptoris.
1874 3495 1892 3501 ·—
1903 3481 2014 3506 millium
2026 3484 2238 3513 contemptorum
2249 3481 2288 3506 Pa
2292 3488 2302 3510 ,·
2313 3489 2362 3514 pro
2371 3484 2542 3513 comtempto-

1478 3522 1718 3589 ἳξῗὲηῗέἑιεῧῖιὲοε
1740 3518 1930 3550 AEFKLpBC;
1949 3525 1997 3550 pro
2022 3517 2180 3550 intelligens,
2203 3517 2335 3550 inteIliges
2358 3517 2401 3542 EF
2402 3516 2540 3549 KLpABC,

2576 732 2585 742 ⁹
2603 730 2653 752 Vita
2667 731 2695 752 Β.
2706 731 2767 753 Dom

2575 757 2629 784 uici,
2639 761 2699 779 auct.
2708 758 2732 779 B.
2739 758 2768 779 101

2575 784 2636 805 dano
2650 790 2663 805 a
2673 784 2759 806 Saxon.

2576 812 2584 822 ⁸
2599 810 2670 832 Num.
2686 817 2701 832 1.

2578 1186 2588 1197 ⁸
2598 1185 2668 1207 Num.
2682 1192 2768 1214 praece<

2577 1624 2587 1633 ⁸
2597 1623 2648 1645 lad
2658 1623 2722 1650 Cor„
2737 1629 2768 1651 αι

2576 1656 2607 1677 vi,
2617 1656 2676 1672 vers.
2690 1656 2726 1676 ης
2737 1656 2768 1678 eal

2577 1683 2675 1730 ’ἕίἱῖἓῖ
2687 1683 2744 1731 ²239.
2764 1709 2768 1724 2

2576 1736 2635 1751 vera.
2650 1736 2683 1759 ²3·

2577 1934 2586 1943 ’
2600 1932 2666 1954 Vera.
2682 1938 2715 1954 22.

2576 1985 2768 2012 ’Matthcapxxv

2574 2018 2634 2034 vera.
2642 2012 2677 2040 58,
2686 2011 2716 2040 69
2726 2018 2768 2040 sqq

2574 2039 2638 2060 loun.
2653 2044 2703 2066 enp.
2718 2044 2768 2060 xvii

2574 2071 2634 2087 vern.
2648 2071 2669 2093 ¹5
2683 2071 2735 2093 sqq.

2672 2678 2688 2712 β

2573 3058 2583 3068 ⁸
2596 3057 2652 3086 Cap.
2666 3064 2722 3080 xvu.

2668 3111 2686 3137 Τ
