2768 4198
50 925 58 932 ·
77 923 114 945 Cf.

48 950 134 971 Introd.

49 2081 98 2103 ·Ca
117 2096 123 2102 .
134 2087 175 2107 xii,
187 2087 210 2102 n.
221 2080 260 2101 6.-

47 2108 71 2130 S.
78 2087 124 2130 Tl'x.
134 2108 184 2130 lect.
192 2113 259 2129 xviu.

48 2137 68 2145 ⁸⁸
79 2135 111 2157 Ca
132 2141 194 2160 miv,
205 2141 227 2156 n.
239 2140 258 2155 2.

47 2174 56 2178 -
66 2162 90 2183 S.
98 2141 142 2183 'Isim
153 2162 196 2183 lect
214 2167 258 2182 xiv.

50 2408 96 2430 ·Ca
116 2422 122 2428 .
133 2413 183 2434 vin,
195 2413 217 2428 n.
229 2413 262 2428 ι.-

47 2435 71 2456 S.
87 2414 131 2456 'lph-
148 2435 198 2456 lect.
215 2439 262 2455 xvi.

50 2568 58 2575 ⁸
75 2566 125 2587 Lib.
143 2566 158 2588 1,
175 2571 225 2593 cap.
238 2572 262 2588 n.

134 929 172 951 <iu-
192 928 260 950 cxxx,

292 309 343 344 74

961 292 1229 340 QUAESTIO
1260 291 1438 338 CXXXI,
1469 292 1768 330 ARTICULUS
1800 294 1811 329 1

560 563 971 645 QUAESTIO
1013 562 2225 621 CENTESIMATRIGESIMAPRIMA

1086 688 1127 727 D
1148 688 1186 727 E
1234 688 1276 728 A
1292 688 1339 728 M
1358 688 1392 727 B
1411 688 1429 727 1
1447 688 1485 727 T
1505 688 1521 727 1
1541 687 1580 728 o
1599 687 1640 727 Ν
1659 688 1697 727 E

1122 804 1155 829 ΙΝ

372 926 478 952 EINDE
508 910 829 949 considerandum
860 917 915 946 est
943 909 991 946 de
1020 908 1230 945 ambitione
1248 907 1280 945 ³¹⁶.

291 927 420 1009 DEt
448 967 547 1004 circa
576 966 650 1002 hoc
679 972 914 1013 quaeruntur
943 963 1033 1000 duo.

340 1022 489 1059 Primo:
520 1028 647 1057 utrum
677 1018 835 1055 ambitio
866 1017 912 1054 sit
939 1024 1152 1066 peccatum.

1187 803 1282 829 DUOS
1309 803 1514 829 ARTICULOS
1543 803 1661 828 DIVISA

1389 906 1392 962 i
1474 908 1677 945 Secundo:
1708 916 1835 945 utrum
1859 917 2078 957 opponatur
2097 912 2398 959 magnanimitati
2427 925 2496 962 per

1389 973 1391 1039 j
1528 973 1739 999 excessum.

1110 1159 1430 1203 ARTICULUS
1463 1159 1670 1202 PRIMUS

1030 1256 1188 1287 UTRUM
1212 1254 1396 1286 ΑΜΒιτιο
1421 1254 1488 1285 Sir
1512 1253 1753 1285 PECCATUM

1178 1336 1186 1360 l
1205 1335 1243 1360 ad
1265 1335 1335 1371 Cor„
1356 1342 1412 1366 cap.
1432 1341 1485 1365 xm,
1506 1334 1563 1359 lect.
1583 1342 1609 1359 11.

321 1442 382 1480 ᾗ»)
404 1446 478 1490 tas«
501 1443 524 1468 D
550 1441 688 1467 PRiMUM
718 1440 771 1465 s1c
802 1439 1044 1465 PROCEDrrUR.
1075 1425 1233 1463 Videtur
1257 1424 1364 1474 quod

317 1461 473 1540 ἱξᾼῖἣ
502 1483 659 1522 ambitio
703 1494 782 1519 non
829 1481 874 1518 sit
915 1488 1130 1530 peccatum.
1180 1480 1391 1528 Importatl

341 1520 360 1542 *s
440 1521 472 1577 ’ᾗ
488 1534 605 1575 enim
632 1536 790 1574 ambitio
812 1534 1057 1584 cupiditatem
1081 1533 1251 1571 honoris.
1284 1533 1364 1569 Ho-
1390 1571 1391 1578 ἵ

309 1584 318 1593 '
347 1607 356 1620 ³
462 1582 575 1629 nor
603 1598 733 1628 autem
758 1590 805 1627 de
826 1601 866 1626 se
895 1588 1094 1638 quoddam
1116 1588 1264 1625 bonum
1295 1594 1362 1634 est,

290 1655 326 1683 et
354 1647 569 1683 maximum
608 1644 704 1682 inter
738 1643 922 1680 exteriora
959 1642 1082 1680 bona:
1116 1642 1220 1679 unde
1251 1648 1287 1678 et
1315 1640 1363 1677 illi

288 1700 353 1748 qui
390 1701 437 1737 de
474 1701 624 1737 honore
653 1710 731 1735 non
761 1705 912 1743 curant,
942 1696 1218 1745 vituperantur.
1261 1695 1364 1742 Ergo

289 1754 448 1791 ambitio
485 1765 563 1791 non
602 1760 658 1789 est
695 1759 919 1800 peccatum,
958 1750 1026 1787 sed
1065 1749 1186 1797 magis
1221 1748 1364 1796 aliquid

290 1807 490 1854 laudabile,
513 1806 725 1844 secundum
745 1804 851 1853 quod
872 1805 1020 1841 bonum
1041 1803 1280 1840 laudabiliter
1300 1814 1365 1850 ap-

288 1869 437 1910 petitur.

343 1927 378 1951 2.
401 1915 636 1959 PRAETEREA,
664 1911 820 1960 quilibet
849 1911 994 1959 absque
1023 1909 1116 1947 vitio
1145 1916 1271 1958 potest
1300 1921 1365 1957 ap·
1391 1917 1393 1960 i

287 1976 416 2017 petere
445 1968 482 2005 id
513 1967 618 2016 quod
654 1965 725 2002 sibi
764 1964 925 2001 debetur
954 1976 1024 2013 pro
1061 1962 1247 2012 praemio.
1288 1962 1393 2000 Sed'

286 2023 411 2059 honor
431 2027 485 2058 est
497 2020 715 2069 praemium
737 2018 895 2064 virtutis,
916 2026 957 2055 ut
976 2017 1237 2067 Philosophus
1267 2016 1365 2063 dicit,

288 2076 326 2113 in
348 2077 359 2112 l
383 2077 403 2097 *
433 2084 469 2112 et
487 2075 573 2111 VIII
590 2073 631 2096 ²⁸⁹*
658 2073 779 2111 Ethic.
802 2073 905 2120 Ergo
927 2072 1086 2109 ambitio
1107 2070 1266 2109 honoris
1287 2082 1366 2107 non
1392 2091 1393 2094 =

289 2138 345 2167 est
372 2137 588 2179 peccatum.

345 2185 379 2221 3.
405 2184 646 2226 PRAETEREA‚
676 2179 767 2217 illud
796 2191 866 2228 per
894 2179 999 2228 quod
1027 2179 1149 2216 homo
1178 2189 1367 2227 provoca-

289 2246 349 2274 tur
378 2237 427 2274 ad
446 2238 594 2274 bonum
625 2242 661 2271 et
690 2240 892 2271 revocatur
912 2245 934 2270 a
954 2233 1070 2280 malo,
1092 2245 1171 2269 non
1196 2240 1250 2269 est
1278 2243 1367 2281 pec-

291 2299 431 2328 catum.
471 2289 548 2327 Sed
578 2300 646 2338 per
674 2288 864 2324 honorem
894 2286 1073 2323 homines
1106 2293 1369 2335 provocantur

291 2345 339 2382 ad
369 2345 473 2381 bona
502 2342 676 2380 facienda
706 2349 742 2378 et
771 2341 873 2377 mala
901 2341 1079 2378 vitanda:
1115 2339 1212 2377 sicut
1239 2339 1367 2376 Philo-

291 2399 436 2448 sophus
466 2397 571 2444 dicit,
602 2396 639 2432 in
670 2395 719 2431 III
749 2394 870 2431 Ethic.
889 2393 925 2440 *,
956 2394 1062 2443 quod
1086 2393 1288 2442 fortissimi
1313 2394 1367 2430 vi·
1393 2390 1394 2399 ¹

290 2453 425 2490 dentur
452 2463 531 2488 esse
549 2450 653 2499 apud
679 2460 772 2497 quos
799 2448 921 2485 timidi
935 2453 1023 2486 sunt
1041 2447 1268 2493 inhonorati,
1285 2447 1369 2495 for-

291 2512 343 2543 tes
370 2511 496 2543 autem
524 2503 722 2547 honorati,·
751 2509 795 2545 et
821 2501 970 2539 Tullius
999 2501 1104 2548 dicit,
1131 2501 1169 2538 in
1197 2501 1294 2538 libro
1323 2501 1369 2538 de

296 2561 331 2597 T
328 2559 496 2597 asculan.
532 2558 681 2600 Quaest.
701 2555 732 2602 ²¹²,
755 2555 860 2604 quod
889 2557 1013 2592 honor
1036 2556 1102 2593 alit
1121 2561 1233 2592 artes.
1263 2555 1367 2603 Ergo

292 2613 450 2651 ambitio
480 2624 558 2649 non
588 2618 643 2648 est
671 2618 887 2660 peccatum.

346 2667 421 2704 San
449 2677 595 2703 CONTRA
625 2675 691 2701 EST
719 2663 825 2712 quod
855 2662 992 2700 dicitur
1021 2664 1033 2699 I
1063 2663 1116 2700 ad
1146 2663 1234 2700 Cor.
1255 2661 1367 2709 x111*,

292 2721 397 2770 quod
427 2720 567 2757 caritas
587 2730 661 2755 non
682 2723 737 2754 est
762 2717 974 2762 ambitiosa,
996 2728 1071 2753 non
1097 2716 1246 2765 quaerit
1272 2727 1370 2764 quae

290 2787 360 2812 sua
387 2780 483 2812 sunt.
521 2772 626 2810 Nihil
655 2779 720 2808 aut
749 2778 935 2820 repugnat
963 2769 1106 2807 caritati
1136 2770 1206 2807 nisi
1235 2782 1370 2819 pecca-

291 2837 385 2865 tum.
417 2828 519 2876 Ergo
549 2825 708 2864 ambitio
739 2832 795 2861 est
823 2832 1037 2873 peccatum.

347 2883 574 2918 Respoumzo
613 2890 799 2917 mCENDUM
838 2878 965 2926 quod,
1002 2877 1097 2914 sicut
1134 2877 1284 2926 supra*
1317 2877 1371 2914 di-

293 2944 396 2972 ctum
427 2943 494 2982 est,
525 2935 651 2971 honor
680 2932 860 2981 importat
889 2931 1083 2981 quandam
1114 2931 1370 2968 reverentiam

293 2988 403 3026 alicui
424 2987 630 3026 exhibitam
657 2986 694 3023 in
718 2985 981 3022 testimonium
1003 2984 1246 3022 excellentiae
1276 2984 1369 3021 eius.

295 3043 405 3080 Circa
426 3040 687 3079 excellentiam
708 3047 836 3076 autem
858 3039 1022 3076 hominis
1047 3040 1125 3075 duo
1147 3046 1235 3075 sunt
1254 3046 1373 3075 atten-

295 3097 433 3134 denda.
466 3095 596 3133 Primo
627 3093 796 3143 quidem,
818 3092 924 3141 quod
954 3092 991 3129 id
1021 3091 1236 3129 secundum
1266 3092 1371 3141 quod

294 3151 414 3187 homo
445 3148 601 3195 excellit.
624 3159 703 3185 non
725 3147 841 3183 habet
870 3147 990 3183 homo
1015 3158 1038 3182 a
1067 3145 1207 3195 seipso,
1228 3145 1296 3183 sed
1316 3153 1373 3182 est

295 3203 403 3251 quasi
433 3202 617 3252 quiddam
653 3200 828 3239 divinum
858 3200 895 3237 in
927 3212 985 3237 eo.
1017 3199 1066 3236 Et
1103 3199 1192 3237 ideo
1222 3210 1269 3236 ex
1296 3199 1372 3236 hoc
1397 3205 1399 3220 2

296 3269 373 3293 non
403 3256 563 3293 debetur
590 3254 848 3304 principaliter
876 3253 947 3290 sibi
976 3253 1113 3299 honor,
1135 3253 1202 3290 sed
1232 3253 1330 3290 Deo.
1347 3274 1371 3281 -

298 3310 476 3346 Secundo
498 3308 818 3346 considerandum
840 3315 894 3344 est
915 3307 1019 3356 quod
1040 3306 1078 3344 id
1099 3306 1136 3343 in
1152 3319 1230 3355 quo
1250 3307 1371 3344 homo

298 3363 456 3408 excellit,
480 3363 589 3400 datur
608 3361 756 3398 homini
781 3374 803 3398 a
824 3361 909 3398 Deo
931 3368 972 3397 ut
992 3372 1037 3397 ex
1059 3373 1106 3397 eo
1137 3360 1219 3397 aliis
1238 3360 1371 3410 prosit.
1397 3368 1399 3410 f

297 3416 408 3454 Unde
429 3415 615 3452 intantum
637 3415 751 3452 debet
771 3413 917 3452 homini
939 3414 1088 3463 plaeere
1109 3413 1371 3451 testimonium
1397 3415 1399 3453 ζ

299 3481 389 3506 suae
419 3468 661 3505 excellentiae
682 3468 787 3516 quod
809 3468 856 3504 ab
877 3467 958 3505 aliis
981 3467 1192 3514 exhibetur,
1213 3467 1372 3516 inquan-

352 3614 379 3645 α)
399 3619 474 3646 ergo.
487 3625 506 3631 —
524 3615 613 3637 autem
635 3610 681 3635 Pa.

352 3647 378 3681 β)
397 3648 479 3681 cupit.
492 3662 511 3667 -
528 3647 602 3680 capit
621 3647 694 3676 ΑΒΕ,
713 3650 794 3679 caput
814 3647 862 3678 ρΚ.

1389 1435 1391 1475 ξ
1418 1432 1576 1484 τοττι-εκ
1605 1426 1680 1462 hoc
1709 1433 1864 1474 paratur
1903 1425 1974 1463 sibi
2003 1426 2067 1463 via
2095 1426 2143 1464 ad
2173 1427 2248 1464 hoc
2277 1427 2383 1476 quod
2419 1427 2498 1466 aliis

1418 1487 1548 1528 prosu.

1473 1532 1690 1581 Tripliciter
1719 1545 1809 1581 ergo
1831 1538 1848 1553 ⁴²
1877 1533 2089 1582 appetitum
2119 1534 2277 1572 honoris
2316 1535 2500 1584 contingit

1390 1598 1392 1635 't
1420 1599 1503 1624 esse
1533 1587 1806 1624 inordinatum.
1837 1586 1924 1624 Uno
1951 1587 2085 1635 modo,
2106 1600 2176 1637 per
2194 1589 2271 1626 hoc
2298 1589 2405 1638 quod
2434 1589 2499 1627 ali-

1420 1640 1505 1689 quis
1525 1641 1670 1690 appetit
1689 1640 1951 1678 testimonium
1974 1641 2020 1678 de
2042 1642 2263 1680 excellentia
2279 1654 2398 1690 quam
2419 1655 2499 1681 non

1420 1695 1556 1731 habet:
1591 1695 1696 1743 quod
1726 1702 1781 1732 est
1814 1703 1995 1744 appetere
2023 1695 2214 1733 honorem
2243 1708 2358 1746 supra
2387 1709 2498 1735 suam

1391 1780 1393 1806 ι
1420 1748 1726 1797 proportionem.
1761 1748 1848 1786 Alio
1878 1749 2011 1795 modo,
2039 1761 2110 1798 per
2136 1750 2213 1787 hoc
2241 1751 2347 1799 quod
2374 1751 2499 1788 hono-

1421 1814 1503 1839 rem
1533 1801 1603 1839 sibi
1633 1802 1736 1850 cupit
1755 1800 1770 1831 β
1799 1814 1876 1839 non
1908 1803 2109 1840 referendo
2134 1803 2171 1840 in
2191 1805 2333 1841 Deum.
2365 1805 2498 1842 Tertio

1391 1865 1393 1886 l
1421 1856 1554 1901 modo,
1584 1867 1654 1904 per
1682 1856 1757 1892 hoc
1786 1856 1892 1904 quod
1921 1856 2111 1905 appetitus
2141 1857 2222 1894 eius
2251 1857 2289 1895 in
2319 1858 2402 1907 ipso
2430 1859 2500 1896 ho-

1421 1921 1516 1946 nore
1536 1908 1706 1957 quiescit,
1729 1921 1807 1945 non
1828 1909 1995 1947 referens
2014 1910 2206 1948 honorem
2232 1911 2281 1948 ad
2301 1911 2499 1950 utilitatem

1421 1962 1598 2000 aliorum.
1615 1961 1788 1999 Ambitio
1803 1970 1933 1999 autem
1953 1962 2135 2012 importat
2153 1963 2413 2003 inordinatum
2434 1978 2500 2016 ap-

1420 2016 1582 2066 petitum
1610 2015 1780 2053 honoris.
1810 2016 1922 2054 Unde
1942 2017 2187 2055 manifestum
2209 2025 2266 2055 est
2284 2020 2389 2067 quod
2419 2031 2502 2057 am·

1421 2070 1513 2108 bitio
1543 2082 1698 2120 semper
1727 2077 1783 2107 est
1811 2078 2027 2120 peccatum.

1475 2126 1535 2162 An
1555 2136 1694 2162 ramum
1715 2135 1815 2161 ERGO
1845 2136 2031 2163 mcENDUM
2063 2125 2168 2174 quod
2189 2125 2381 2176 appetitus
2410 2126 2501 2164 boni

1423 2178 1536 2216 debet
1565 2177 1726 2227 regulari
1755 2178 1970 2216 secundum
2010 2178 2217 2216 rationem:
2248 2179 2356 2217 cuius
2394 2192 2502 2229 regu-

1421 2233 1497 2270 lam
1528 2231 1559 2269 si
1587 2232 1850 2280 transcendat,
1882 2232 1951 2270 erit
1978 2232 2151 2270 vitiosus.
2192 2233 2241 2270 Et
2271 2234 2347 2271 hoc
2381 2234 2501 2273 modo

1393 2323 1394 2334 ¹
1421 2285 1604 2323 vitiosum
1633 2293 1690 2323 est
1718 2285 1824 2334 quod
1853 2286 1987 2335 aliquis
2016 2287 2206 2324 honorem
2238 2295 2393 2337 appetat
2421 2300 2500 2326 non

1393 2341 1395 2383 ᾗ
1423 2340 1637 2377 secundum
1667 2339 1844 2377 ordinem
1872 2339 2039 2377 rationis.
2069 2340 2343 2389 vituperantur
2371 2350 2500 2380 autem

1422 2393 1486 2443 qui
1515 2406 1594 2431 non
1614 2401 1748 2430 curant
1768 2393 1815 2431 de
1834 2394 1983 2430 honore
2005 2393 2220 2431 secundum
2240 2395 2345 2444 quod
2371 2395 2466 2433 ratio
2485 2401 2502 2424 Υ

1423 2447 1559 2495 dictat,
1589 2455 1630 2484 ut
1657 2447 1799 2484 scilicet
1825 2447 1946 2484 vitent
1980 2459 2026 2485 ea
2055 2459 2156 2496 quae
2189 2455 2278 2485 sunt
2314 2449 2502 2487 contraria

1422 2501 1573 2538 honori.
1970 2536 1971 2539 ,

1477 2557 1536 2592 Αι)
1570 2565 1762 2592 SECUNDUM
1797 2566 1984 2592 melerinum
2021 2554 2128 2603 quod
2165 2555 2293 2592 honor
2329 2567 2410 2594 non
2447 2563 2504 2594 est

1423 2608 1640 2658 praemium
1678 2607 1827 2645 virtutis
1859 2608 1988 2658 quoad
2027 2607 2153 2657 ipsum
2191 2607 2428 2656 virtuosum,
2462 2617 2504 2648 ut

1424 2662 1566 2699 scilicet
1600 2662 1676 2698 hoc
1703 2673 1774 2711 pro
1810 2661 1984 2710 praemio
2023 2669 2201 2711 expetere
2238 2662 2394 2700 debeat:
2434 2663 2504 2702 sed

1423 2729 1494 2765 pro
1524 2715 1698 2765 praemio
1727 2714 1867 2765 expetit
1895 2715 2182 2762 beatitudinem,
2205 2728 2304 2765 quae
2334 2724 2390 2754 est
2417 2717 2505 2755 finis

1423 2769 1583 2807 virtutis.
1614 2768 1763 2806 Dicitur
1783 2777 1911 2806 autem
1934 2782 2016 2807 esse
2036 2769 2254 2819 praemium
2284 2770 2433 2822 virtutis
2457 2783 2503 2809 ex

1425 2831 1530 2873 parte
1551 2823 1728 2870 aliorum,
1746 2822 1810 2872 qui
1831 2835 1909 2860 non
1930 2823 2074 2860 habent
2093 2823 2236 2872 aliquid
2257 2824 2381 2862 maius
2397 2826 2500 2873 quod

1426 2931 1508 2981 ipso
1539 2930 1841 2979 magnitudinem
1871 2930 1988 2968 habet
2006 2930 2112 2980 quod
2142 2931 2317 2981 perhibet
2336 2931 2504 2969 testimo-

1426 2985 1532 3022 nium
1561 2984 1701 3022 virtuti.
1732 2984 1845 3022 Unde
1865 2992 1968 3033 patet
1996 2984 2103 3033 quod
2132 2997 2208 3022 non
2233 2991 2288 3022 est
2312 2986 2505 3034 sufficiens

1420 3038 1652 3088 praemium,
1683 3045 1724 3075 ut
1755 3037 1890 3075 dicitur
1917 3037 1955 3075 in
1986 3038 2037 3075 IV
2064 3038 2184 3076 Ethic.
2205 3037 2226 3060 ¹⁸²

1479 3094 1537 3129 AD
1565 3103 1727 3129 TERTIUM
1749 3103 1935 3129 mcENDUM
1956 3091 2062 3141 quod
2083 3091 2178 3129 sicut
2194 3103 2265 3141 per
2289 3092 2502 3141 appetitum

1426 3145 1606 3193 honoris,
1637 3145 1793 3194 quando
1830 3144 1959 3182 debito
1997 3144 2116 3183 modo
2146 3144 2354 3194 appetitur,
2385 3145 2502 3194 aliqui

1425 3206 1688 3249 provocantur
1724 3198 1773 3236 ad
1811 3198 1960 3235 bonum
1989 3206 2026 3235 et
2062 3206 2293 3236 revocantur
2325 3211 2347 3236 a
2376 3199 2502 3244 malo;

1427 3253 1477 3290 ita
1512 3252 1648 3299 etiam,
1688 3251 1718 3289 si
1752 3251 1964 3289 inordinate
2000 3259 2217 3301 appetatur,
2256 3260 2381 3301 potest
2419 3265 2503 3291 esse

1398 3338 1399 3354 2
1426 3306 1574 3344 homini
1593 3305 1746 3342 occasio
1766 3305 1885 3342 multa
1913 3305 2014 3341 mala
2043 3304 2218 3352 faciendi,
2241 3305 2333 3343 dum
2364 3306 2504 3344 scilicet

1428 3372 1506 3398 non
1528 3358 1541 3381 ὅ
1578 3367 1685 3396 curat
1721 3358 2051 3407 qualitercumque
2087 3359 2277 3396 honorem
2318 3360 2502 3410 consequi

1426 3412 1557 3462 possit.
1578 3412 1692 3450 Unde
1713 3411 1910 3448 Sallustius
1932 3411 2031 3459 dicit,
2049 3411 2086 3448 in
2107 3412 2328 3450 Catilinario
2343 3413 2374 3461 ¹⁸⁸,
2396 3413 2503 3462 quod

1425 3466 1605 3516 gloriam,
1625 3466 1808 3502 honorem
1838 3470 1875 3501 et
1901 3465 2101 3513 imperium
2131 3466 2250 3503 bonus
2278 3472 2315 3504 et
2340 3467 2504 3518 ignavus

1482 3610 1508 3643 γ)
1528 3610 1610 3636 ratio.
1620 3623 1638 3629 -
1651 3617 1703 3634 non
1715 3610 1907 3642 DFpABEKoe
1920 3610 1971 3635 Pro
1981 3610 2074 3640 vitent,
2085 3611 2167 3636 etiam
2177 3611 2263 3636 vitent
2273 3611 2307 3641 la,
2318 3618 2371 3636 non
2383 3611 2468 3636 vitent
2474 3610 2502 3635 P·

1481 3644 1506 3678 δ)
1527 3653 1589 3671 non.
1601 3659 1619 3664 -
1637 3645 1735 3678 aliquis
1754 3653 1806 3671 non
1828 3645 1874 3676 Pa,
1894 3646 1973 3671 homo
1994 3654 2045 3671 non
2066 3647 2099 3672 Η.

1424 2877 1594 2915 virtuoso
1616 2876 1823 2914 retribuant
1851 2889 1970 2927 quam
1999 2877 2190 2915 honorem
2211 2877 2243 2924 ¹¹²,
2273 2877 2338 2927 qui
2363 2890 2408 2915 ex
2428 2878 2505 2916 hoc
2532 2887 2542 2896 ⁴
2577 2901 2584 2908 ·

2552 3425 2622 3476 ἓξὲξ..
2646 3432 2670 3448 ιι
2694 3427 2744 3453 (Ed.

2530 3451 2551 3474 Τ
2615 3454 2646 3478 α’)
