2768 4198
283 323 358 360 310

964 317 1230 366 QUAESTIO
1261 316 1415 362 CLXII,
1446 314 1742 352 ARTICULUS
1774 315 1787 350 l

443 537 855 619 QUAESTIO
909 532 2316 589 CENTESIMASEXAGESIMASECUNDA

1074 653 1114 692 D
1140 653 1178 693 E
1232 651 1264 693 s
1288 651 1330 693 U
1353 652 1387 692 P
1412 652 1450 691 E
1473 651 1512 691 R
1536 651 1571 691 B
1595 651 1612 690 1
1637 651 1678 691 A

1109 770 1143 794 m

46 883 114 905 ’.εἰ
138 888 176 910 qm
198 887 259 908 mu,
369 881 475 907 ΕιΝῡΕ
511 866 832 905 considerandum
869 873 925 902 est
959 865 1006 902 de
1036 863 1263 924 superbiaff‘.
1299 861 1376 926 Et(

47 910 134 932 htwd
287 881 511 972 DprimO,
540 922 587 958 de
617 920 794 969 superbia
822 919 860 956 in
895 918 1114 963 communi·
1154 916 1346 963 secundo,
1374 931 1375 936 ¹

285 977 332 1013 de
360 985 517 1024 peccato
537 974 649 1024 primi
677 973 856 1019 hominis,
878 972 982 1021 quod
1002 971 1155 1021 ponitur
1185 983 1266 1007 esse
1287 982 1348 1007 su·
1375 981 1376 1017 ξ

47 1033 212 1060 ‘Qum-xm.
1376 1031 1377 1036 ,

312 1028 452 1066 erbia*

283 1042 463 1119 {Eitea
423 1075 590 1130 primum
620 1087 852 1129 quaeruntur
880 1087 979 1116 octo.
1376 1072 1378 1110 ἶ

337 1135 488 1172 Primo:
518 1142 647 1171 utrum
675 1133 860 1193 superbia·
881 1132 927 1169 sit
954 1139 1166 1181 peccatum.
1377 1134 1379 1173 'l

338 1188 537 1225 Secundo:
567 1195 695 1225 utrum
725 1186 771 1224 sit
797 1186 931 1223 vitium
961 1185 1136 1234 speciale.
1378 1178 1379 1212 l

1173 769 1272 794 OCTO
1301 768 1504 794 ARTICULOS
1532 767 1650 792 DIVISA

1456 862 1609 899 Tertio:
1640 862 1679 899 in
1708 874 1785 910 quo
1815 862 1862 899 sit
1889 862 1984 899 sicut
2012 863 2050 900 in
2078 864 2262 902 subiecto.

1458 916 1627 962 Quarto:
1658 915 1706 952 de
1735 915 1934 964 speciebus
1964 915 2054 953 eius.

1460 969 1626 1016 Quinto:
1656 976 1784 1006 utrum
1813 968 1858 1005 sit
1885 977 2087 1017 peccatum
2116 972 2288 1009 mortale.

1460 1023 1595 1060 Sexto:
1625 1029 1754 1059 utrum
1792 1022 1846 1059 sit.
1871 1022 2139 1070 gravissimum
2173 1025 2348 1062 omnium
2384 1038 2474 1075 pec—

1514 1083 1699 1113 catorum.

1461 1129 1655 1178 Septimo:
1687 1129 1734 1166 de
1763 1128 1896 1166 ordine
1925 1129 2006 1166 eius
2035 1129 2084 1167 ad
2113 1129 2185 1167 alia
2213 1138 2380 1180 peccata.

1461 1183 1633 1220 Octavo:
1663 1191 1791 1220 utrum
1816 1182 1954 1220 debeat
1972 1183 2066 1231 poni
2093 1183 2228 1221 vitium
2249 1184 2420 1233 capitale.

1100 1312 1419 1355 ARTICULUS
1452 1311 1659 1354 PRIMUS

1009 1407 1166 1438 UTRUM
1191 1396 1398 1437 SUPERBIA
1421 1405 1487 1436 sn·
1511 1404 1751 1436 PECCATUM

1077 1486 1097 1510 ll
1118 1485 1201 1514 Sent.,
1222 1484 1279 1510 dist.
1291 1488 1360 1515 inu,
1380 1492 1425 1517 qu.
1445 1492 1472 1515 11,
1484 1490 1539 1527 *arn
1560 1484 1583 1514 3.
1603 1485 1634 1509 ad
1658 1493 1678 1510 1.

340 1599 365 1627 2*
405 1601 449 1628 »¹5
498 1589 520 1614 D
549 1588 687 1613 PRIMUM
714 1587 767 1613 sm
797 1586 1038 1612 PROCEDrrUR.
1067 1573 1228 1611 Videtur
1248 1573 1353 1622 quod

472 1680 489 1714 f
501 1683 601 1720 enirn
617 1690 818 1731 peccatum
841 1689 896 1718 est
912 1681 1185 1729 repromissum
1202 1693 1223 1716 a
1243 1681 1351 1717 Deo.

394 1727 682 1785 &promittit
703 1735 803 1772 enim
823 1736 929 1772 Deus
958 1736 1061 1793 quod
1082 1733 1162 1782 ipse
1187 1733 1353 1770 facturus

288 1799 363 1836 est;
393 1802 472 1827 non
492 1797 547 1826 est
566 1797 694 1825 autem
724 1796 856 1825 auctor
883 1787 1039 1846 peccati.
1072 1787 1147 1823 Sed
1175 1786 1353 1835 superbia

288 1851 584 1881 connumeratur
620 1842 716 1878 inter
752 1840 1069 1889 repromissiones
1099 1839 1269 1877 divinas:
1300 1839 1354 1876 di-

287 1897 380 1934 citur
408 1896 511 1932 enirn
542 1895 658 1932 Isaiae
687 1906 734 1930 Lx
761 1894 801 1930 *z
834 1895 981 1930 Ponam
1011 1899 1045 1929 te
1073 1893 1109 1929 in
1138 1893 1353 1941 superbiam
1380 1915 1381 1943 l

284 1949 539 1994 saeculorum,
567 1948 752 1998 gaudium
783 1947 819 1984 in
848 1946 1094 1997 generatione
1127 1951 1163 1982 et
1192 1957 1353 1995 genera-

285 2004 435 2040 tionem.
466 2003 567 2049 Ergo
598 2000 775 2049 superbia
801 2013 879 2037 non
909 2008 964 2036 est
991 2007 1205 2048 peccatum.

340 2069 375 2093 2.
405 2057 638 2101 PRAETEREA,
660 2061 839 2103 appetere
865 2053 1035 2090 divinam
1066 2051 1353 2089 similitudinem
1380 2063 1381 2101 ᾗ

286 2122 363 2147 non
393 2116 449 2146 est
476 2116 696 2157 peccatum:
727 2108 801 2144 hoc
831 2107 932 2143 enim
964 2106 1183 2143 naturaliter
1212 2105 1354 2155 appetit

286 2163 475 2212 quaelibet
504 2169 684 2207 creatura,
708 2168 743 2197 et
771 2160 809 2197 in
837 2161 911 2197 hoc
937 2159 1125 2208 optimum
1155 2159 1234 2196 eius
1265 2171 1354 2196 con·
1380 2158 1382 2208 ζ

286 2216 389 2253 sistit.
420 2216 468 2252 Et
496 2214 699 2265 praecipue
732 2215 807 2251 hoc
837 2213 1016 2251 convenit
1050 2213 1222 2250 rationali
1251 2225 1354 2249 crea·
1380 2211 1381 2219 ¹

286 2278 403 2316 turae,
421 2281 520 2318 quae
541 2268 637 2305 facta
653 2276 708 2304 est
727 2268 778 2305 ad
796 2267 1003 2317 imaginem
1023 2273 1058 2304 et
1074 2266 1353 2305 similitudinem

47 2328 115 2383 ξὸῐθζ
123 2333 194 2356 εει[Ἰ
200 2333 259 2350 ⁶¹⁸·
287 2324 360 2361 Dei
372 2323 403 2360 *.
426 2322 502 2359 Sed
523 2322 617 2358 sicut
637 2321 798 2358 dicitur
790 2333 828 2357 1n
849 2321 945 2358 libro
962 2321 1239 2358 Sententiarum
1260 2321 1353 2357 Pro-

48 2361 216 2408 Seni-cmm
201 2385 259 2412 val·
287 2376 387 2426 speri
405 2375 436 2422 ³¹⁶,
467 2375 644 2424 superbia
673 2383 729 2412 est
757 2386 869 2411 amor
891 2374 1073 2424 propriae
1094 2373 1353 2434 excellentiae,

48 2418 131 2435 πω
286 2443 355 2480 per
383 2441 498 2478 quam
536 2429 655 2465 homo
684 2429 770 2465 Deo
809 2427 1010 2475 similatur,
1039 2427 1104 2477 qui
1142 2435 1197 2464 est
1235 2427 1355 2463 excel-

286 2483 533 2521 lentissimus:
555 2481 656 2518 unde
673 2481 760 2519 dicit
774 2481 1040 2529 Augustinus,
1033 2494 1071 2518 in
1087 2482 1118 2517 II
1136 2481 1303 2529 Consess.
1315 2479 1353 2517 *ε

287 2536 469 2585 Superbia
498 2535 750 2572 celsitudinem
779 2535 968 2572 imitatur:
997 2547 1083 2572 cum
1113 2540 1150 2571 tu
1179 2534 1229 2571 sis
1259 2545 1355 2570 unus

286 2602 399 2639 super
426 2589 554 2626 omnia
583 2590 687 2626 Deus
715 2589 895 2625 excelsus.
934 2589 1037 2636 Ergo
1067 2587 1247 2636 superbia
1276 2599 1354 2624 non

288 2651 343 2681 est
371 2650 583 2692 peccatum.

343 2698 376 2734 3.
398 2697 633 2741 anzrznm,
658 2702 861 2755 peccatum
891 2707 969 2732 non
998 2695 1123 2731 solum
1152 2692 1355 2731 contraria-

287 2758 346 2787 tur
364 2749 502 2796 virtuti,
523 2749 590 2786 sed
620 2749 733 2786 etiam
755 2748 932 2797 opposito
952 2748 1067 2785 vitio:
1098 2755 1139 2784 ut
1166 2755 1269 2797 patet
1288 2761 1356 2798 per

49 2803 575 2867 :qgay-ST1glgcl3hilosophum,
605 2802 643 2839 in
674 2803 704 2838 ΙΙ
733 2802 853 2839 Ethic.
873 2801 894 2823 ‘¹‘
932 2801 1008 2839 Sed
1043 2802 1188 2838 nullum
1220 2801 1355 2839 vitium

46 1909 56 1919 ⁸
70 1909 135 1930 Vers.
151 1913 178 1935 ¹5-

49 2497 58 2507 ⁸
72 2496 128 2524 cap.
144 2501 174 2517 v1.

1382 2863 1383 2868 ’
1410 2856 1455 2892 de
1488 2855 1567 2892 Civ.
1597 2855 1673 2891 Dei
1693 2853 1713 2876 ’¹‘

288 2864 478 2894 invenitur
497 2856 717 2904 oppositum
745 2868 827 2892 esse
848 2855 1062 2904 superbiae.
1094 2856 1196 2903 Ergo
1226 2867 1355 2904 super-

289 2910 351 2947 bia
379 2922 458 2946 non
486 2917 542 2946 est
569 2916 781 2958 peccatum.

343 2963 417 3000 SED
444 2974 591 3000 CONTRA
618 2974 684 2999 EST
712 2962 817 3011 quod
848 2962 982 2999 dicitur
1005 2961 1145 2998 Tobiae
1165 2973 1200 2998 iv
1218 2961 1257 2998 *ε
1287 2963 1355 2999 Su-

282 3017 457 3064 perbiam
486 3028 680 3064 nunquam
701 3016 737 3052 in
767 3021 829 3052 tuo
853 3027 963 3052 sensu
993 3020 1059 3052 aut
1086 3015 1123 3052 in
1148 3021 1211 3052 tuo
1241 3016 1354 3052 verbo

289 3069 480 3106 dominari
502 3069 708 3118 permittas.

344 3124 569 3159 RESPONDEO
590 3134 775 3160 DICENDUM
802 3121 909 3170 quod
929 3121 1108 3170 superbia
1136 3121 1356 3159 nominatur
1382 3122 1383 3146 ³

291 3187 335 3211 ex
354 3176 428 3212 hoc
456 3175 561 3223 quod
590 3175 721 3224 aliquis
743 3187 812 3224 per
838 3175 1075 3211 voluntatem
1094 3174 1213 3212 tendit
1239 3187 1355 3223 supra
1382 3198 1383 3224 ἢ

291 3227 329 3264 id
358 3228 462 3276 quod
493 3236 568 3265 est:
597 3228 699 3265 unde
737 3228 826 3265 dicit
855 3227 1043 3275 Isidorus,
1070 3227 1108 3264 in
1138 3227 1233 3265 libro
1262 3229 1355 3277 Ety-

55 3293 129 3315 mh
140 3293 265 3321 x,ad1itt
292 3281 379 3317 mol.
399 3280 436 3317 *.
466 3282 654 3341 Superbus
673 3282 791 3318 dictus
810 3286 863 3318 est
890 3281 978 3329 quia
996 3292 1109 3329 super
1135 3281 1215 3319 vult
1237 3282 1358 3319 videri

294 3344 406 3381 quam
434 3340 506 3371 est:
535 3336 598 3382 qui
617 3335 716 3371 enim
736 3335 815 3371 vult
841 3334 1066 3384 supergredi
1083 3335 1184 3383 quod
1210 3340 1273 3382 est,
1293 3347 1354 3372 su-

288 3387 428 3434 perbus
455 3393 517 3423 est.
548 3388 674 3424 Habet
701 3395 829 3425 autern
857 3389 932 3425 hoc
961 3387 1055 3424 ratio
1086 3395 1198 3435 recta,
1219 3396 1260 3425 ut
1286 3401 1356 3426 vo—

295 3438 417 3475 luntas
445 3439 740 3488 uniuscuiusque
770 3441 934 3478 feratur
928 3453 965 3478 in
994 3441 1031 3478 id
1061 3442 1165 3489 quod
1186 3449 1242 3478 est
1269 3454 1356 3490 pro·

294 3491 552 3541 portionatum
582 3492 661 3529 sibi.
693 3494 740 3530 Et
768 3494 855 3531 ideo
885 3494 1129 3531 manifestum
1159 3502 1214 3532 est
1251 3495 1355 3543 quod

51 2971 62 2982 ⁸
75 2970 141 2992 Vero.
157 2977 188 2997 ¹4·

53 3319 79 3342 S.

324 1610 335 1622 s
1380 1582 1382 1621 ξ
1409 1573 1587 1622 superbia
1607 1573 1787 1622 importat
1807 1561 1948 1623 aliquid
1973 1575 2078 1624 quod
2098 1575 2322 1613 adversatur
2341 1576 2478 1615 rationi

314 1622 419 1745 Ii:
500 1629 678 1689 superbia
721 1641 799 1666 non
846 1628 891 1665 sit
936 1635 1148 1677 peccatum.
1193 1627 1351 1663 Nullum
1381 1654 1382 1661 ,

1409 1634 1544 1663 rectae.
1576 1627 1665 1664 Hoc
1691 1635 1819 1664 autem
1852 1628 1940 1665 facit
1967 1628 2153 1666 rationem
2190 1630 2357 1678 peccati:
2388 1630 2478 1679 quia

1380 1682 1382 1702 s
1409 1681 1622 1717 secundum
1652 1680 1899 1729 Dionysium,
1930 1693 1966 1718 1v
1995 1694 2077 1731 cap.
2109 1682 2154 1719 de
2182 1683 2270 1720 Diu.
2299 1684 2418 1721 Nom.
2439 1683 2476 1732 ²⁸,

1407 1734 1550 1770 malum
1579 1733 1729 1771 animae
1759 1742 1814 1771 est
1837 1740 1992 1783 praeter
2020 1736 2205 1772 rationem
2233 1748 2322 1773 esse.
2361 1735 2476 1775 Unde

1408 1786 1653 1823 manifestum
1685 1795 1740 1823 est
1769 1787 1875 1835 quod
1903 1788 2083 1837 superbia
2111 1796 2168 1826 est
2194 1797 2408 1838 peccatum.

1462 1842 1520 1877 AD
1555 1851 1693 1877 Palmum
1726 1852 1824 1877 ERGO
1853 1852 2039 1878 montinum
2069 1842 2174 1890 quod
2200 1843 2379 1892 superbia
2408 1844 2476 1881 du-

1408 1892 1553 1941 pliciter
1581 1893 1699 1941 accipi
1719 1901 1854 1942 potest.
1885 1894 1972 1931 Uno
1996 1894 2128 1942 modo,
2150 1907 2195 1932 ex
2224 1907 2270 1932 eo
2291 1896 2397 1945 quod
2416 1909 2478 1934 su-

1380 1972 1381 1977 ,
1407 1946 1644 1994 pergreditur
1673 1951 1690 1967 ‘²
1725 1947 1895 1993 regulam
1933 1946 2099 1984 rationis.
2138 1949 2188 1985 Et
2224 1948 2278 1985 sic
2316 1949 2478 1988 dicimus

1380 2002 1381 2051 J
1409 2011 1494 2036 earn
1525 2011 1608 2036 esse
1636 2007 1850 2047 peccatum.
1872 2021 1896 2028 —
1924 1999 2010 2036 Alio
2040 2000 2160 2037 modo
2192 2009 2320 2050 potest
2347 2014 2479 2051 super-

1409 2052 1471 2089 bia
1498 2052 1688 2090 nominari
1719 2052 1938 2102 simpliciter
1966 2065 1988 2090 a
2021 2066 2308 2102 superexcessu.
2344 2056 2394 2092 Et
2421 2067 2479 2093 se-

1380 2125 1381 2154 1
1409 2106 1578 2143 cundum
1606 2107 1693 2153 hoc,
1715 2118 1831 2143 omne
1861 2107 2166 2155 superexcedens
2200 2115 2327 2157 potest
2354 2109 2480 2147 nomi-

1409 2159 1488 2197 nari
1518 2159 1706 2208 superbia.
1738 2160 1787 2197 Et
1814 2160 1863 2197 ita
1892 2160 2163 2210 repromittitur
2191 2174 2214 2198 a
2241 2162 2328 2199 Deo
2347 2174 2478 2212 super-

1409 2213 1483 2260 bia,
1505 2213 1613 2262 quasi
1633 2213 1790 2262 quidam
1810 2226 2104 2262 superexcessus
2130 2215 2337 2253 bonorum.
2366 2215 2479 2254 Unde

1410 2275 1445 2303 et
1469 2267 1595 2315 glossa
1615 2266 1843 2315 Hieronymi
1861 2266 1882 2288 *
1911 2267 2009 2314 dicit,
2031 2268 2186 2315 ibidem,
2208 2269 2313 2318 quod
2342 2277 2399 2307 est
2417 2281 2479 2307 su-

1409 2319 1540 2369 perbia
1561 2321 1676 2366 bona,
1694 2328 1730 2357 et
1747 2320 1860 2357 mala.
1876 2342 1900 2348 -
1921 2320 2111 2367 Quamvis
2132 2321 2246 2359 etiam
2267 2322 2340 2360 dici
2359 2322 2481 2372 possit

1409 2373 1514 2422 quod
1535 2373 1714 2422 superbia
1733 2373 1783 2410 ibi
1802 2373 1985 2422 accipitur
2004 2374 2246 2412 materialiter
2263 2387 2334 2424 pro
2360 2376 2481 2415 abun-

1411 2426 1537 2464 dantia
1548 2439 1675 2464 rerum
1691 2427 1739 2464 de
1755 2426 1894 2475 quibus
1909 2435 2070 2476 possunt
2079 2428 2256 2466 homines
2268 2429 2479 2477 superbire.

1462 2482 1521 2518 AD
1541 2491 1732 2518 SECUNDUM
1752 2492 1938 2518 Diei-:nuum
1959 2481 2064 2530 quod
2085 2493 2221 2519 eorum
2241 2494 2340 2530 quae
2369 2490 2477 2520 natu-

1410 2534 1536 2572 raliter
1562 2534 1683 2571 homo
1713 2533 1866 2583 appetit,
1888 2534 1982 2571 ratio
2012 2542 2068 2571 est
2096 2535 2322 2573 ordinatrix:
2353 2543 2390 2573 et
2417 2535 2479 2583 ita,

1409 2587 1440 2624 si
1460 2587 1594 2636 aliquis
1623 2599 1645 2624 a
1665 2587 1795 2635 regula
1823 2587 1976 2625 rationis
1996 2588 2148 2635 recedit,
2168 2589 2231 2626 vel
2256 2588 2294 2625 in
2314 2588 2398 2638 plus
2417 2589 2481 2627 vel

1409 2641 1447 2678 in
1477 2641 1616 2685 minus,
1638 2640 1707 2678 erit
1725 2640 1807 2677 talis
1836 2641 2024 2690 appetitus
2043 2641 2225 2688 vitiosus3
2256 2641 2351 2679 sicut
2377 2649 2482 2693 patet

1410 2695 1458 2732 de
1487 2694 1654 2744 appetitu
1683 2694 1767 2741 cibi,
1789 2694 1855 2743 qui
1884 2694 2101 2732 naturaliter
2129 2695 2376 2733 desideratur.
2408 2696 2479 2733 Su-

1410 2748 1541 2797 perbia
1570 2756 1698 2785 autem
1728 2747 1870 2797 appetit
1899 2748 2158 2786 excellentiam
2187 2748 2226 2786 in
2255 2760 2413 2786 excessu
2431 2749 2481 2787 ad

1410 2801 1596 2839 rationem
1627 2809 1788 2838 rectam:
1819 2801 1921 2839 unde
1949 2801 2184 2850 Augustinus
2213 2801 2312 2850 dicit,
2332 2801 2370 2839 in
2391 2802 2481 2839 XIV

1408 2908 1579 2946 situdinis
1606 2883 1799 2957 appetitus.
1830 2909 1879 2945 Et
1907 2908 1995 2945 inde
2019 2916 2074 2945 est
2102 2908 2216 2946 etiam
2243 2909 2360 2957 quod,
2385 2908 2481 2946 sicut

1382 2966 1383 3012 ᾖ
1410 2961 1645 3010 Augustinus
1665 2961 1763 3008 dicit,
1785 2962 1875 2998 XIX
1894 2962 1941 2999 de
1963 2962 2042 2999 Ciu.
2063 2961 2175 2999 Dei*
2178 2962 2377 3011 ,superbia
2389 2973 2478 3011 per-
2506 2968 2518 2980 ·

1382 3044 1383 3063 ἢ
1409 3027 1516 3052 verse
1553 3015 1721 3052 imitatur
1755 2991 1894 3052 ⁷Deum.
1937 3015 2021 3053 Odit
2048 3026 2212 3063 namque
2247 3026 2334 3052 cum
2368 3015 2478 3052 sociis

1382 3068 1383 3071 ’
1410 3069 1673 3118 aequalitatem
1692 3069 1761 3105 sub
1780 3068 1855 3115 illo,
1875 3069 1942 3106 sed
1968 3068 2161 3117 imponere
2179 3068 2259 3105 vult
2280 3068 2391 3106 sociis
2414 3069 2479 3106 do-

1411 3123 1656 3159 minationem
1683 3134 1793 3159 suam
1815 3133 1890 3170 pro
1919 3121 1994 3159 illo.

1464 3178 1523 3212 Ao
1560 3187 1720 3212 TERTmM
1758 3186 1944 3212 DICENDUM
1980 3174 2087 3223 quod
2121 3173 2300 3223 superbia
2338 3174 2479 3212 directe

1382 3240 1383 3243 ’
1411 3229 1619 3288 opponitur
1646 3228 1773 3266 virtuti
1802 3227 2031 3274 humilitatis,
2057 3239 2156 3277 quae
2185 3227 2478 3276 quodammodo

1382 3290 1383 3328 ξ
1412 3282 1510 3319 circa
1540 3283 1675 3319 eadem
1714 3277 2046 3340 magnanimitati!⁵
2075 3280 2218 3328 existit,
2247 3288 2289 3318 ut
2317 3294 2432 3331 supra
2458 3280 2479 3303 '⁸'

1412 3335 1555 3373 dictum
1586 3343 1651 3372 est.
1681 3335 1792 3372 Unde
1822 3342 1858 3371 et
1884 3333 2019 3371 vitium
2047 3335 2152 3382 quod
2182 3334 2389 3384 opponitur
2417 3347 2478 3372 su-

1411 3388 1566 3438 perbiae
1595 3388 1632 3426 in
1662 3387 1853 3425 defectum
1872 3399 2046 3435 vergens,
2067 3387 2329 3437 propinquum
2350 3395 2406 3425 est
2423 3387 2478 3425 vi-

1383 3456 1385 3492 ῥ
1410 3442 1462 3479 tio
1481 3446 1497 3470 Υ
1525 3440 1851 3491 pusillanimitatis,
1872 3452 1972 3488 quae
1993 3441 2199 3489 opponitur
2227 3440 2479 3490 magnanimi-

1384 3531 1385 3544 ἱ
1411 3494 1476 3532 tati
1505 3495 1716 3531 secundum
1746 3493 1950 3531 defectum.
1990 3494 2093 3531 Nam
2123 3494 2219 3532 sicut
2247 3494 2296 3532 ad
2324 3506 2479 3543 magna·

349 3604 376 3636 α)
396 3604 608 3637 supergreditur.
621 3618 640 3624 -
657 3607 877 3639 superegreditur
895 3609 924 3634 B.

350 3639 376 3672 ⁸3)
396 3639 621 3673 magnanimitati.
635 3653 652 3659 —
670 3648 728 3665 cum
751 3643 973 3674 magnanimitate
992 3645 1036 3669 Pa.

1464 3610 1490 3642 γ)
1511 3609 1584 3635 vitio.
1597 3622 1615 3628 —
1634 3609 1729 3634 vitium
1749 3608 1936 3641 BDEFpACK.

1721 2855 1866 2903 ‚quod
1895 2855 2072 2904 superbia
2100 2863 2156 2892 est
2178 2866 2383 2904 perversae
2409 2854 2481 2892 cel·
2506 2868 2517 2879 ·

2505 1685 2718 1709 ’sujectum

2505 3312 2601 3368 23:1²3.

2602 3448 2620 3476 Υ
