2768 4198
67 1757 76 1766 ·
91 1753 126 1774 Cf.
144 1758 206 1774 num.
222 1759 243 1774 x.

72 2504 80 2513 ⁸
96 2502 166 2524 Num.
183 2508 196 2523 1.

303 288 349 333 54

300 367 382 398 dinis
405 374 503 404 actus,
521 375 551 398 et
571 377 643 400 sion
660 367 699 397 ad
725 365 939 397 secundarios.
966 364 1105 395 Contra:
1127 381 1148 387 -
1162 364 1278 404 primo,
1295 363 1371 404 quia

300 412 478 443 secundum
491 422 576 448 eum,
589 411 717 447 ibidem,
732 410 920 441 nutritivum
933 416 963 439 et
979 408 1165 438 sensitivum
1178 414 1253 438 sunt
1269 414 1371 448 partes

300 456 487 497 potentiales
507 456 641 487 animae.
666 456 707 486 Et
730 462 836 486 tamen
852 459 974 484 constat
997 452 1086 492 quod
1102 462 1168 482 non
1186 451 1373 483 ordinantur
1399 474 1401 484 ι,

301 501 339 531 ad
364 501 577 537 secundarios,
602 500 657 530 sed
680 499 868 540 principales
893 504 980 527 actus
1004 496 1138 527 animae.

357 545 515 581 Secundo,
540 544 615 585 quia
639 543 815 574 secundum
840 551 924 577 eum,
949 540 1077 576 ibidem,
1096 539 1227 581 synesis,
1245 539 1373 571 eubulia

302 597 331 620 et
352 599 470 629 gnome
490 596 565 619 sunt
588 596 690 628 partes
707 586 895 627 potentiales
914 585 1111 625 prudentiae.
1136 584 1178 615 Et
1200 592 1306 615 tamen
1324 594 1374 614 or-
1401 586 1403 625 l

301 633 450 664 dinantur
466 634 504 663 ad
525 632 713 673 principales
729 639 816 662 actus
833 629 1028 680 prudentiae.
1054 647 1074 652 -
1098 629 1264 660 Probatur.
1290 628 1374 666 Quia
1400 665 1403 678 ί

300 678 373 708 licet
396 677 511 718 aliquis
527 684 624 712 actus,
650 683 727 716 puta
744 674 933 715 praecipere,
958 673 998 703 sit
1021 673 1242 713 principalior;
1267 679 1373 703 tamen
1401 684 1403 696 1

301 722 351 752 alii
370 729 444 752 sunt
460 721 554 752 etiam
571 719 768 761 principales.
794 718 882 749 Sicut
905 717 1077 758 intelligere
1102 724 1148 748 est
1171 716 1376 757 principalior
1402 727 1403 730 ¹

303 774 390 797 actus
409 766 549 796 animae:
574 772 604 795 et
623 771 728 795 tamen
745 762 860 793 sentire
876 769 907 792 et
922 769 1065 802 vegetare
1081 768 1156 792 sunt
1175 761 1271 792 etiam
1290 761 1375 801 prin-

304 811 431 850 cipales,
458 817 488 840 et
502 808 731 839 intellectivum
755 814 802 838 est
825 807 920 838 etiam
944 816 1016 846 pars
1039 805 1222 846 potentialis
1239 805 1374 835 animae.

358 854 478 885 Tertio.
509 854 616 883 Partes
646 851 834 892 potentiales
865 850 1052 891 prudentiae
1079 857 1154 881 sunt
1184 850 1266 881 circa
1288 856 1377 880 actus
1402 847 1404 859 ⁴

303 898 402 938 magis
425 897 613 938 principales
637 906 736 937 quam
759 903 863 936 partes
882 894 1070 936 prudentiae
1093 893 1377 934 integrales,vapud

302 942 417 982 ipsum,
434 942 564 972 ibidem.
589 942 674 982 Ergo
691 941 770 971 nihil
785 947 880 971 restat
905 950 960 981 per
977 939 1067 980 quod
1091 946 1195 979 partes
1218 938 1375 980 potentia·
1404 936 1405 957 ³

302 987 346 1016 les
370 986 605 1026 distinguantur
627 986 666 1016 ab
688 985 903 1026 integralibus.
928 1002 949 1007 -
973 983 1213 1025 Consequentia
1236 989 1332 1024 patet.
1356 1000 1378 1006 —

302 1031 342 1061 Et
365 1038 567 1071 assumptum
590 1031 754 1070 probatur.
783 1029 867 1067 Quia
891 1028 1035 1065 eubulia,
1061 1028 1182 1070 synesis
1206 1035 1236 1059 et
1259 1037 1378 1068 gnome

301 1082 375 1106 sunt
399 1075 479 1106 circa
502 1075 741 1116 principaliores
765 1081 854 1106 actus
878 1073 1065 1115 prudentiae
1088 1083 1187 1114 quam
1212 1072 1377 1109 memoria,

301 1119 494 1157 intellectus,
520 1119 700 1156 eustochia,
725 1119 871 1150 docilitas
900 1125 931 1149 et
954 1118 1050 1149 ratio:
1079 1117 1155 1159 quia
1186 1118 1263 1148 haec
1293 1117 1377 1148 ordi-

302 1171 418 1195 nantur
441 1165 481 1195 ad
504 1164 707 1205 prudentiam
731 1171 890 1205 quatenus
913 1162 1131 1203 cognoscitiva
1147 1169 1209 1199 est;
1233 1162 1286 1193 illa
1302 1171 1378 1192 vero
1405 1181 1407 1206 3

302 1209 420 1240 habent
436 1208 584 1249 perficere
609 1208 808 1249 cognitiones
831 1208 926 1249 ipsas,
951 1207 1068 1238 scilicet
1091 1207 1263 1238 consilium
1287 1213 1318 1238 et
1334 1206 1380 1238 iu·
1405 1207 1407 1223 l

302 1253 432 1284 dicium.

358 1298 390 1329 Si
424 1297 559 1335 dicatur,
584 1298 688 1339 inquit
711 1297 882 1333 Martinus,
907 1297 996 1338 quod
1025 1296 1171 1333 eubulia,
1197 1296 1317 1338 synesis
1348 1302 1379 1327 et

302 1352 421 1383 gnome
445 1350 520 1373 sunt
543 1350 646 1383 partes
662 1341 851 1383 potentiales
866 1348 1011 1382 respectu
1027 1341 1214 1382 prudentiae
1231 1341 1380 1382 propriis-
1407 1347 1408 1375 j

304 1387 383 1418 sime
408 1394 564 1428 acceptae,
582 1387 643 1418 hoc
668 1394 714 1418 est
737 1387 915 1418 secundum
931 1386 1022 1427 quod
1045 1392 1092 1416 est
1106 1386 1323 1426 praeceptiva:
1350 1392 1381 1417 et

304 1432 377 1462 ideo
403 1439 491 1463 actus
514 1442 624 1462 earum
649 1438 724 1462 sunt
747 1431 925 1462 secundarii
941 1431 980 1461 ad
1004 1437 1111 1462 actum
1135 1430 1338 1471 prudentiae:
1359 1449 1380 1453 -

305 1484 428 1513 contra,
454 1476 632 1517 dupliciter.
660 1476 783 1513 Primo,
808 1476 885 1517 quia
915 1475 1092 1506 secundum
1115 1475 1188 1512 hoc,
1206 1483 1310 1516 partes
1332 1475 1381 1506 in-

305 1521 437 1572 tegrales
460 1521 565 1552 adhuc
589 1527 693 1552 essent
716 1521 797 1551 circa
821 1527 908 1552 actus
931 1519 1032 1560 magis
1049 1520 1255 1551 secundarios
1279 1527 1310 1551 et
1332 1530 1380 1550 re-

305 1565 459 1597 motiores
475 1567 513 1596 ab
530 1572 602 1597 actu
615 1565 838 1607 praecipiendi.
855 1567 903 1596 Ac
915 1575 971 1605 per
983 1565 1055 1602 hoc,
1068 1571 1128 1596 stat
1144 1571 1380 1606 argumentum.

305 1628 326 1634 -
349 1610 508 1647 Secundo,
534 1610 609 1652 quia
633 1610 812 1641 secundum
834 1610 907 1646 hoc,
928 1609 1117 1640 nutritivum
1141 1617 1171 1640 et
1195 1609 1382 1641 sensitivum
1408 1596 1411 1642 l

306 1655 485 1686 dicerentur
512 1662 616 1696 partes
648 1654 836 1696 potentiales
870 1661 958 1685 actus
989 1654 1204 1694 intelligendi,
1229 1654 1305 1696 quia
1336 1661 1383 1685 est
1408 1654 1412 1698 Ι

307 1699 521 1741 principalior,
546 1707 576 1730 et
599 1699 643 1730 illi
667 1707 742 1730 sunt
765 1699 902 1730 ordinati
925 1698 965 1729 ad
988 1698 1107 1740 ipsum.

363 1745 401 1776 V.
427 1745 462 1775 In
486 1744 601 1775 eodem
624 1744 758 1775 articulo
783 1743 918 1774 dubium
938 1743 1090 1784 quintum
1105 1742 1122 1762 *
1145 1743 1282 1775 occurrit
1302 1743 1383 1774 circa

306 1789 426 1820 calcem
450 1789 592 1829 corporis
615 1788 757 1819 articuli:
788 1790 840 1819 An
864 1788 1042 1819 secundum
1064 1790 1239 1818 Auctorem
1263 1797 1384 1828 ponen-
1410 1785 1412 1822 ἶ

307 1834 365 1864 dae
389 1833 452 1864 sint
476 1833 557 1863 duae
581 1833 751 1873 patientiae
775 1840 806 1863 et
829 1833 912 1863 duae
934 1831 1202 1873 perseverantiae,
1227 1832 1271 1863 ita
1294 1833 1384 1874 quod

307 1888 371 1909 una
395 1877 434 1908 sit
458 1884 575 1908 arctata
590 1877 630 1907 ad
647 1877 812 1908 materiam
836 1876 1043 1914 fortitudinis,
1061 1883 1092 1907 et
1114 1876 1211 1907 altera
1228 1877 1268 1907 ad
1289 1886 1384 1917 quas·
1410 1875 1412 1932 i

307 1932 446 1973 cumque
470 1921 615 1952 materias
646 1920 802 1952 difficiles:
833 1931 873 1952 an
898 1931 962 1952 una
985 1928 1016 1952 et
1043 1921 1174 1956 eadem,
1200 1927 1236 1951 ut
1259 1921 1412 1972 respicit

307 1967 471 1998 materiam
495 1965 699 2003 fortitudinia,
716 1965 755 1997 sit
779 1976 850 2007 pars
873 1965 1033 2006 integralis
1057 1965 1135 2001 eius,
1153 1972 1183 1996 et
1207 1972 1243 1996 ut
1258 1965 1385 2007 respicit
1410 1972 1412 1996 1

306 2021 527 2053 quascumque
558 2011 704 2042 materias
738 2009 896 2047 difficiles,
921 2010 961 2041 sit
984 2020 1056 2051 pars
1089 2009 1157 2041 eius
1188 2010 1382 2050 potentialis.

307 2057 347 2088 Et
378 2063 424 2087 est
454 2056 534 2087 ratio
558 2055 646 2086 dubii
670 2055 746 2097 quia
768 2055 802 2086 in
834 2055 936 2086 littera
964 2054 1060 2092 istae,
1086 2062 1121 2086 ut
1144 2062 1248 2095 partes
1272 2062 1383 2096 poten-

307 2101 405 2137 tiales,
427 2107 593 2141 ponuntur
611 2100 744 2131 virtutes
767 2100 871 2140 specie
892 2099 1056 2131 distinctae
1080 2109 1098 2130 a
1122 2099 1324 2131 fortitudine:
1349 2110 1384 2131 ac
1411 2101 1412 2137 ζ

308 2156 363 2186 per
386 2146 458 2182 hoc,
483 2152 519 2176 ut
541 2145 718 2186 integrales,
745 2151 855 2175 contra
879 2145 953 2175 istas
973 2144 1147 2181 distinctae,
1169 2154 1235 2175 non
1253 2144 1384 2176 virtutes

308 2190 412 2231 specie
437 2189 601 2220 distinctae
625 2199 642 2220 a
666 2189 863 2220 fortitudine.
896 2190 937 2220 Et
959 2197 1194 2230 consequenter
1216 2190 1385 2230 ponendae
1411 2189 1413 2233 ξ

308 2242 383 2266 sunt
407 2235 489 2265 duae
512 2234 691 2275 patientiae.
716 2251 734 2257 -
759 2234 794 2264 In
819 2233 1009 2275 oppositum
1033 2241 1141 2265 autem
1165 2240 1212 2264 est
1235 2234 1312 2275 quia
1333 2244 1386 2275 pa—

308 2279 417 2311 tientia
439 2278 489 2309 vel
512 2279 753 2319 perseverantia,
778 2285 814 2309 ut
837 2277 963 2320 respicit
986 2288 1208 2320 quascumque
1232 2288 1281 2309 res
1305 2278 1384 2310 diffi-

310 2324 394 2360 ciles,
419 2322 545 2364 respicit
561 2323 657 2354 etiarn
682 2323 846 2355 materiam
876 2322 1086 2360 fortitudinis,
1111 2330 1147 2354 ut
1171 2322 1290 2364 aliquid
1311 2333 1386 2354 con-

310 2376 435 2400 tentum
450 2369 508 2399 sub
525 2369 619 2400 rebus
636 2367 828 2399 difficilibus.
852 2368 937 2407 Ergo
958 2368 1028 2408 ipsa
1047 2366 1162 2398 sufficit
1178 2367 1218 2398 ad
1232 2367 1384 2399 adiuvan-

310 2414 390 2445 dum
406 2413 640 2444 fortitudinem:
667 2423 724 2444 nec
741 2413 891 2454 ponenda
914 2419 961 2443 est
976 2412 1137 2454 superflue
1153 2412 1214 2443 alia
1235 2412 1385 2465 patientia
1412 2420 1413 2428 ¹

310 2459 360 2490 vel
383 2457 625 2499 perseverantia.

367 2503 420 2534 VI.
445 2502 497 2533 Ad
520 2502 662 2543 primum
685 2501 821 2534 dubium
836 2502 863 2538 *,
889 2502 927 2532 de
951 2501 1093 2542 partibus
1116 2501 1298 2533 subiectivis
1321 2501 1387 2533 for·
1412 2503 1413 2510 ¹

310 2546 464 2587 titudinis,
489 2546 612 2584 dicitur,
637 2557 712 2578 cum
736 2550 887 2583 Auctore,
903 2546 994 2588 quod
1018 2545 1172 2578 fortitudo
1197 2553 1243 2578 est
1267 2546 1386 2587 species
1412 2554 1414 2572 ῐ

311 2591 546 2633 specialissima,
571 2602 637 2623 non
661 2591 780 2622 habens
805 2591 946 2633 aliquam
970 2591 1029 2622 sub
1053 2601 1086 2622 se
1111 2590 1260 2632 speciem.
1286 2591 1327 2623 Et
1345 2592 1387 2622 ad

304 2638 448 2679 primum
474 2643 699 2677 argumentum
714 2636 747 2667 in
771 2636 971 2678 oppositum,
988 2642 1121 2676 negatur
1137 2636 1228 2677 quod
1252 2635 1298 2666 illi
1323 2635 1386 2668 sint

310 2682 425 2722 gradus
450 2680 654 2718 fortitudinis,
672 2689 702 2712 et
725 2682 815 2722 quod
839 2681 902 2712 sint
925 2680 1030 2722 specie
1047 2680 1195 2712 distincti.
1221 2681 1386 2719 Quoniam
1412 2680 1414 2712 ἒ

311 2726 476 2762 fortitude,
501 2726 527 2756 si
551 2736 614 2767 qua
639 2733 686 2757 est
709 2726 887 2757 secundum
910 2726 1046 2766 gradum
1070 2725 1294 2762 continentiae,
1319 2736 1385 2757 non

311 2779 357 2802 est
377 2771 486 2807 virtus,
503 2771 558 2801 sed
581 2770 806 2811 imperfectum
831 2770 909 2812 quid
926 2770 959 2801 in
982 2780 1096 2811 genere
1111 2769 1244 2802 virtutis
1268 2770 1387 2802 Secun-

312 2816 390 2846 dum
414 2822 522 2846 autem
545 2815 661 2856 gradus
680 2815 907 2856 temperantiae
931 2822 962 2847 et
985 2815 1162 2852 heroicum,
1187 2825 1254 2846 non
1279 2815 1387 2847 distin·
1413 2813 1414 2836 ἶ

311 2860 418 2901 guitur
435 2860 548 2900 specie.
574 2860 614 2891 Et
637 2860 682 2891 sic
705 2860 816 2891 ambae
842 2860 1080 2901 propositiones
1106 2867 1289 2901 assumptae
1313 2868 1388 2892 sunt
1413 2868 1415 2879 ¹

311 2904 418 2936 falsae.

366 2949 418 2980 Ad
439 2949 626 2987 secundum,
645 2955 777 2989 negatur
791 2949 904 2980 maior.
928 2949 1046 2980 Nullus
1065 2949 1152 2980 enim
1171 2949 1298 2980 habitus
1323 2949 1386 2981 for-
1413 2962 1415 2976 1

311 2993 454 3026 titudinis
477 2993 572 3024 habet
595 3003 654 3034 pro
679 2993 804 3024 obiecto
829 2993 1096 3026 circumstantiam
1123 2993 1239 3026 obiecti
1263 2993 1387 3026 fortitu-

311 3038 403 3069 dinis.
430 3038 534 3069 Immo
559 3038 621 3069 hoc
645 3037 770 3069 videtur
793 3037 969 3079 implicare.

367 3082 418 3114 Ad
440 3083 570 3114 tertium
595 3082 709 3114 dicitur
730 3083 819 3123 quod
843 3082 970 3123 aggredi
993 3089 1024 3114 et
1045 3083 1199 3115 sustinere
1223 3093 1289 3114 non
1313 3090 1387 3115 sunt

312 3127 416 3168 specie
446 3126 583 3159 distincti
615 3127 648 3158 in
678 3137 793 3168 genere
824 3127 941 3164 moris,
973 3127 1120 3169 quamvis
1152 3127 1387 3169 distinguantur

314 3171 416 3212 specie
441 3171 473 3203 in
498 3181 612 3212 genere
636 3178 782 3203 naturae:
815 3182 852 3203 ex
876 3172 991 3203 eodem
1016 3172 1175 3214 siquidem
1199 3182 1289 3204 more
1313 3183 1387 3214 pro-

313 3216 394 3247 cedit
411 3216 491 3247 circa
507 3215 645 3247 maxima
661 3223 692 3248 et
708 3216 830 3257 optima
846 3216 987 3257 pericula
1010 3217 1136 3258 aggredi
1152 3217 1203 3248 vel
1221 3217 1386 3254 sustinere,
1413 3219 1415 3259 fl:

313 3261 453 3302 quando,
479 3261 544 3299 ubi,
569 3260 660 3298 sicut,
685 3268 755 3298 etc.,
780 3268 917 3302 oportet.
942 3261 983 3293 Et
1006 3269 1190 3303 propterea,
1215 3261 1241 3292 si
1265 3268 1387 3294 antece-

314 3305 391 3335 dens
414 3305 598 3346 intelligitur
615 3306 647 3336 in
663 3316 777 3346 genere
796 3305 906 3345 moris,
923 3313 1065 3347 negatur.
1089 3325 1109 3330 -
1133 3306 1174 3338 Et
1194 3307 1234 3337 ad
1250 3306 1387 3347 primam

315 3348 537 3390 probationem
554 3350 632 3389 eius,
644 3357 776 3391 negatur
799 3350 944 3392 sequela:
963 3358 993 3383 et
1005 3349 1149 3383 similiter
1161 3351 1202 3382 ad
1218 3350 1342 3382 tertiam
1357 3358 1388 3383 et

315 3400 470 3434 quartam
496 3394 659 3431 Quoniam
676 3405 713 3426 ex
729 3393 872 3436 specifica
897 3394 1124 3427 distinctione'
1115 3406 1149 3426 111
1165 3405 1232 3427 esse
1256 3403 1386 3428 naturae
1413 3399 1415 3408 ¹

315 3438 427 3469 talium
451 3444 598 3474 actuum;
628 3445 658 3469 et
682 3449 718 3470 ex
741 3439 981 3480 imperfectione
1005 3440 1145 3477 habitus,
1171 3440 1226 3491 qui
1250 3451 1318 3472 non
1342 3447 1389 3472 est

316 3482 490 3519 fortitudo,
515 3483 569 3513 sed
600 3482 823 3524 imperfectum
854 3484 932 3525 quid
963 3484 995 3516 in
1025 3494 1139 3525 genere
1162 3485 1302 3535 virtutis;
1333 3484 1387 3516 ali·
1414 3484 1415 3499 ¹

316 3526 446 3568 quando
471 3526 616 3568 provenit
630 3527 719 3568 quod
743 3527 840 3568 aliqui
859 3529 1056 3560 laudabiliter
1079 3539 1112 3560 se
1128 3528 1246 3560 habent
1269 3528 1302 3560 in
1319 3538 1386 3560 uno

316 3578 347 3602 et
370 3581 436 3602 non
460 3570 493 3602 in
517 3570 595 3607 alio;
627 3578 657 3602 et
677 3571 820 3603 similiter
850 3573 939 3614 quod
963 3573 1003 3605 sit
1026 3573 1182 3605 rectitudo
1210 3573 1242 3603 in
1267 3582 1333 3604 uno
1358 3579 1388 3605 et

317 3626 382 3646 nor
408 3615 441 3646 in
465 3614 545 3652 alio;
575 3622 605 3646 et
628 3626 670 3657 qt
663 3616 717 3646 od
749 3626 814 3647 non
842 3618 974 3648 contrari
979 3625 1047 3649 etur
1075 3627 1200 3658 semper
1231 3617 1386 3648 rectitudo

317 3660 412 3691 unius
437 3659 615 3701 obliquitati
639 3660 776 3691 alterius.
803 3660 863 3691 Sed
880 3661 903 3691 si
920 3669 1000 3692 esset
1024 3671 1129 3692 sermo
1147 3661 1185 3692 de
1200 3660 1386 3692 rectitudine

869 285 1138 332 QUAESTIO
1169 284 1383 331 CXXVIII,
1412 285 1711 322 ARTICULUS
1741 284 1933 321 UNlCUS

1427 373 1509 404 quae
1533 363 1566 394 in
1590 374 1664 394 vera
1685 364 1801 394 virtute
1825 363 1978 400 consistit,
2004 363 2081 394 falsa
2105 370 2179 394 sunt
2195 363 2305 394 omnia
2329 368 2503 402 assumpta.

1399 428 1400 447 2
1428 408 1593 445 Quoniam
1618 418 1684 438 non
1707 407 1919 444 laudabiliter,
1943 408 2038 438 laude
2061 408 2186 439 virtutis
2214 407 2422 443 fortitudinis,
2447 416 2505 447 po-

1428 459 1487 483 test
1511 463 1544 483 se
1567 452 1683 483 habere
1713 453 1786 493 quis
1809 453 1842 483 in
1867 463 1933 483 uno
1966 459 1997 483 et
2025 463 2090 483 non
2114 453 2147 483 in
2171 452 2251 489 alio,
2276 458 2435 493 quantum
2459 457 2506 481 est

1429 506 1466 527 ex
1490 503 1577 537 parte
1600 497 1733 528 virtutis.
1764 497 1805 527 Et
1828 496 1972 529 similiter
2004 507 2078 527 cum
2102 496 2288 528 rectitudine
2320 496 2415 527 unius
2439 505 2505 526 non

1400 571 1402 579 γ
1429 547 1490 571 stat
1513 540 1683 581 obliquitas
1707 541 1853 577 alterius,
1878 548 2036 582 quantum
2060 548 2107 572 est
2131 549 2167 572 ex
2190 548 2278 582 parte
2301 540 2435 572 virtutis.
2467 540 2506 570 Et

1429 585 1573 615 similiter
1596 585 1771 625 quidquid,
1797 595 1833 615 ex
1861 593 1948 626 parte
1971 586 2111 623 virtutis,
2137 593 2292 627 repugnat
2325 584 2506 616 rectitudini

1430 629 1536 666 unius,
1553 637 1709 668 repugnat
1726 629 1905 660 rectitudini
1928 630 2066 661 alterius.
2092 630 2177 668 Quia
2201 631 2287 661 enim
2309 640 2376 660 non
2397 629 2506 660 distin-

1430 673 1538 713 guitur
1553 672 1634 703 inter
1649 673 1870 704 rectitudinem
1886 674 2020 711 virtutis,
2035 682 2065 706 et
2081 675 2303 706 rectitudinem
2319 682 2418 711 actus,
2432 674 2505 704 ideo

1431 717 1497 747 falli
1513 717 1678 757 contingit.
1697 717 1880 757 Operantur
1896 728 2035 760 namque
2051 719 2145 751 sortia
2159 719 2292 761 quidam
2308 719 2376 750 sine
2391 719 2507 749 virtute

1431 760 1639 797 fortitudinis,
1657 767 1688 791 et
1711 761 1794 792 iusta
1818 761 1886 792 sine
1908 762 2024 794 virtute
2047 763 2194 801 iustitiae,
2217 771 2285 801 etc.,
2310 770 2346 795 ut
2369 770 2457 804 patet
2472 763 2506 793 in

1433 806 1459 836 11
1483 806 1587 836 Ethic.
1604 804 1639 837 *:
1666 806 1721 836 sed
1745 815 1812 836 non
1835 813 2009 846 operantur
2037 814 2074 838 ut
2097 807 2209 844 fortes,
2234 818 2338 850 neque
2363 815 2399 839 ut
2422 807 2506 839 iusti.

1491 850 1540 880 Ad
1564 850 1739 880 secundam
1762 856 1871 880 autem
1893 850 2119 890 probationem
2141 852 2256 884 dicitur
2278 853 2368 894 quod
2391 853 2509 883 falsum

1432 901 1479 925 est
1503 904 1570 924 esse
1599 894 1716 925 multas
1749 894 1928 925 secundum
1958 895 2098 935 speciem
2126 897 2310 937 prudentias
2343 897 2508 928 directivas

1432 938 1642 979 aggressionis
1665 946 1696 969 et
1726 938 1969 979 expectationis:
1998 940 2146 980 quamvis
2173 941 2236 972 sint
2262 942 2382 973 multae
2406 949 2510 982 partes

1433 983 1529 1014 unius
1553 984 1732 1014 secundum
1755 982 1895 1024 speciem
1917 983 2115 1024 prudentiae.
2135 985 2311 1023 ⁴Quoniam
2339 985 2509 1027 prudentia

1433 1038 1499 1058 non
1524 1035 1570 1058 est
1593 1027 1653 1058 nisi
1685 1028 1780 1058 unius
1811 1027 1926 1068 speciei
1949 1027 1982 1058 in
2007 1038 2212 1070 quacumque
2242 1030 2374 1061 materia
2404 1030 2508 1062 cuius-

1404 1085 1406 1114 5
1433 1082 1573 1113 cumque
1592 1072 1716 1104 virtutis
1731 1073 1937 1104 monasticae.
1961 1075 2010 1103 Ac
2025 1083 2082 1114 per
2105 1073 2177 1110 hoc,
2195 1073 2222 1104 si
2246 1073 2430 1115 disciplinae
2451 1075 2510 1106 mi-

1405 1130 1406 1135 *
1431 1117 1536 1149 litares
1561 1124 1635 1148 sunt
1658 1117 1856 1159 prudentiae,
1881 1127 1946 1148 non
1971 1117 2211 1158 distinguuntur
2237 1118 2343 1160 specie
2365 1127 2510 1159 respectu

1434 1162 1633 1193 diversorum
1657 1169 1790 1193 actuum
1813 1161 2018 1193 fortitudinis.

1490 1207 1542 1238 Ad
1557 1206 1704 1248 quintam
1724 1207 1958 1248 probationem,
1975 1214 2109 1247 negatur
2124 1207 2214 1248 quod
2229 1207 2269 1238 sit
2283 1207 2345 1238 alia
2361 1207 2513 1239 medietas

1406 1256 1407 1260 ’
1435 1250 1578 1282 formalis
1595 1251 1628 1282 in
1643 1259 1781 1293 utroque
1798 1258 1886 1284 actu:
1914 1261 1978 1283 una
1994 1261 2134 1293 namque
2151 1258 2182 1284 et
2198 1252 2310 1283 eadem
2333 1252 2512 1284 secundum

1406 1322 1408 1327 .
1435 1296 1575 1337 speciem
1602 1302 1649 1327 est
1679 1296 1831 1328 medietas
1860 1295 2002 1327 formalis
2026 1296 2210 1338 utriusque,
2235 1297 2383 1339 quamvis
2413 1303 2513 1328 mate-

1435 1341 1560 1378 rialiter,
1585 1341 1647 1372 hoc
1663 1348 1710 1372 est
1733 1341 1912 1372 secundum
1928 1341 2016 1382 ipsos
2031 1348 2119 1372 actus
2143 1341 2295 1379 diversos,
2316 1342 2513 1383 distinguan-

1407 1407 1408 1423 ;
1435 1393 1487 1417 tur
1510 1395 1657 1417 numero.
1682 1386 1723 1417 Et
1738 1386 1810 1417 licet
1827 1386 1890 1418 sint
1905 1392 2045 1427 quatuor
2068 1393 2216 1423 extrema,
2234 1396 2300 1418 non
2317 1394 2425 1418 tamen
2436 1393 2512 1418 sunt

1407 1429 1409 1469 ’Ξ
1436 1431 1502 1462 duo
1536 1430 1657 1467 media,
1682 1431 1738 1462 sed
1768 1441 1873 1462 unum
1901 1437 2036 1464 tantum.
2066 1448 2087 1454 -
2115 1431 2182 1462 Nec
2211 1438 2259 1462 est
2281 1441 2394 1463 verum
2423 1431 2515 1473 quod

1408 1514 1409 1519 ¹
1435 1477 1559 1506 Auctor
1581 1475 1644 1506 hoc
1667 1475 1765 1506 dicat:
1797 1475 1854 1506 sed
1883 1475 1941 1506 iste
1972 1475 2078 1506 bonus
2108 1475 2210 1507 homo
2239 1476 2455 1508 subintellexit
2481 1476 2515 1518 ly

1408 1544 1409 1563 3
1436 1520 1553 1558 media,
1579 1530 1654 1551 cum
1677 1523 1801 1551 Auctor
1824 1519 1945 1557 dixerit,
1969 1520 2043 1551 Non
2069 1521 2250 1552 inconvenit
2265 1522 2442 1553 secundum
2465 1520 2514 1552 di-

1408 1565 1410 1583 ³
1437 1574 1531 1596 versa
1554 1565 1672 1596 habere
1689 1565 1792 1606 plura
1811 1570 1958 1596 extrema
1982 1575 2024 1596 ex
2047 1574 2114 1596 una
2131 1570 2239 1606 parte.

1491 1609 1533 1641 Et
1555 1619 1612 1650 per
1629 1609 1692 1640 hoc
1715 1616 1802 1650 patet
1825 1609 1945 1641 solutio
1968 1610 2078 1651 quarti
2100 1616 2131 1640 et
2153 1611 2258 1652 quinti
2280 1610 2474 1652 principalis.
2493 1626 2515 1634 ·

1437 1653 1649 1686 Confirmatio
1665 1663 1742 1685 vero
1762 1654 1831 1685 illa:
1856 1654 1972 1686 Timor
1988 1661 2019 1685 et
2033 1653 2166 1685 audacia
2181 1661 2319 1696 possunt
2334 1655 2432 1686 simul
2446 1665 2516 1687 esse

1410 1704 1411 1717 ¹
1436 1699 1469 1730 in
1494 1699 1627 1735 eodem,
1652 1699 1738 1740 Ergo
1763 1709 1830 1730 non
1858 1706 1933 1730 sunt
1957 1698 2127 1735 contraria,
2151 1717 2173 1723 -
2197 1699 2276 1731 nihil
2303 1699 2396 1732 valet.
2429 1699 2514 1738 Quin

1410 1756 1412 1777 ι
1437 1750 1512 1775 sunt
1536 1722 1633 1774 simul
1656 1751 1801 1784 respectu
1819 1743 2032 1775 diversorum:
2057 1743 2139 1775 sicut
2153 1744 2249 1776 etiam
2272 1744 2388 1786 aliquis
2410 1751 2459 1776 est
2473 1744 2514 1776 si-

1437 1789 1507 1819 mul
1531 1787 1684 1828 prodigus
1709 1795 1740 1819 et
1769 1798 1882 1819 avarus
1911 1795 2056 1829 respectu
2081 1788 2300 1826 diversorum,
2326 1789 2444 1821 scilicet
2467 1799 2515 1820 ra·

1410 1837 1412 1870 ξ
1437 1832 1557 1873 piendo
1581 1831 1656 1863 hinc
1679 1839 1711 1863 et
1734 1831 1927 1864 effundendo
1950 1832 2047 1864 illinc.

1494 1876 1562 1908 VII.
1579 1876 1630 1907 Ad
1646 1877 1826 1907 secundum
1841 1877 1979 1908 dubium
1994 1877 2021 1914 *,
2046 1877 2084 1907 de
2101 1877 2223 1909 ratione
2241 1877 2335 1910 allata
2349 1878 2383 1909 in
2402 1878 2515 1916 littera,
2543 1886 2554 1896 ⁸

1438 1921 1567 1958 scilicet,
1583 1921 1660 1962 quia
1675 1920 1841 1961 fortitudo
1858 1926 1904 1952 est
1927 1922 2014 1953 circa
2031 1922 2202 1953 materiam
2220 1922 2314 1954 valde
2331 1923 2514 1964 specialem,

1439 1965 1564 2002 dicitur,
1589 1965 1683 1996 unica
1706 1965 1909 1996 distinctione
1932 1965 2115 2008 praemissa,
2131 1967 2221 2008 quod
2243 1967 2331 1998 aliud
2354 1974 2402 2000 est
2423 1967 2517 2010 loqui

1410 2023 1412 2045 ς
1438 2010 1478 2041 de
1501 2009 1706 2042 distinctione
1731 2009 1877 2051 specifica
1901 2009 2102 2052 simpliciter:
2127 2018 2159 2042 et
2181 2011 2269 2043 aliud
2293 2018 2340 2043 est
2361 2011 2454 2062 loqui
2477 2011 2517 2044 de

1411 2090 1412 2093 Ἰ
1439 2054 1642 2086 distinctione
1665 2053 1811 2095 specifica
1835 2055 2014 2086 secundum
2037 2055 2126 2097 quid.
2151 2055 2248 2087 Verbi
2270 2055 2384 2097 gratia,
2409 2056 2443 2088 in
2462 2066 2518 2088 na-

1439 2099 1604 2136 turalibus,
1629 2098 1766 2130 dicimus
1790 2100 1880 2142 quod
1903 2109 1972 2131 mas
1996 2107 2028 2131 et
2051 2099 2170 2132 femina
2194 2100 2226 2132 in
2250 2100 2392 2143 qualibet
2414 2100 2519 2142 specie

1411 2165 1413 2187 l
1439 2151 1515 2175 sunt
1538 2143 1681 2176 eiusdem
1706 2143 1838 2185 speciei:
1864 2151 1895 2176 et
1918 2154 2028 2176 rursus
2048 2144 2184 2176 dicimus
2207 2145 2298 2187 quod
2325 2155 2394 2176 mas
2419 2152 2450 2178 et
2473 2145 2517 2179 fe-

1440 2189 1528 2220 mina
1551 2189 1784 2230 cuiuscumque
1808 2189 1924 2230 speciei
1945 2189 2187 2231 distinguuntur
2198 2189 2303 2232 specie
2326 2197 2362 2222 ut
2385 2196 2461 2222 sunt
2484 2190 2518 2221 in

1439 2243 1554 2275 genere
1577 2243 1681 2264 sexus.
1706 2233 1851 2264 Primum
1871 2234 1957 2265 enim
1981 2241 2027 2266 est
2042 2244 2156 2266 verum
2178 2234 2379 2276 simpliciter:
2405 2244 2517 2269 secun·

1440 2279 1531 2317 dum,
1555 2278 1734 2309 secundum
1757 2278 1846 2319 quid,
1864 2277 1926 2309 hoc
1951 2286 1997 2310 est
2021 2289 2096 2310 cum
2119 2278 2178 2311 ista
2194 2279 2367 2317 additione,
2384 2285 2420 2312 ut
2440 2285 2518 2312 sunt

1439 2323 1498 2354 sub
1528 2332 1651 2365 genere
1677 2332 1786 2362 sexus.
1810 2340 1831 2346 -
1855 2322 2008 2354 Similiter
2037 2323 2174 2356 dicimus
2202 2324 2293 2366 quod
2318 2335 2408 2362 caro,
2433 2334 2518 2363 ossa.

1441 2367 1537 2404 nervi,
1561 2374 1631 2404 etc.,
1656 2367 1797 2398 hominis
1823 2366 2063 2408 distinguuntur
2085 2367 2190 2409 specie
2214 2379 2231 2399 a
2255 2378 2358 2406 carne,
2381 2369 2517 2406 ossibus,

1440 2412 1554 2449 nervis,
1575 2418 1644 2448 etc.,
1669 2411 1781 2449 leonis,
1798 2411 1964 2454 loquendo
1989 2412 2027 2443 de
2051 2412 2254 2444 distinctione
2271 2412 2417 2454 specifica
2440 2413 2518 2445 sim·

1412 2467 1413 2472 ¹
1439 2457 1572 2498 pliciter,
1597 2457 1680 2488 sicut
1702 2456 1809 2488 anima
1833 2456 1976 2488 hominis
1999 2457 2205 2498 distinguitur
2223 2458 2327 2499 specie
2350 2459 2390 2489 ab
2410 2458 2517 2490 anima

1439 2501 1558 2533 leonis:
1583 2501 1670 2533 iuxta
1693 2501 1773 2532 illud
1796 2501 1965 2539 Averrois,
1991 2501 2003 2532 I
2026 2501 2067 2533 de
2089 2503 2227 2541 Anima,
2252 2509 2428 2535 comment.
2452 2513 2518 2540 Lm,

1440 2547 1588 2578 Membra
1611 2547 1750 2578 hominis
1765 2556 1829 2578 non
1845 2546 2095 2589 distinguuntur
2117 2557 2138 2578 a
2158 2547 2308 2579 membris
2330 2548 2432 2580 leonis
2454 2548 2517 2580 nisi

1439 2592 1516 2633 quia
1531 2591 1671 2623 hominis
1685 2592 1796 2622 anima
1811 2591 2025 2634 distinguitur
2039 2591 2080 2623 ab
2095 2593 2206 2623 anima
2223 2591 2334 2624 leonis.
2351 2592 2392 2624 Et
2407 2602 2518 2624 rursus

1441 2635 1577 2668 dicimus
1600 2636 1690 2678 quod
1714 2645 1787 2667 caro
1819 2642 1850 2667 et
1873 2645 1945 2668 ossa
1972 2635 2054 2668 inter
2078 2646 2111 2667 se
2141 2636 2382 2678 distinguuntur
2412 2636 2517 2678 specie

1441 2688 1476 2713 ut
1500 2688 1604 2722 partes
1627 2681 1805 2721 integrales,
1825 2680 1901 2722 quia
1925 2687 2001 2712 sunt
2016 2688 2120 2722 partes
2135 2681 2374 2723 heterogeneae.
2399 2681 2441 2714 Et
2454 2681 2519 2713 hoc

1441 2732 1488 2757 est
1509 2735 1622 2757 verum
1635 2749 1642 2762 ‚
1666 2726 1832 2767 loquendo
1860 2726 1899 2757 de
1927 2725 2132 2758 distinctione
2161 2725 2307 2767 specifica
2337 2726 2517 2758 secundum

1412 2781 1414 2812 g
1441 2770 1537 2813 quid,
1562 2771 1624 2802 hoc
1647 2777 1709 2807 est,
1735 2777 1771 2802 ut
1794 2777 1898 2811 partes
1921 2778 2006 2803 sunt.
2039 2771 2133 2802 Unde
2162 2781 2253 2809 caro,
2277 2781 2350 2803 ossa
2372 2778 2403 2803 et
2430 2771 2518 2803 nervi

1441 2815 1583 2847 hominis
1603 2825 1669 2846 non
1686 2822 1760 2846 sunt
1775 2815 1895 2847 multae
1915 2815 2035 2857 species
2051 2815 2254 2857 simpliciter:
2278 2834 2300 2840 -
2323 2815 2414 2858 quod
2429 2822 2516 2857 patet

1441 2871 1478 2892 ex
1502 2860 1646 2891 duobus:
1672 2867 1743 2891 tum
1759 2870 1796 2891 ex
1815 2870 1855 2891 eo
1870 2860 1960 2902 quod
1980 2867 2055 2892 sunt
2079 2860 2174 2892 unius
2190 2859 2305 2903 speciei
2321 2859 2516 2902 simpliciter,

1442 2905 1559 2936 scilicet
1591 2904 1768 2942 humanm
1800 2911 1870 2936 tum
1894 2915 1931 2936 ex
1955 2914 1994 2936 eo
2014 2905 2113 2947 quod,
2131 2905 2156 2937 si
2185 2915 2258 2937 ossa
2289 2904 2517 2937 constituerent

1442 2960 1540 2981 unam
1564 2959 1621 2990 per
1651 2959 1683 2980 se
1711 2948 1850 2990 speciem
1881 2949 2082 2990 simpliciter,
2107 2956 2292 2992 sequeretur
2322 2949 2412 2991 quod
2445 2959 2518 2981 ossa

1441 2994 1582 3026 hominis
1599 3001 1629 3026 et
1645 3003 1718 3025 ossa
1732 2993 1846 3031 leonis,
1863 3001 1894 3026 et
1913 3004 1986 3026 caro
2003 2994 2145 3026 hominis
2159 3002 2190 3027 et
2206 3004 2279 3027 caro
2294 2994 2397 3026 leonis
2411 3000 2516 3026 essent

1441 3039 1627 3080 simpliciter
1655 3038 1750 3070 unius
1774 3038 1900 3080 speciei.
1929 3038 1992 3071 Sed
2023 3045 2098 3070 sunt
2120 3039 2199 3071 haec
2221 3038 2254 3070 in
2284 3038 2427 3080 qualibet
2450 3039 2515 3071 ani·

1413 3116 1415 3126 ,
1442 3084 1534 3115 malis
1567 3083 1671 3124 specie
1694 3093 1842 3115 seorsum
1873 3083 2050 3116 multarum
2072 3083 2250 3125 specierum
2275 3090 2311 3115 ut
2337 3090 2460 3125 partes,
2485 3090 2516 3115 et

1413 3151 1415 3162 ,
1442 3129 1538 3160 unius
1554 3127 1669 3169 speciei
1689 3127 1883 3169 simpliciter.
1907 3128 1949 3160 Et
1964 3134 2095 3170 propter
2110 3127 2172 3160 hoc
2188 3127 2428 3168 distinguuntur
2446 3138 2515 3169 spe-

1413 3207 1415 3213 ,
1441 3173 1487 3205 cie
1511 3172 1695 3214 simpliciter
1718 3183 1736 3204 a
1759 3172 1916 3204 similibus
1939 3172 1972 3204 in
1994 3172 2099 3204 leone.

1497 3217 1545 3249 Ex
1569 3217 1766 3249 naturalibus
1795 3216 1891 3258 igitur
1914 3217 1955 3248 ad
1977 3216 2111 3248 moralia
2134 3216 2354 3258 procedendo,
2379 3217 2516 3249 dicimus

1441 3263 1547 3304 quod,
1571 3261 1646 3294 licet
1668 3261 1749 3293 circa
1772 3261 1938 3293 materiam
1967 3260 2163 3292 fortitudinis
2192 3260 2256 3293 sint
2279 3261 2350 3293 illae
2377 3268 2517 3303 quatuor

1441 3306 1588 3349 partiales
1611 3306 1761 3343 virtutes,
1787 3316 1854 3338 non
1881 3313 1988 3337 tamen
2017 3305 2176 3348 sequitur:
2210 3306 2296 3346 Ergo
2325 3306 2406 3338 circa
2427 3306 2517 3338 illam

1413 3370 1415 3390 :
1441 3359 1516 3384 sunt
1539 3351 1660 3383 multae
1686 3350 1818 3382 virtutes
1851 3350 1955 3392 specie
1986 3349 2162 3382 distinctae.
2193 3350 2234 3382 Et
2257 3361 2333 3382 cum
2357 3351 2515 3393 arguitur,

1441 3397 1580 3428 Possunt
1602 3404 1671 3427 esse
1694 3395 1780 3426 circa
1797 3404 1867 3426 eam
1887 3394 2002 3435 plures
2017 3400 2110 3426 actus
2133 3395 2302 3427 moraliter
2323 3396 2399 3428 boni
2412 3396 2517 3437 specie

1414 3475 1415 3479 ,
1441 3441 1593 3478 distincti,
1619 3438 1733 3470 dicitur
1756 3438 1860 3481 quod,
1884 3438 2049 3480 loquendo
2074 3440 2112 3471 de
2143 3439 2346 3472 distinctione
2370 3438 2516 3482 specifica

1441 3483 1636 3525 simpliciter,
1661 3482 1776 3514 falsum
1801 3483 1988 3514 assumitur:
2017 3483 2183 3526 quuendo
2207 3492 2316 3516 autem
2343 3485 2382 3516 de
2405 3484 2515 3516 distin-

1442 3528 1547 3560 ctione
1564 3526 1711 3569 specifica
1726 3527 1904 3559 secundum
1928 3528 2016 3569 quid,
2030 3539 2142 3560 verum
2159 3529 2283 3562 dicitur.
2309 3529 2349 3561 Et
2364 3529 2425 3560 hoc
2440 3538 2514 3570 pro-

1414 3567 1415 3609 }
1442 3573 1535 3604 batur
1554 3582 1610 3614 per
1632 3572 1853 3604 auctoritatem
1871 3572 1970 3604 sancti
1994 3573 2151 3611 Thomae,
2172 3573 2322 3616 ponentis
2345 3573 2415 3605 illas
2437 3583 2515 3615 qua-

1442 3624 1516 3648 tuor
1538 3624 1643 3658 partes
1667 3616 1861 3648 fortitudinis
1887 3617 1982 3649 unius
2005 3618 2121 3658 speciei
2145 3617 2339 3660 simpliciter,
2360 3625 2391 3650 et
2413 3617 2515 3649 diver—

1442 3671 1549 3693 sarum
1574 3668 1609 3692 ut
1633 3668 1735 3702 partes
1759 3669 1842 3692 sunt.
1869 3665 1915 3693 Ac
1940 3672 1995 3703 per
2019 3663 2091 3699 hoc,
2117 3662 2204 3694 nulla
2229 3661 2404 3704 superfluit.

2536 811 2651 861 ἐὖτὲ-π
2635 826 2688 860 lect
2702 817 2750 859 141.

2566 1883 2638 1907 Nun.
2653 1890 2679 1907 11.
