2768 4198
30 2285 37 2293 ⁴
49 2283 84 2304 ct.
95 2287 135 2304 art.
145 2289 160 2309 ι,
170 2282 243 2304 Com-

29 2314 100 2331 ment.
117 2315 181 2331 num.
197 2315 213 2330 ι.

30 2338 38 2347 ’
54 2336 104 2358 lnit.
121 2340 210 2363 quaest.

30 2365 50 2374 ⁸⁸
65 2363 100 2385 Cf.
117 2369 146 2383 nu

39 3262 47 3270 ⁸
63 3262 99 3283 Ct.
115 3267 177 3282 tium.
195 3268 223 3283 vt.

39 3356 47 3363 ⁸
63 3354 113 3374 (Ion

150 2369 181 2384 m.
196 2369 218 2383 V.

167 3359 208 3375 ,2,

279 308 347 332 102

910 291 1179 339 QUAESTIO
1210 291 1422 337 CXXXVI,
1453 290 1751 327 ARTICULUS
1782 291 1831 326 lll

272 375 412 424 gratiae
432 374 553 422 magis
573 374 779 410 abhorrent
799 373 899 408 mala
917 370 1098 407 vitiorum
1119 381 1237 416 quarn
1259 381 1341 405 cor·
1367 372 1370 416 l
1397 370 1467 415 tia,
1498 370 1712 406 secundum
1743 370 1848 418 quod
1885 377 1941 405 est
1967 368 2109 415 virtus,
2140 379 2162 404 a
2191 367 2345 404 caritate
2382 379 2470 403 cau-

271 428 418 478 poralia
455 429 574 464 mala:
613 427 714 463 unde
744 425 900 474 quidam
939 422 1134 471 gentilium
1167 423 1369 469 leguntun

273 483 392 519 multa
421 481 521 518 mala
549 481 729 517 tolerasse
760 491 806 514 ne
836 476 996 525 patriam
1026 475 1247 524 proderent,
1278 482 1342 511 aut
1367 489 1369 503 2

272 535 414 583 aliquid
443 534 545 571 aliud
573 533 819 570 inhonestum
848 529 1140 566 committerent.
1171 528 1247 565 Sed
1267 528 1342 564 hoc
1368 543 1369 558 ³

273 596 328 625 est
355 600 445 625 vere
473 587 680 636 patientem
710 596 803 621 esse.
835 584 937 630 Ergo
967 582 1117 619 videtur
1139 581 1245 630 quod
1274 593 1343 630 pa-

272 642 400 678 tientia
428 640 547 689 possit
575 637 706 675 haberi
734 638 879 684 absque
908 635 1048 672 auxilio
1077 634 1228 682 gratiae.

328 696 362 731 3.
391 695 631 737 PRAETEREA,
661 689 859 726 manifeste
898 695 1056 737 apparet
1092 688 1198 736 quod
1228 686 1342 736 aliqui

270 755 427 796 propter
454 745 654 782 sanitatem
685 743 855 791 eorporis
885 741 1188 790 recuperandam
1212 741 1342 789 gravia

271 800 462 849 quaedam
484 806 519 835 et
538 809 667 834 amara
686 796 891 845 patiuntur.
913 795 1023 832 Salus
1043 803 1172 832 autem
1192 793 1341 831 animae

270 866 350 891 non
380 860 434 890 est
461 851 590 888 minus
610 849 824 898 appetibilis
845 861 961 898 quam
987 848 1127 886 sanitas
1157 848 1340 896 corporis.

272 908 386 954 Erg0‚
407 904 489 954 pari
517 903 674 950 ratione,
695 915 766 952 pro
795 903 915 939 salute
944 902 1096 939 animae
1125 909 1250 950 potest
1278 902 1342 938 ali-

271 961 356 1008 quis
391 958 510 995 multa
530 958 630 994 mala
651 956 857 1003 sustinere,
887 956 991 1004 quod
1013 963 1069 992 est
1082 967 1175 992 vere
1196 954 1341 1004 patien-

270 1022 348 1050 tem
379 1024 474 1056 esse,
504 1011 649 1060 absque
680 1010 816 1047 auxilio
846 1009 997 1058 gratiae.

324 1067 398 1102 SED
420 1076 567 1102 CONTRA
595 1075 662 1101 EST
680 1064 786 1112 quod
815 1063 950 1101 dicitur
978 1062 1016 1099 in
1038 1063 1193 1099 Psalmo
1213 1061 1248 1097 *ι
1281 1062 1342 1098 Ab

269 1121 360 1168 ipso,
390 1118 532 1156 scilicet
558 1119 657 1165 Deo,
682 1118 865 1166 patientia
893 1128 991 1154 mea.

324 1174 551 1210 RESPONDEO
590 1183 774 1208 otcENDuM
809 1171 937 1219 quod,
976 1169 1072 1206 sicut
1109 1168 1342 1217 Augustinus

271 1227 369 1274 dicit,
387 1226 424 1263 in
440 1226 537 1263 libro
557 1226 603 1262 de
621 1225 806 1262 Patientia
815 1224 846 1271 ²¹⁸,
863 1221 945 1261 vis!³
964 1223 1234 1260 desideriorum
1247 1222 1343 1268 facit

269 1280 508 1318 tolerantiam
528 1279 702 1316 laborum
722 1285 758 1316 et
775 1278 970 1315 dolorum:
998 1282 1035 1314 et
1052 1288 1162 1313 nemo
1182 1276 1255 1313 nisi
1266 1287 1341 1325 pro

269 1346 312 1371 eo
329 1334 430 1383 quod
447 1333 613 1379 delectat,
628 1338 760 1381 sponte
776 1331 929 1381 suscipit
935 1331 1048 1380 serre
1067 1331 1169 1379 quod
1185 1330 1340 1367 cruciat.

269 1389 319 1425 Et
346 1387 458 1424 huius
488 1387 582 1424 ratio
613 1395 668 1423 est
696 1386 785 1435 quia
813 1385 999 1423 tristitiam
1020 1393 1056 1422 et
1081 1384 1256 1422 dolorem
1285 1397 1341 1421 se-

269 1442 441 1478 cundum
471 1453 510 1477 se
531 1440 712 1478 abhorret
731 1439 901 1476 animus:
932 1440 1036 1476 unde
1059 1449 1258 1487 nunquam
1279 1438 1341 1474 eli-

269 1503 373 1543 geret
412 1507 497 1531 earn
533 1493 611 1544 pati
640 1502 796 1543 propter
833 1505 895 1539 se,
925 1492 992 1530 sed
1026 1492 1152 1529 solum
1188 1499 1343 1541 propter
1370 1493 1371 1511 ³

1369 1522 1371 1562 A

269 1549 400 1585 finem.
431 1548 534 1596 Ergo
564 1555 715 1596 oportet
733 1551 748 1575 Υ
778 1547 882 1596 quod
909 1546 1000 1583 illud
1021 1546 1168 1583 bonum
1186 1553 1344 1595 propter

1398 429 1521 459 satur:
1544 423 1756 460 secundum
1777 422 1868 459 illud
1889 424 1902 458 Ι
1919 422 1970 459 ad
1993 422 2080 458 Cor.
2096 433 2156 458 xm
2172 420 2211 457 *ε
2239 420 2388 457 Caritas
2399 431 2471 469 pa-

1397 475 1490 512 tiens
1518 481 1581 512 est.
1613 475 1860 512 Manifestum
1882 483 1937 512 est
1956 482 2086 512 autem
2106 474 2212 523 quod
2233 473 2367 511 caritas
2391 485 2471 510 non

1396 535 1524 576 potest
1550 528 1683 565 haberi
1712 528 1783 565 nisi
1811 541 1879 578 per
1907 528 2088 577 gratiam:
2126 529 2341 566 secundum
2380 527 2470 564 illud

1397 582 1510 618 Rom.
1531 592 1555 616 v
1573 580 1613 617 ²¹⁸:
1650 582 1798 618 Caritas
1817 583 1893 619 Dei
1910 581 2049 632 diffusa
2069 587 2124 618 est
2140 582 2177 618 in
2207 581 2382 618 cordibus
2405 593 2471 618 no-

1369 643 1370 646 ’
1397 634 1483 671 stris
1506 645 1579 681 per
1606 634 1786 682 Spiritum
1820 636 2013 681 Sanctum,
2042 635 2109 684 qui
2135 635 2243 672 datus
2271 640 2326 672 est
2352 635 2468 671 nobis.

1398 687 1510 725 Unde
1530 694 1634 735 patet
1661 687 1767 735 quod
1785 688 1966 736 patientia
1985 700 2064 725 non
2092 695 2218 737 potest
2236 688 2370 725 haberi
2389 688 2471 725 sine

1399 739 1537 777 auxilio
1566 739 1720 788 gratiae.

1451 795 1511 831 Ao
1540 805 1680 830 ramum
1707 803 1807 830 ERGO
1836 804 2023 831 mesanum
2046 794 2153 843 quod
2182 795 2218 833 in
2248 803 2383 832 natura
2401 796 2471 832 hu-

1399 860 1526 893 mana,
1557 847 1588 884 si
1617 855 1716 883 esset
1744 846 1913 894 integra,>
1935 847 2174 895 praevaleret
2200 847 2393 886 inclinatio
2415 861 2473 886 ra-

1398 901 1527 938 tionis:
1558 901 1625 937 sed
1645 900 1684 936 in
1713 908 1848 936 natura
1868 907 2046 948 corrupta
2065 902 2260 948 praevalet
2279 902 2471 940 inclinatio

1399 954 1745 1003 concupiscentiae,
1774 965 1876 1002 quae
1904 953 1941 990 in
1970 953 2129 990 homine
2158 954 2386 993 dominatur.
2425 957 2474 993 Et

1399 1008 1487 1046 ideo
1516 1007 1676 1056 pronior
1703 1014 1760 1044 est
1778 1007 1900 1044 homo
1920 1007 1969 1043 ad
1990 1006 2258 1045 sustinendum
2275 1009 2379 1046 ‘mala
2397 1006 2412 1031 δ
2435 1009 2472 1046 in

1398 1061 1538 1112 quibus
1577 1060 1888 1110 concupiscentia
1926 1059 2134 1099 delectatur
2161 1062 2472 1110 praesentialiter,

1398 1127 1516 1165 quam
1554 1116 1717 1152 tolerare
1753 1115 1855 1151 mala
1882 1121 2040 1163 propter
2073 1115 2177 1153 bona
2211 1115 2336 1153 futura
2373 1128 2473 1164 quae

1399 1170 1613 1207 secundum
1635 1169 1822 1206 rationem
1843 1175 2087 1217 appetuntur,
2115 1169 2222 1216 quod
2241 1176 2372 1206 tamen
2389 1182 2475 1218 per-

1398 1223 1492 1260 tinet
1520 1223 1568 1260 ad
1596 1234 1731 1259 veram
1761 1221 1996 1271 patientiam.

1452 1278 1512 1314 An
1540 1287 1733 1314 SECUNDUM
1766 1286 1953 1313 Diei-:unum
1987 1277 2091 1324 quod
2121 1277 2270 1313 bonum
2299 1275 2474 1324 politicae

1398 1330 1546 1368 virtutis
1583 1338 1638 1367 est
1676 1337 2032 1367 commensuratum
2071 1338 2230 1367 naturae
2266 1330 2473 1368 humanae.

1369 1385 1371 1421 ἶ
1399 1385 1448 1422 Et
1476 1384 1564 1422 ideo
1594 1385 1740 1434 absque
1773 1383 1916 1421 auxilio
1951 1383 2093 1431 gratiae
2127 1391 2277 1432 gratum
2306 1383 2476 1422 facientis

1398 1446 1524 1488 potest
1556 1439 1737 1475 voluntas
1775 1438 1943 1475 humana
1979 1437 2016 1474 in
2055 1437 2148 1475 illud
2184 1438 2360 1484 tendere,
2391 1438 2476 1476 licet

1399 1504 1478 1529 non
1507 1492 1654 1541 absque
1683 1491 1821 1529 auxilio
1843 1491 1915 1528 Dei
1931 1496 1956 1528 ⁸.
1988 1491 2065 1530 Sed
2086 1492 2234 1529 bonum
2254 1490 2396 1540 gratiae
2420 1499 2477 1529 est

1399 1546 1698 1595 supernaturale.
1728 1545 1840 1584 Unde
1869 1545 1908 1583 in
1937 1544 2027 1582 illud
2057 1557 2135 1582 non
2163 1552 2290 1595 potest
2317 1545 2476 1584 tendere

270 1602 375 1651 quod
404 1601 540 1650 aliquis
559 1601 641 1638 vult
669 1601 746 1650 pati
766 1601 879 1648 mala,
901 1599 947 1637 sit
976 1599 1097 1648 magis
1124 1599 1287 1636 volitum
1309 1607 1343 1636 et
1398 1600 1519 1637 homo
1550 1612 1618 1648 per
1650 1599 1830 1638 virtutem
1864 1611 1956 1638 suae
1995 1606 2165 1637 naturae.
2199 1598 2250 1638 Et
2278 1598 2366 1636 ideo
2397 1612 2476 1640 non

269 1665 442 1693 amatum
463 1667 580 1703 quam
608 1655 700 1692 illud
721 1655 868 1691 bonum
890 1655 998 1691 cuius
1025 1653 1189 1702 privatio
1210 1652 1343 1700 ingerit
1400 1662 1456 1691 est
1485 1653 1617 1691 similis
1646 1652 1755 1691 ratio.

270 1710 445 1746 dolorem
473 1721 590 1756 quem
612 1708 798 1757 patienter
823 1709 1043 1744 toleramus.
1075 1707 1193 1754 Quod
1213 1714 1342 1743 autem

1452 1708 1511 1743 An
1526 1718 1687 1744 Triarium
1708 1718 1894 1744 DICENDUM
1914 1707 2020 1755 quod
2041 1706 2239 1744 tolerantia
2259 1705 2374 1744 etiam
2395 1719 2476 1744 ma-

270 1763 404 1811 aliquis
432 1763 620 1811 praeferat
649 1762 795 1798 bonurn
822 1761 962 1809 gratiae
983 1760 1164 1797 omnibus
1193 1767 1344 1797 natura-
1369 1754 1372 1814 ξ
1398 1761 1524 1798 lorum
1554 1772 1654 1809 quae
1675 1760 1760 1810 quis
1789 1760 1946 1798 sustinet
1964 1768 2122 1809 propter
2146 1760 2318 1810 corporis
2338 1760 2475 1798 sanita-

269 1816 364 1853 libus
395 1815 506 1853 bonis
546 1827 590 1852 ex
619 1827 784 1864 quorum
824 1813 1032 1851 amissione
1070 1820 1196 1862 potest
1234 1813 1345 1850 dolor
1370 1818 1372 1847 Ι
1398 1821 1489 1859 tem,
1511 1813 1685 1864 procedit
1705 1825 1751 1851 ex
1766 1825 1900 1851 amore
1916 1825 1994 1862 quo
2014 1813 2136 1851 homo
2157 1813 2378 1860 naturaliter
2394 1813 2475 1852 dili-

270 1869 427 1915 causari‚
458 1868 619 1918 pertinet
638 1868 686 1905 ad
717 1868 924 1914 caritatem,
945 1879 1043 1916 quae
1068 1866 1186 1914 diligit
1214 1867 1342 1904 Deum
1370 1882 1372 1910 !
1398 1867 1450 1916 git
1469 1879 1581 1904 suam
1602 1879 1768 1905 carnem.
1800 1867 1848 1904 Et
1876 1866 1964 1904 ideo
1985 1879 2066 1905 non
2085 1874 2142 1907 est
2160 1867 2292 1908 similis
2309 1867 2406 1907 ratio
2427 1868 2475 1907 de

269 1935 383 1972 super
412 1922 553 1959 omnia.
584 1922 694 1959 Unde
716 1922 961 1959 manifestum
991 1928 1047 1958 est
1073 1920 1179 1969 quod
1200 1920 1343 1969 patien-
1369 1911 1372 1965 l
1397 1920 1595 1970 patientia,
1625 1933 1726 1969 quae
1756 1920 1931 1970 procedit
1950 1932 1995 1958 ex
2024 1932 2160 1959 amore
2179 1921 2473 1970 supernaturali.

322 2038 347 2071 β)
369 2039 416 2064 vis.
429 2052 448 2057 —
467 2038 511 2063 via
533 2037 776 2067 PABCDEFHIKa,
797 2037 912 2062 materia
931 2037 961 2061 L.

321 2077 348 2109 γ)
369 2077 484 2106 oportet.
496 2088 515 2093 -
534 2074 641 2099 videtur
660 2074 711 2098 ΡΙ).

1451 2034 1477 2069 ὃ)
1497 2035 1578 2061 mala.
1590 2049 1610 2055 —
1623 2039 1740 2069 propter
1759 2036 1828 2061 bona
1838 2034 1994 2068 praesentia
2014 2034 2084 2060 addit
2096 2035 2140 2064 sc.
2150 2038 2266 2068 propter
2278 2035 2347 2061 bona
2360 2034 2432 2061 addit
2441 2034 2476 2062 ΙΨ.

1451 2073 1474 2105 ι)
1497 2072 1557 2098 Dei.
1569 2085 1589 2092 -
1606 2071 1715 2106 gratiae
1735 2072 1788 2097 Det
1806 2071 1859 2096 PD.

956 2150 1293 2184 commentaria
1317 2150 1570 2185 Cardinalifl
1593 2151 1796 2184 Caietam

300 2246 319 2266 N
337 2234 469 2265 articulo
485 2233 577 2264 tertio
594 2233 738 2264 eiusdem
758 2231 1232 2272 centesimaetrigesimaesextae
1248 2241 1345 2272 quae·
1372 2231 1374 2282 ἱ

276 2248 412 2310 lstionis
442 2278 539 2309 dubia
567 2285 738 2308 occurrunt
765 2277 867 2307 multa
886 2286 923 2307 ex
947 2276 1102 2312 Mat-tino,
1128 2276 1182 2307 ubi
1206 2286 1302 2317 supra
1318 2275 1345 2312 *,

271 2335 325 2366 qu.
351 2335 383 2354 111
411 2323 438 2354 *.
470 2323 614 2354 Primum
637 2319 668 2336 *¹*
701 2321 780 2353 circa
809 2321 896 2352 illam
922 2320 1177 2362 propositionem
1209 2320 1345 2352 litterae:

271 2369 360 2401 Illud
375 2369 492 2399 bonum
502 2372 638 2408 propter
660 2367 746 2407 quod
768 2367 886 2407 aliquis
911 2366 979 2397 vult
1003 2366 1144 2403 malum,
1170 2370 1217 2396 est
1240 2366 1346 2407 magis

273 2415 404 2446 volitum
422 2419 452 2444 et
467 2417 611 2444 amatum
628 2421 723 2452 quam
747 2411 829 2442 illud
844 2411 960 2442 bonum
986 2412 1079 2442 cuius
1091 2411 1234 2451 privatio
1255 2411 1346 2451 inge-

272 2460 314 2490 rit
341 2459 485 2490 dolorem
510 2467 602 2498 quem
626 2458 792 2497 patienter
815 2455 1002 2486 toleramus.
1033 2454 1164 2486 Contra.
1193 2454 1346 2486 Patientia

272 2510 318 2535 est
343 2509 485 2543 respectu
511 2501 672 2532 malorum
697 2500 881 2541 simpliciter
904 2499 1150 2536 inevitabilium,
1176 2509 1242 2530 non
1273 2509 1346 2540 pro-

273 2555 341 2589 pter
370 2546 501 2588 aliquod
524 2546 612 2577 aliud
629 2545 730 2586 magis
753 2544 900 2581 volitum,
918 2545 973 2575 sed
996 2544 1072 2586 quia
1096 2545 1184 2575 decet
1198 2543 1347 2585 aequani-

272 2593 365 2624 miter
388 2592 530 2623 tolerare.
555 2591 628 2621 Non
649 2600 724 2630 ergo
742 2589 894 2630 patientia
917 2599 1043 2630 semper
1069 2595 1116 2620 est
1139 2596 1270 2629 propter
1293 2589 1347 2620 bo-

273 2647 351 2668 num
378 2636 477 2676 magis
493 2642 648 2666 amatum.
667 2652 687 2657 -
712 2635 751 2665 Et
775 2633 990 2665 confirmatur.
1012 2633 1096 2671 Quia
1113 2633 1209 2664 huius
1225 2633 1347 2674 generis

274 2682 333 2714 fuit
352 2681 502 2721 patientia
521 2679 707 2721 ipsius'lob.
725 2697 743 2702 —
760 2679 802 2710 Et
825 2678 943 2715 nescio,
959 2678 1074 2720 inquit,
1092 2678 1261 2719 quomodo
1285 2678 1347 2709 hoc

273 2726 441 2768 patientiae
463 2735 565 2766 genus
589 2735 606 2754 a
630 2725 723 2755 beato
747 2723 877 2754 Thomu
900 2722 1158 2764 praetermissum
1182 2730 1238 2754 est.

328 2771 379 2802 Ad
403 2771 488 2801 idem
505 2776 664 2810 praeterea
685 2769 858 2809 respondet
876 2769 915 2799 ad
938 2767 1157 2799 auctoritatem
1174 2767 1346 2808 Augustini

274 2817 306 2846 in
330 2815 442 2851 littera,
467 2825 548 2855 quae
573 2821 619 2844 est
643 2813 891 2844 fundamentum
919 2813 1019 2844 dictae
1044 2811 1282 2853 propositionis.
1308 2812 1349 2843 Et

275 2861 348 2891 dicit
380 2860 469 2900 quod
497 2859 614 2900 duplex
647 2865 692 2889 est
726 2857 885 2899 patientia.
918 2857 1086 2896 Quaedam
1119 2864 1294 2898 spontanea
1317 2864 1349 2888 et

274 2906 381 2946 quoad
413 2903 694 2945 aequanimitatem
719 2910 749 2933 et
778 2903 886 2943 quoad
915 2902 1154 2933 tolerationem:
1188 2901 1231 2932 ita
1259 2902 1348 2943 quod

274 2950 306 2980 in
331 2956 486 2990 potestate
512 2956 619 2979 nostra
643 2955 688 2978 est
713 2957 779 2978 non
803 2947 936 2978 tolerare
961 2947 1058 2983 mala,
1084 2954 1115 2978 et
1138 2947 1268 2987 perdere
1291 2947 1348 2977 bo-

275 3005 352 3025 num
379 3003 436 3034 pro
461 3003 527 3034 quo
551 2993 734 3023 toleramus.
760 2992 799 3022 Et
824 2992 862 3022 de
887 2991 940 3022 tali
964 2991 1107 3032 loquitur
1131 2991 1347 3032 Augustinus:

276 3047 309 3070 ut
333 3038 473 3069 insinuat
489 3047 545 3078 per
568 3037 599 3078 ly
615 3042 727 3078 sponte
750 3038 912 3077 suscipere
935 3037 1019 3077 quod
1038 3037 1171 3067 cruciat.
1195 3053 1216 3059 -
1241 3035 1348 3073 Quae-

276 3085 349 3114 dam
374 3093 447 3113 vero
473 3089 547 3113 sunt
571 3089 746 3122 spontanea
769 3081 900 3121 quidem
925 3081 1033 3122 quoad
1058 3080 1348 3122 aequanimitatem,

276 3129 330 3159 sed
355 3138 420 3158 non
445 3127 553 3168 quoad
577 3126 792 3162 tolerantiam,
817 3125 902 3166 quia,
927 3125 1001 3156 velit
1025 3125 1119 3161 nolit,
1144 3131 1273 3166 oportet
1296 3125 1349 3155 illa

277 3174 359 3203 mala
390 3172 464 3213 pati.
494 3172 534 3202 Et
558 3171 635 3202 haec
667 3170 726 3201 fuit
746 3171 777 3200 in
804 3170 869 3200 lob.
901 3171 940 3201 Et
965 3170 1002 3200 de
1027 3169 1085 3200 hac
1110 3180 1175 3200 non
1206 3170 1351 3211 loquitur

277 3217 486 3256 Augustinus.

279 3358 309 3381 et
325 3350 421 3390 gratia
437 3357 561 3389 gratum
579 3349 720 3380 faciente.
747 3348 867 3380 Contra
892 3348 952 3379 hoc
969 3348 1072 3389 arguit
1086 3347 1102 3367 *
1122 3348 1348 3389 multipliciter.

279 3394 397 3424 Primo.
432 3394 554 3434 Aliquis
578 3401 665 3424 actus
690 3393 857 3434 patientiae
887 3399 992 3433 potest
1025 3402 1091 3423 esse
1115 3394 1220 3425 bonus
1249 3401 1350 3424 mora-

280 3439 358 3473 liter,
376 3445 406 3468 et
429 3448 494 3468 non
520 3437 699 3468 meritorius
723 3437 804 3469 vitae
829 3445 981 3469 aeternae.
1007 3437 1101 3478 Ergo.

336 3482 494 3513 Secundo.
526 3481 678 3512 Possibile
702 3489 747 3512 est
771 3483 859 3522 quod
884 3482 999 3523 aliquis
1028 3482 1095 3512 sine
1125 3481 1222 3522 gratia
1246 3489 1278 3512 et
1300 3490 1348 3512 ca-

280 3528 369 3558 ritate
394 3527 505 3557 habeat
528 3526 672 3557 habitum
693 3525 861 3565 patientiae
876 3525 1006 3557 firmum
1023 3533 1054 3557 et
1069 3526 1241 3558 intensum.
1265 3525 1350 3565 Ergo

282 3579 385 3612 potest
410 3571 491 3602 exire
516 3571 546 3600 in
571 3578 678 3601 actum
703 3570 769 3600 sine
794 3570 918 3600 caritate
943 3579 973 3602 et
996 3570 1103 3609 gratia.
1137 3570 1176 3601 Et
1200 3570 1351 3610 probatur

282 3615 465 3647 manifeste:
491 3615 566 3656 quia
590 3614 666 3645 fides
692 3621 795 3654 potest
819 3625 896 3650 esse,
922 3622 951 3644 et
975 3615 1055 3645 exire
1080 3614 1111 3644 in
1138 3621 1254 3649 actum,
1285 3613 1349 3643 sine

282 3661 417 3692 caritate.
443 3660 538 3699 Ergo.

1456 2236 1578 2267 Tertio.
1604 2235 1688 2274 Quia
1713 2236 1737 2266 si
1762 2235 1876 2277 aliquis
1902 2236 2021 2267 habens
2039 2235 2202 2268 'habitum
2231 2236 2404 2277 patientiae
2425 2236 2478 2270 fir-

1401 2290 1493 2312 mum
1517 2288 1548 2312 et
1577 2280 1756 2317 intensum,
1781 2287 1890 2320 peccet
1913 2280 2092 2312 mortaliter
2112 2288 2143 2312 et
2170 2281 2282 2321 perdat
2304 2281 2478 2320 caritatem,

1401 2325 1518 2366 poterit
1541 2325 1751 2356 nihilominus
1774 2325 1842 2356 sine
1865 2325 1991 2356 caritate
2014 2325 2096 2356 exire
2119 2325 2152 2356 in
2177 2333 2296 2363 actum,
2322 2333 2358 2357 ut
2381 2333 2478 2367 patet,

1401 2370 1483 2401 sicut
1507 2370 1600 2401 ceteri
1623 2369 1751 2401 habitus
1774 2376 1983 2400 remanentes.
2009 2370 2106 2410 Ergo.

1457 2415 1591 2452 Quarto.
1616 2414 1732 2446 Omnis
1756 2421 1897 2446 creatura
1920 2413 2082 2445 rationalis
2105 2414 2225 2445 habens
2249 2415 2372 2446 actuale
2395 2415 2478 2446 iudi-

1402 2459 1489 2491 cium
1512 2469 1579 2500 quo
1603 2459 1721 2490 iudicat
1744 2458 1879 2499 gratuita
1895 2468 1962 2490 esse
1986 2458 2191 2499 praeferenda
2209 2458 2362 2490 omnibus
2386 2459 2478 2492 bonis

2500 432 2509 440 ⁸
2525 430 2591 453 Vere.
2606 437 2629 457 4.

2500 589 2510 599 ⁸
2526 588 2592 611 Vers.
2606 595 2627 617 5.

2518 1987 2528 2003 2

1401 2504 1607 2541 naturalibus,
1633 2510 1738 2544 potest
1762 2513 1817 2544 per
1840 2502 1937 2535 fidem
1960 2503 2144 2540 informem,
2168 2513 2243 2535 cum
2268 2503 2398 2544 speciali
2421 2514 2514 2539 ati->2

1400 2548 1476 2580 xilio
1501 2548 1576 2585 Dei,
1601 2548 1668 2580 sine
1692 2547 1819 2579 caritate
1843 2555 1968 2584 tamen,
1993 2548 2108 2579 habere
2135 2547 2216 2580 velle
2248 2547 2415 2580 conforme
2437 2549 2478 2580 ad

1402 2594 1462 2624 tale
1486 2593 1656 2624 dictamen.
1683 2593 1778 2633 Ergo.
1803 2609 1824 2616 -
1847 2595 2062 2633 Assumptum
2085 2599 2187 2634 patet:
2212 2592 2288 2634 quia
2310 2592 2400 2624 aliter
2421 2603 2478 2625 vo-

1401 2639 1508 2669 luntas
1531 2648 1598 2669 non
1623 2645 1703 2668 esset
1728 2638 1836 2668 libera.

1459 2682 1592 2720 Quinto.
1610 2682 1703 2714 Multi
1719 2682 1852 2723 gentiles
1869 2682 2048 2714 habuerunt
2059 2681 2209 2713 virtutem
2224 2682 2405 2723 patientiae,
2417 2690 2477 2714 etc.

1402 2727 1552 2759 Similiter
1576 2727 1670 2758 multi
1686 2737 1745 2768 pro
1766 2727 1854 2758 bono
1879 2726 2020 2758 sanitatis
2040 2727 2206 2767 patiuntur
2221 2726 2402 2764 incisiones,
2417 2734 2476 2760 etc.

1401 2772 1498 2813 Ergo.
1523 2791 1542 2796 -
1566 2773 1632 2804 Nec
1656 2772 1738 2803 valet
1762 2771 1883 2803 solutio
1906 2771 2065 2807 Thomae,
2088 2771 2122 2803 in
2146 2771 2410 2812 responsionibus
2431 2781 2477 2803 ar-

1401 2825 1631 2858 gumentorum
1646 2816 1674 2852 *,
1699 2816 1832 2847 dicentis
1847 2817 1937 2858 quod
1953 2816 2070 2848 bonum
2080 2817 2236 2857 politicae
2251 2817 2380 2848 virtutis
2394 2825 2478 2848 com-

1402 2867 1623 2894 mensuratum
1648 2867 1695 2893 est
1718 2867 1858 2892 naturae
1881 2862 2055 2898 humanae,
2076 2861 2193 2892 bonum
2216 2866 2323 2892 autem
2345 2862 2479 2902 gratiae

1403 2912 1449 2938 est
1472 2907 1741 2948 supernaturale:
1766 2913 1797 2936 et
1820 2906 1964 2937 similiter
1978 2911 2116 2946 propter
2136 2907 2307 2937 sanitatem
2318 2907 2392 2946 pati
2399 2915 2478 2946 pro·

1402 2952 1485 2983 cedit
1507 2962 1550 2983 ex
1571 2961 1683 2982 amore
1707 2951 1869 2988 naturali,
1889 2951 2047 2991 patientia
2072 2960 2148 2981 vero
2167 2960 2209 2981 ex
2231 2959 2344 2981 amore
2365 2959 2477 2991 super-

1403 2997 1557 3028 naturali.
1588 2995 1881 3032 Commensuratio,
1906 2995 2021 3036 inquit,
2046 2994 2123 3026 boni
2146 2994 2242 3026 amati
2266 2995 2306 3025 ad
2331 3001 2477 3026 naturam

1403 3049 1449 3073 est
1473 3041 1608 3072 omnino
1632 3040 1839 3081 impertinens
1864 3041 1903 3070 ad
1927 3040 1989 3071 hoc
2013 3039 2103 3081 quod
2125 3045 2255 3080 propter
2284 3039 2392 3079 ipsum
2416 3039 2479 3070 sint

1376 3106 1377 3110 =
1403 3086 1635 3128 aequanimiter
1665 3085 1749 3116 mala
1772 3085 1947 3116 toleranda.
1983 3084 2087 3115 Immo
2118 3082 2246 3125 propria
2275 3083 2355 3114 ratio
2382 3083 2478 3114 huius

1402 3130 1586 3163 tolerantiae
1611 3137 1657 3161 est
1679 3139 1772 3160 amor
1794 3129 1890 3160 huius
1913 3129 2001 3160 boni.
2035 3128 2097 3160 Sed
2121 3128 2161 3159 ad
2183 3137 2328 3159 amorem
2351 3127 2477 3164 sufficit,

1404 3186 1478 3207 cum
1506 3176 1647 3206 libertate
1676 3174 1867 3210 voluntatis,
1893 3173 2048 3205 iudicium
2079 3172 2209 3204 rationis
2238 3172 2478 3213 aequanimam,

1376 3228 1377 3253 1
1403 3229 1479 3252 cum
1503 3219 1621 3251 auxilio
1645 3219 1715 3254 Dei,
1740 3218 1807 3250 sine
1831 3217 1957 3249 caritate
1980 3224 2097 3248 tamen.

334 3262 370 3292 ll.
395 3261 576 3292 Secundum
600 3260 730 3291 dubium
747 3259 764 3278 *
787 3266 835 3290 est
858 3259 938 3290 circa
961 3259 1051 3296 illud,
1076 3259 1165 3300 quod
1189 3258 1349 3299 patientia,
1376 3256 1377 3269 ³

278 3306 454 3336 secundum
479 3306 568 3346 quod
592 3311 638 3335 est
662 3304 771 3340 virtus,
789 3314 854 3335 non
872 3311 978 3345 potest
1001 3303 1108 3335 haberi
1132 3303 1199 3334 sine
1224 3303 1349 3335 caritate
1376 3301 1378 3331 i

1458 3264 1566 3301 Sexto,
1590 3264 1666 3305 quia
1688 3267 1873 3304 sequentur
1894 3262 1986 3303 quod
2009 3261 2118 3292 nullus
2136 3261 2170 3293 in
2194 3267 2325 3302 peccato
2349 3261 2476 3295 mortali

1405 3310 1539 3342 existens
1562 3307 1663 3350 possit
1686 3307 1751 3349 pati
1770 3317 1829 3348 pro
1854 3306 1992 3339 Christo.
2019 3306 2092 3337 Hoc
2111 3313 2158 3337 est
2176 3305 2309 3338 falsum:
2334 3312 2371 3338 ut
2393 3312 2479 3347 patet

1405 3355 1444 3386 de
1460 3352 1706 3394 haereticis,.qui
1725 3352 1931 3383 arbitrantur
1949 3350 2133 3391 obsequium
2152 3360 2187 3382 se
2198 3355 2372 3392 praestare
2389 3348 2479 3382 Chri-

1406 3406 1455 3430 sto
1471 3398 1497 3430 *.
1523 3397 1618 3438 Ergo.
1643 3414 1664 3420 -
1688 3394 1754 3428 Nec
1784 3396 1882 3431 valet,
1907 3394 2028 3437 inquit,
2054 3395 2156 3426 dicere
2180 3395 2270 3437 quod
2300 3395 2477 3426 secundum

1405 3441 1567 3474 veritatem
1598 3450 1664 3471 non
1695 3439 1860 3481 patiuntur
1883 3449 1942 3480 pro
1967 3438 2112 3471 Christo:
2145 3439 2220 3482 quia
2250 3438 2366 3471 sufficit
2388 3439 2478 3482 quod

1406 3487 1535 3518 credant
1557 3494 1590 3516 se
1613 3484 1678 3525 pati
1702 3494 1762 3525 pro
1786 3484 1924 3515 Christo.
2335 3487 2339 3490 ’

1463 3531 1514 3562 lll.
1544 3531 1687 3561 Tertium
1710 3529 1840 3560 dubium
1857 3528 1874 3548 *
1898 3536 1944 3560 est
1967 3536 2076 3560 contra
2093 3529 2249 3561 rationem
2273 3527 2373 3561 sancti
2389 3527 2479 3560 'Eho-

1406 3585 1476 3605 mae
1490 3574 1522 3604 in
1546 3574 1663 3604 littera:
1689 3574 1809 3604 Nullus
1825 3574 1915 3614 eligit
1927 3575 1998 3614 pati
2022 3575 2186 3605 tristitiam
2202 3578 2339 3614 propter
2356 3582 2402 3610 se,
2421 3572 2477 3603 sed

1406 3629 1475 3650 eam
1499 3619 1610 3649 hof-ret
1631 3618 1806 3649 secundum
1831 3628 1882 3649 se:
1906 3619 1963 3649 sed
1984 3619 2089 3650 solum
2100 3618 2346 3660 propterfinem
2372 3617 2478 3657 magis

1405 3668 1562 3700 amatum,
1581 3670 1639 3694 etc.
1662 3662 1710 3693 Ad
1729 3663 1818 3699 hanc,
1836 3662 1939 3703 inquit
1957 3662 1984 3699 ⁴¹,
2002 3662 2170 3698 rationem,
2184 3661 2349 3703 loquendo
2367 3662 2405 3691 de
2423 3670 2476 3700 pa-

2507 2825 2639 2852 ⁸Ada,3.

2507 3407 2515 3415 ⁸
2531 3405 2567 3428 (Σῖ.
2583 3405 2647 3428 loon.
2668 3411 2719 3432 etp.

2506 3438 2552 3457 xvi.
2568 3438 2627 3454 vers.
2644 3437 2664 3454 ι.

2508 3534 2515 3542 ·
2531 3533 2567 3555 Cf.
2583 3539 2646 3555 num.
2658 3539 2700 3555 vn.

2507 3644 2516 3654 ⁸
2531 3643 2599 3665 Com.
2615 3643 2718 3665 conclus.

2506 3676 2522 3692 ι.
