2768 4198
61 1882 70 1892 ⁸
85 1881 151 1902 Vera.
166 1887 188 1907 4.

61 2046 164 2094 {egapilk
172 2058 182 2062 -
191 2045 215 2068 S.
226 2045 272 2067 Th.

63 2259 71 2267 ⁸
86 2258 142 2285 Cap.
159 2264 231 2279 xxvii.

64 2689 71 2697 ·
90 2686 114 2707 l).
133 2691 178 2714 ¹9⁰-

297 349 375 395 406

943 346 1210 394 QUAESTIO
1242 344 1432 390 CLXXV,
1462 343 1760 381 ARTICULUS
1792 343 1841 380 IV

1083 514 1404 557 ARTICULUS
1439 514 1717 565 QUARTUS

741 607 895 638 UTRUM
920 605 1086 637 PAULUS
1112 605 1155 635 IN
1178 604 1324 635 RAPTU
1347 604 1508 635 FUERIT
1533 603 1780 635 AL1ENATus
1804 607 1833 635 A
1856 604 2054 636 SENSIBUS

558 688 631 718 Infra,
651 695 694 719 qu.
715 693 802 715 crxxx,
823 690 868 710 art.
890 684 918 714 5;
938 684 972 708 IV
992 684 1076 713 Sent.,
1097 684 1154 709 dist.
1173 691 1240 712 xmx,
1261 690 1304 715 qu.
1323 690 1352 712 11,
1371 687 1418 708 art.
1438 690 1462 715 7,
1482 683 1515 707 ad
1533 690 1567 714 4;
1589 682 1630 707 De
1654 678 1743 712 Venit„
1763 689 1809 715 qu.
1827 691 1851 715 x,
1871 689 1918 710 art.
1941 691 1986 715 113
2005 691 2051 717 qu.
2069 692 2124 716 xm,
2143 690 2190 711 art.
2211 685 2239 716 Εἷς

855 720 951 750 Quodl.
971 720 989 750 1,
1009 727 1053 752 qu.
1072 726 1096 750 1;
1118 719 1147 743 In
1169 718 1252 747 Ioan.,
1273 726 1327 751 cap.
1346 726 1364 750 1,
1385 719 1443 743 lect.
1462 726 1503 749 x1;
1523 718 1543 743 ll
1562 718 1599 742 ad
1621 718 1690 747 Cor„
1711 725 1767 750 cap.
1785 725 1829 748 ιιι,
1848 719 1906 744 lect.
1925 726 1943 744 x.

353 854 375 883 '¹‘
418 848 428 861 ”’
513 864 653 900 Paulus
682 862 719 898 in
749 869 858 910 raptu
886 872 965 897 non
994 859 1103 896 fuerit
1132 859 1315 896 alienatus
1344 872 1366 896 a

331 955 365 964 ..
494 913 697 953 sensibus.
735 914 835 951 Dicit
872 914 973 950 enim
1009 912 1266 961 Augustinus,
1295 913 1365 949 XII

356 984 368 998 κ
388 962 445 999 ³⁰⁹3·
469 961 502 1005 Χ.
530 981 623 1017 uper
646 968 739 1005 Gen.
769 968 820 1004 ad
847 966 910 1004 litt.
935 966 976 1003 *z
1011 966 1090 1003 Cur
1124 978 1198 1003 non
1235 966 1365 1003 creda-

299 1037 382 1062 mus
402 1029 419 1045 ²
447 1023 548 1071 quod
573 1027 675 1059 tanto
702 1020 895 1069 Apostolo,
915 1020 1077 1057 Doctori
1098 1019 1285 1065 Gentium,
1306 1031 1367 1056 ra-

293 1084 359 1127 pto
396 1088 511 1125 usque
546 1075 598 1112 ad
627 1076 747 1123 ipsam
785 1073 1135 1111 excellentissimam
1172 1073 1366 1119 visionem,

299 1130 460 1169 voluerit
490 1130 594 1165 Deus
629 1129 890 1165 demonstrare
921 1128 1037 1164 vitam
1077 1127 1114 1163 in
1148 1138 1245 1175 qua,
1283 1131 1371 1174 post

298 1186 397 1221 hanc
423 1183 557 1228 vitam,
586 1182 787 1219 vivendum
817 1186 872 1218 est
896 1181 933 1218 in
962 1179 1190 1217 aeternum?
1223 1180 1301 1217 Sed
1329 1179 1368 1216 in

299 1238 358 1275 illa
379 1237 454 1274 vita
483 1236 606 1272 futura
635 1235 765 1282 sancti,
796 1242 884 1283 post
911 1233 1242 1281 resurrectionem,
1262 1233 1368 1270 vide-

299 1293 394 1328 bunt
426 1289 497 1326 Dei
527 1288 731 1326 essentiam
760 1289 907 1336 absque
936 1288 1011 1324 hoc
1049 1287 1155 1335 quod
1188 1287 1255 1323 fiat
1283 1287 1367 1324 abs-

298 1343 429 1382 tractio
459 1355 480 1379 a
509 1342 682 1379 sensibus
712 1341 884 1390 corporis
903 1339 930 1378 β.
961 1341 1064 1389 Ergo
1094 1352 1164 1377 nec
1189 1340 1226 1376 in
1246 1341 1367 1377 Paulo

300 1398 366 1434 suit
393 1395 614 1434 huiusmodi
644 1395 846 1432 abstractio
875 1395 984 1431 facta.

354 1463 387 1488 2.
417 1452 652 1495 PRAETEREA,
675 1449 848 1486 Christus
866 1460 958 1486 vere
977 1447 1103 1484 viator
1122 1446 1201 1494 fuit,
1223 1454 1259 1483 et
1279 1459 1368 1483 con-

298 1505 399 1541 tinue
427 1503 578 1540 visione
607 1502 759 1540 divinae
791 1501 976 1539 essentiae
997 1501 1203 1548 fruebatur,
1225 1513 1296 1537 nec
1315 1507 1368 1536 ta-

299 1570 389 1595 men
418 1557 535 1594 fiebat
563 1556 764 1594 abstractio
795 1568 817 1592 a
845 1555 1030 1593 sensibus.
1071 1555 1174 1602 Ergo
1203 1566 1274 1590 nec
1303 1553 1370 1590 fuit

299 1610 554 1648 necessarium
594 1610 700 1658 quod
737 1609 775 1646 in
814 1609 933 1646 Paulo
971 1607 1080 1645 fieret
1115 1606 1318 1645 abstractio
1348 1619 1367 1644 a

299 1664 482 1711 sensibus,
513 1663 561 1700 ad
590 1664 665 1700 hoc
693 1664 798 1712 quod
827 1662 899 1699 Dei
931 1661 1134 1699 essentiam
1162 1660 1320 1698 videret.

354 1720 388 1755 3.
420 1719 663 1763 PRAETEREA,
692 1716 854 1762 Paulus,
891 1723 1098 1765 postquam
1137 1715 1265 1751 Deum
1303 1725 1372 1763 per

301 1771 503 1808 essentiam
531 1770 680 1808 viderat
698 1775 725 1817 Υ,
756 1781 909 1806 memor
936 1769 1005 1806 fuit
1033 1768 1182 1805 illorum
1212 1779 1313 1816 quae
1331 1767 1369 1804 in

299 1825 360 1862 illa
379 1825 527 1862 visione
549 1830 818 1874 conspexerat:
847 1823 951 1860 unde
972 1822 1134 1869 dicebat,
1156 1822 1187 1858 II
1208 1821 1260 1858 ad
1281 1821 1369 1858 Cor.

298 1878 403 1915 x11*:
432 1878 587 1915 Audiuit
605 1875 618 1899 ⁶
647 1889 792 1915 arcana
811 1877 940 1922 verba,
970 1887 1068 1924 quae
1096 1887 1170 1912 non
1193 1875 1278 1912 licet
1304 1875 1370 1911 ho—

299 1932 395 1968 mini
419 1931 532 1980 loqui.
569 1931 646 1968 Sed
675 1929 863 1967 memoria
892 1929 940 1967 ad
969 1937 1117 1978 partem
1148 1928 1369 1965 sensitivam
1397 1945 1399 1960 ι

300 1985 477 2034 pertinet:
507 1992 550 2022 ut
577 1992 681 2034 patet
708 1996 778 2033 per
806 1983 1103 2032 Philosophum,
1134 1982 1172 2019 in
1202 1982 1298 2019 libro
1327 1982 1372 2018 de
1397 2009 1399 2028 a

299 2040 420 2076 Mem.
450 2044 486 2075 et
511 2039 661 2076 Remin.
682 2038 702 2059 *
739 2038 842 2085 Ergo
878 2036 1032 2074 videtur
1064 2035 1170 2084 quod
1204 2043 1241 2072 et
1273 2035 1372 2072 Pau—

300 2093 370 2139 lus,
400 2091 570 2129 videndo
600 2091 672 2128 Dei
701 2091 917 2137 essentiam,
947 2102 1027 2127 non
1055 2089 1123 2126 fuit
1146 2089 1329 2126 alienatus
1349 2101 1371 2126 a

302 2145 488 2182 sensibus.

356 2199 431 2235 SED
464 2210 611 2235 CONTRA
644 2209 711 2234 EST
743 2198 850 2247 quod
885 2196 1121 2245 Augustinus
1157 2195 1266 2241 dicit,
1299 2196 1370 2232 XII

301 2263 414 2300 super
437 2252 530 2288 Gen.
561 2252 612 2288 ad
638 2251 701 2287 litt.
723 2250 763 2287 *t
800 2250 889 2288 Nisi
920 2251 969 2287 ab
1001 2250 1073 2286 hac
1106 2249 1182 2286 vita
1217 2249 1373 2297 quisque

302 2305 580 2353 quodammodo
618 2304 825 2349 moriatur,
859 2304 937 2340 sive
974 2303 1128 2338 omnino
1163 2302 1292 2338 exiens
1329 2302 1374 2338 de

304 2370 483 2407 corpore,
512 2358 591 2394 sive
622 2368 777 2394 aversus
813 2362 849 2393 et
881 2356 1065 2393 alienatus
1098 2367 1121 2392 a
1150 2355 1342 2402 corporeis
1361 2358 1372 2376 ⁸

303 2412 482 2457 sensibus,
512 2412 549 2448 in
579 2411 682 2447 illam
712 2422 786 2447 non
815 2409 1032 2446 subvehitur
1059 2408 1251 2445 visionem.

358 2465 585 2502 REsponnao
609 2475 796 2500 memnon
826 2463 931 2511 quod
960 2461 1091 2499 divina
1112 2460 1275 2498 essentia
1295 2472 1373 2497 non

305 2525 429 2567 potest
463 2517 510 2554 ab
540 2517 698 2554 homine
726 2516 847 2554 videri
885 2527 952 2564 per
981 2515 1093 2552 aliam
1121 2514 1202 2551 vim
1233 2526 1371 2562 cogno·

304 2571 478 2608 scitivam
507 2582 623 2619 quam
647 2582 716 2618 per
735 2570 979 2606 intellectum.
1012 2568 1224 2605 Intellectus
1245 2575 1371 2604 autem

304 2625 496 2661 humanus
525 2636 604 2660 non
633 2623 865 2660 convertitur
885 2623 933 2660 ad
953 2621 1142 2659 sensibilia
1163 2620 1174 2646 t
1203 2620 1274 2658 nisi
1294 2633 1372 2657 me-

304 2677 495 2715 diantibus
523 2676 853 2726 phantasmatibus
872 2675 903 2723 *,
933 2688 1002 2724 per
1030 2687 1128 2724 quae
1152 2674 1298 2723 species
1319 2674 1372 2711 in—

303 2731 511 2779 telligibiles
540 2743 562 2767 a
583 2730 822 2767 sensibilibus
843 2729 989 2778 accipit,
1011 2736 1047 2765 et
1065 2728 1103 2765 in
1123 2728 1262 2777 quibus
1283 2740 1371 2764 con-

304 2784 474 2822 siderans
510 2783 557 2821 de
591 2783 831 2821 sensibilibus
871 2782 1012 2820 iudicat
1045 2789 1081 2819 et
1114 2793 1159 2818 ea
1194 2781 1371 2830 disponit.

304 2839 352 2875 Et
381 2838 467 2875 ideo
498 2837 535 2874 in
564 2837 671 2874 omni
701 2837 923 2886 operatione
963 2847 1038 2885 qua
1066 2835 1276 2872 intellectus
1305 2847 1371 2871 no-

305 2899 380 2928 ster
418 2891 644 2928 abstrahitur
681 2903 702 2927 a
741 2890 1086 2939 phantasmatibus,
1124 2900 1281 2925 necesse
1319 2895 1373 2924 est

303 2945 407 2993 quod
443 2944 681 2981 abstrahatur
714 2956 735 2980 a
770 2943 955 2981 sensibus.
993 2942 1207 2980 Intellectus
1243 2948 1371 2978 autern

357 3078 384 3108 α)
404 3075 554 3101 credamus.
564 3089 583 3094 -
597 3075 731 3100 credimus
746 3075 808 3099 PKa
816 3083 823 3105 ;
842 3083 890 3108 pro
903 3075 1055 3105 vivendum,
1069 3074 1202 3100 videndus
1215 3074 1269 3103 CH.
1284 3074 1375 3099 unien—

305 3112 355 3137 dus
374 3113 403 3136 L.

358 3146 382 3179 β)
401 3146 562 3179 corporis.-
580 3146 716 3178 corporeis
734 3146 785 3172 PC.

357 3186 382 3216 γ)
403 3183 517 3208 viderat.
530 3195 548 3201 -
566 3182 670 3207 uideret
687 3182 851 3215 ABEFILpC
869 3187 895 3206 et
914 3189 940 3210 a,
956 3182 1023 3207 vidit
1042 3182 1073 3207 D.
1085 3196 1104 3201 —
1123 3183 1173 3208 Pro
1185 3186 1374 3214 conspexerat,

304 3219 477 3250 conspexerit
493 3217 607 3247 BEFLa,
626 3217 770 3249 conspexit
788 3217 880 3243 Amx.

357 3253 381 3285 δ)
401 3254 521 3279 Audiuit.
534 3267 553 3272 -
570 3253 672 3278 Audivi
691 3253 782 3279 PAsK.

358 3291 380 3321 ε)
399 3289 544 3322 corporeis.
558 3302 573 3308 —
591 3289 715 3321 corporis
740 3289 788 3313 Pla
795 3297 804 3319 ,·
822 3297 871 3321 pro
893 3289 1057 3319 subvehitur,
1076 3290 1234 3315 subuenitur·
1257 3289 1374 3323 EFLpA,

305 3325 411 3350 vehitur
430 3325 476 3350 Pa.

511 823 533 847 D
550 821 722 852 QUARTUM
743 820 796 845 sm
816 818 1057 844 paocam‘roa.
1080 805 1242 843 Videtur
1260 806 1367 854 quod
1391 804 1394 857 Ι
1421 805 1601 852 hominis,
1633 805 1671 842 in
1699 813 1798 842 statu
1827 805 1924 854 viae,
1954 819 2109 845 necesse
2131 817 2187 846 est
2209 811 2312 858 quod
2334 822 2356 847 a
2375 812 2495 860 phan-

1422 858 1647 896 tasmatibus
1676 859 1927 907 abstrahatur,
1958 860 1988 897 si
2015 860 2146 899 videat
2173 862 2246 900 Dei
2275 864 2492 902 essentiam.

1423 912 1515 950 Non
1552 911 1655 949 enim
1692 925 1761 961 per
1799 912 1956 961 aliquod
1993 914 2222 965 phantasma
2259 924 2385 966 potest
2421 917 2494 954 Dei

1423 965 1585 1003 essentia
1613 965 1753 1012 videri3
1784 965 2000 1015 quinimmo
2030 979 2102 1004 nec
2129 979 2200 1016 per
2223 969 2390 1018 aliquam
2409 983 2494 1020 spe-

1393 1065 1395 1074 ·
1423 1019 1521 1056 ciem
1552 1018 1825 1067 intelligibilem
1855 1027 2023 1057 creatam
2042 1019 2081 1057 *τ
2111 1020 2201 1070 quia
2229 1023 2393 1061 essentia
2421 1024 2495 1061 Dei

1423 1072 1461 1110 in
1490 1072 1683 1109 infinitum
1714 1072 1860 1110 excedit
1889 1085 1968 1110 non
1996 1074 2123 1111 solum
2153 1074 2284 1112 omnia
2313 1089 2495 1126 corpora,

1423 1138 1590 1175 quorum
1628 1133 1716 1163 sunt
1750 1127 2041 1175 phantasmata,
2081 1127 2148 1165 sed
2187 1128 2301 1166 etiam
2338 1142 2497 1168 omnem

1423 1179 1695 1227 intelligibilem
1725 1187 1949 1217 creaturam.
1980 1180 2144 1230 Oportet
2172 1189 2314 1230 autem,
2335 1195 2422 1220 curn
2442 1183 2499 1221 in-

1423 1233 1594 1270 tellectus
1609 1232 1776 1270 hominis
1797 1234 1967 1271 elevatur
1980 1234 2029 1271 ad
2048 1234 2269 1273 altissimam
2283 1236 2356 1274 Dei
2371 1249 2498 1275 essen-

1423 1286 1496 1323 tiae
1514 1285 1719 1334 visionem,
1736 1294 1778 1323 ut
1796 1294 1876 1324 tota
1895 1287 2033 1325 mentis
2052 1287 2211 1326 intentio
2226 1289 2315 1326 illuc
2334 1290 2499 1328 advoce-

1424 1347 1500 1377 tur:
1521 1340 1571 1376 ita
1591 1339 1728 1376 scilicet
1747 1340 1854 1388 quod
1882 1340 1972 1378 nihil
1992 1340 2171 1390 intelligat
2190 1342 2290 1380 aliud
2311 1355 2356 1380 ex
2374 1344 2496 1394 phan-

1425 1393 1662 1440 tasmatibus,
1683 1393 1751 1430 sed
1780 1393 1943 1431 totaliter
1970 1394 2112 1432 feratur
2144 1395 2183 1432 in
2212 1397 2354 1434 Deum.
2383 1397 2497 1435 Unde

1426 1446 1661 1496 impossibile
1692 1454 1747 1484 est
1775 1447 1880 1496 quod
1908 1448 2030 1485 homo
2059 1449 2099 1485 in
2127 1456 2226 1486 statu
2252 1449 2340 1487 viae
2368 1450 2499 1489 videat

1426 1502 1554 1538 Deum
1570 1512 1639 1549 per
1659 1500 1863 1538 essentiam
1879 1500 1959 1538 sine
1975 1501 2227 1540 abstractione
2243 1515 2265 1540 a
2280 1503 2456 1542 sensibus
2465 1503 2496 1541 *.

1478 1556 1538 1591 An
1567 1565 1706 1591 pamma
1734 1565 1834 1592 ERGO
1862 1566 2048 1593 mesanum
2077 1555 2196 1605 quod,
2226 1555 2322 1594 sicut
2351 1557 2496 1596 dictum

1427 1615 1483 1644 est
1500 1606 1538 1654 ³⁸²,
1569 1615 1656 1656 post
1688 1608 2007 1646 resurrectionem
2041 1608 2079 1646 in
2113 1609 2233 1647 beatis
2269 1610 2342 1648 Dei
2372 1622 2498 1649 essen-

1426 1661 1517 1698 tiam
1546 1660 1764 1698 videntibus
1792 1661 1859 1699 fiet
1887 1661 2136 1700 redundantia
2165 1663 2214 1701 ab
2233 1663 2424 1702 intellectu
2449 1664 2500 1703 ad

1426 1714 1622 1751 inferiores
1650 1714 1763 1762 vires,
1795 1722 1830 1752 et
1858 1727 1980 1764 usque
2009 1715 2059 1753 ad
2088 1728 2240 1766 corpus.
2280 1717 2410 1766 Unde,
2440 1730 2500 1756 se-

1427 1767 1598 1804 cundum
1627 1767 1751 1816 ipsam
1780 1768 1951 1817 regulam
1985 1768 2138 1807 divinae
2166 1769 2343 1819 visionis,
2373 1771 2501 1810 anima

1427 1820 1598 1858 intendet
1617 1828 1653 1857 et
1667 1827 1685 1849 η
1705 1821 2036 1870 phantasmatibus
2057 1830 2093 1860 et
2111 1819 2364 1862 sensibilibus:
2394 1824 2500 1862 Talis

1427 1882 1556 1912 autem
1587 1874 1839 1912 redundantia
1867 1887 1946 1913 non
1974 1875 2017 1912 fit
2044 1875 2083 1913 in
2112 1876 2171 1914 his
2199 1876 2265 1926 qui
2289 1877 2498 1927 rapiuntur,

1427 1928 1523 1966 sicut
1550 1927 1694 1965 dictum
1724 1935 1780 1965 est
1796 1928 1828 1966 ⁹¹³.
1859 1929 1908 1966 Et
1935 1928 2024 1966 ideo
2054 1941 2133 1967 non
2153 1937 2210 1967 est
2237 1930 2371 1968 similis
2390 1930 2498 1970 ratio.
2528 1939 2540 1951 ⁸

1481 1984 1540 2018 An
1560 1993 1752 2019 SECUNDUM
1771 1993 1959 2020 memnon
1983 1983 2091 2031 quod
2119 1983 2330 2022 intellectus
2349 1985 2501 2023 animae

1397 2073 1399 2083 ,
1428 2034 1567 2072 Christi
1597 2042 1677 2072 erat
1704 2035 1936 2084 glorificatus
1963 2047 2034 2085 per
2057 2036 2249 2074 habituale
2271 2037 2402 2076 lumen
2422 2038 2502 2088 glo-

1429 2088 1518 2136 riae,
1548 2100 1627 2138 quo
1656 2088 1827 2126 divinam
1859 2089 2061 2127 essentiam
2089 2090 2246 2128 videbat
2274 2091 2396 2129 multo
2419 2100 2500 2131 am·

2522 1029 2576 1051 ⁸1).
2590 1027 2642 1057 48⁵·

2526 1509 2537 1521 ⁸
2550 1508 2580 1532 D.
2594 1513 2628 1532 ιο.

2526 1618 2740 1648 ‘Ast-yma.

1427 2141 1526 2191 plius
1554 2153 1673 2191 quam
1703 2142 1838 2192 aliquis
1867 2143 2023 2192 angelus
2050 2144 2113 2180 vel
2141 2144 2275 2182 homo.
2312 2144 2406 2183 Erat
2433 2157 2498 2197 auf
2531 2149 2534 2153 ’

1427 2203 1506 2232 tem
1525 2195 1650 2232 viator
1673 2203 1830 2245 propter
1850 2196 2021 2246 corporis
2044 2196 2344 2246 passibilitatem,
2365 2207 2501 2238 secun·⁴

1429 2248 1522 2285 dum
1551 2261 1669 2297 quam
1692 2250 1812 2298 paulo
1841 2250 1966 2288 minus
1985 2251 2034 2288 ab
2053 2251 2200 2301 angelis
2219 2251 2496 2300 mbzorabatur,

1427 2309 1470 2338 ut
1493 2301 1628 2338 dicitur
1655 2303 1707 2339 ad
1722 2303 1823 2339 Heb.
1846 2315 1867 2340 11
1887 2303 1918 2350 ²⁸,
1949 2303 2220 2353 dispensative,
2242 2313 2278 2342 et
2306 2317 2385 2343 non
2414 2317 2501 2355 pro·
2529 2316 2540 2328 ·

1427 2362 1510 2403 pter
1538 2354 1704 2403 aliquem
1728 2355 1920 2393 defectum
1941 2369 1986 2393 ex
2005 2365 2112 2405 parte
2133 2357 2356 2396 intellectus.
2386 2358 2499 2397 Unde

1427 2419 1506 2497 ncgn
1544 2415 1599 2444 est
1634 2408 1764 2445 similis
1800 2409 1894 2446 ratio
1933 2409 1980 2446 de
2020 2422 2066 2447 eo
2106 2418 2142 2447 et
2179 2410 2227 2448 de
2263 2412 2343 2449 aliis
2377 2412 2500 2450 viato-

1428 2473 1458 2497 ri
1488 2473 1545 2497 us.

1481 2516 1540 2551 An
1568 2525 1729 2552 Teanum
1759 2526 1945 2553 Dici-:noum
1974 2517 2079 2565 quod
2108 2517 2262 2566 Paulus,
2292 2525 2499 2568 postquam

1428 2567 1590 2604 cessavit
1617 2567 1750 2604 videre
1789 2569 1917 2606 Deum
1956 2581 2025 2618 per
2050 2567 2062 2590 θ
2094 2570 2318 2619 essentiam,
2349 2583 2502 2610 mernor
2543 2595 2547 2601 -

1427 2620 1494 2657 fuit
1521 2620 1671 2657 illorum
1700 2633 1800 2669 quae
1828 2621 1867 2658 in
1896 2621 1957 2659 illa
1976 2621 2126 2660 visione
2155 2631 2402 2673 cognoverat,
2431 2637 2502 2675 per

1427 2673 1571 2723 aliquas
1600 2674 1746 2723 species
1766 2674 2013 2724 intelligibiles
2042 2676 2283 2714 habitualiter
2303 2689 2347 2715 ex
2367 2678 2443 2716 hoc
2462 2678 2501 2716 in

1427 2727 1507 2764 eius
1527 2727 1718 2764 intellectu
1747 2728 1906 2776 relictas,
1937 2729 2034 2767 sicut
2062 2730 2190 2778 etiam,
2219 2732 2385 2769 abeunte
2414 2744 2500 2770 sen-

1427 2780 1543 2827 sibili,
1574 2789 1774 2818 remanent
1802 2781 1951 2831 aliquae
1980 2782 2252 2832 impressiones
2280 2784 2320 2822 in
2348 2785 2498 2823 anima:

1427 2847 1521 2883 quas
1559 2842 1693 2883 postea
1729 2843 1958 2874 convertens
1977 2842 1985 2857 ³
2015 2837 2064 2874 ad
2100 2837 2386 2886 phantasmata,
2417 2850 2498 2876 me—

1427 2888 1660 2925 morabatur.
1682 2888 1793 2926 Unde
1814 2901 1885 2926 nec
1903 2897 2024 2927 totam
2041 2890 2143 2928 illam
2159 2890 2417 2940 cognitionem
2433 2899 2499 2930 aut

1428 2941 1592 2989 cogitare
1622 2949 1782 2990 poterat,
1812 2949 1877 2980 aut
1903 2943 2031 2981 verbis
2061 2943 2284 2993 exprimere.

1480 3073 1506 3106 ζ)
1524 3073 1668 3099 sensibilia.
1680 3087 1699 3092 —
1718 3074 1898 3107 intelligibilia
1918 3074 1953 3106 P;
1971 3060 2021 3110 pho
2034 3081 2087 3107 per
2105 3081 2180 3108 quae,
2200 3082 2270 3108 quae
2282 3083 2336 3108 per
2354 3076 2394 3102 Pa
2412 3082 2439 3103 et
2457 3086 2501 3104 co·

1427 3109 1512 3139 dices;
1532 3117 1580 3142 pro
1597 3109 1773 3139 sensibilibus,
1792 3110 1912 3135 sensibus
1931 3110 2057 3136 Pam-11..

1480 3145 1508 3176 η)
1528 3145 1649 3170 intendet
1671 3149 1705 3171 et.
1717 3158 1736 3165 -
1754 3145 1875 3172 intendet
1897 3145 1979 3172 etiam
1997 3146 2028 3175 L.
2047 3145 2198 3171 intenditur
2215 3149 2242 3172 et
2258 3147 2312 3178 BF,
2329 3147 2447 3175 intendit
2463 3156 2502 3175 ex

1428 3180 1457 3210 E.
1471 3180 1587 3205 intendit
1605 3181 1685 3206 etiam
1705 3188 1722 3206 a
1741 3181 1775 3210 fl,
1794 3189 1847 3206 non
1866 3181 1983 3207 intendit
1995 3181 2014 3211 1.
2027 3181 2144 3206 intendit
2162 3181 2210 3214 pC.
2226 3182 2346 3209 intendet
2363 3183 2422 3210 Pac
2435 3190 2463 3211 et
2474 3192 2502 3212 a.

1479 3213 1504 3248 θ)
1525 3216 1612 3241 Deum
1629 3223 1688 3248 per.
1700 3230 1719 3236 -
1738 3216 1791 3242 Dei
1810 3217 1856 3243 Pa.

1481 3252 1499 3283 ι)
1519 3254 1684 3278 convertens.
1696 3265 1715 3271 -
1732 3253 1862 3286 confitens
1886 3251 1962 3282 ΑΒΕ,
1980 3252 2122 3285 conserens
2139 3252 2168 3278 P.
2180 3266 2199 3272 ·-
2217 3253 2268 3278 Pro
2292 3255 2501 3286 memorabatur,

1429 3290 1595 3312 memoratur
1614 3287 1642 3312 P.

987 3413 1322 3448 Commenta-ria
1344 3415 1598 3463 Cartimalis
1620 3416 1822 3450 Caieta-ni

311 3501 357 3564 IN
382 3491 514 3522 articulo
538 3498 651 3532 quarto
676 3492 818 3523 eiusdem
838 3492 1032 3533 quaestionis
1057 3493 1371 3535 centesimaeseptua-

1419 3497 1605 3535 pressiones
1633 3497 1665 3526 in
1697 3495 1827 3532 anima,
1858 3505 1940 3536 quas
1969 3497 2173 3538 conferens*
2195 3499 2238 3530 ad
2263 3499 2496 3540 phantasmata

338 3535 616 3576 gesimaequintae‚
640 3535 672 3566 in
692 3537 900 3576 responsione
918 3537 958 3567 ad
977 3537 1118 3576 tertium,
1137 3538 1263 3570 adverte
1282 3538 1372 3580 quod
1418 3544 1533 3579 postea
1549 3544 1749 3576 memoratur
1759 3538 1785 3575 ⁴¹,
1803 3546 1909 3580 potest
1926 3541 2094 3583 dupliciter
2108 3542 2250 3584 intelligi.
2270 3543 2390 3580 Primo,
2407 3543 2496 3584 quod

307 3579 472 3620 responsio
496 3579 563 3615 ista,
588 3579 705 3610 scilicet
727 3581 816 3620 quod
839 3582 872 3610 in
895 3581 999 3612 Paulo
1023 3581 1148 3613 vidente
1169 3582 1312 3613 divinam
1327 3592 1373 3613 es-

1424 3582 1631 3614 remanserint
1658 3583 1691 3614 in
1722 3583 1882 3616 intellectu
1907 3585 1998 3616 Pauli
2026 3586 2147 3627 species
2169 3587 2382 3627 intelligibiles
2405 3587 2497 3629 quasi

307 3625 443 3655 sentiam
469 3623 602 3654 relictae
623 3622 768 3663 fuerunt
790 3625 919 3664 aliquae
941 3626 1061 3665 species
1085 3626 1301 3667 intelligibiles
1330 3636 1372 3657 ex
1424 3626 1575 3668 reliquiae
1599 3626 1684 3658 illius
1707 3627 1853 3659 visionis:
1882 3629 1964 3661 sicut
1988 3630 2142 3672 contingit
2164 3630 2197 3662 in
2221 3631 2314 3663 nobis
2337 3631 2426 3673 quod
2450 3641 2496 3662 re—

308 3670 376 3709 ipsa
402 3668 532 3705 visione,
552 3668 645 3704 sicut,
668 3667 803 3698 abeunte
817 3668 970 3705 sensibili,
988 3675 1156 3700 remanent
1170 3670 1299 3710 aliquae
1315 3671 1370 3700 im-

1425 3678 1555 3701 manent
1578 3671 1727 3712 reliquiae
1751 3672 1831 3703 lucis
1855 3681 1928 3713 post
1951 3674 2108 3706 visionem
2132 3676 2341 3717 corporalem.
2371 3675 2411 3707 Et
2434 3675 2495 3707 hoc

2553 2315 2622 2339 ναι.
2636 2321 2697 2345 7,9.

2526 3508 2534 3518 ⁸
2549 3506 2586 3530 Cf.
2599 3510 2649 3529 not.
2664 3515 2682 3531 ι.

2526 3547 2535 3558 ’
2549 3545 2586 3570 Cf.
2599 3545 2658 3569 ibid.
