2768 4198
59 819 69 830 ⁸
84 817 141 840 Gen.
158 824 210 846 cap.
221 823 255 839 ιιι.

51 2189 60 2198 ·
74 2188 134 2210 Lxx
148 2189 231 2217 Inter-p.

51 2778 61 2788 ⁸
75 2777 131 2805 cap.
146 2784 184 2799 ιιι.

305 334 379 379 340

1065 444 1385 486 ARTICULUS

970 327 1236 375 QUAESTIO
1268 326 1425 373 CLXV,
1454 327 1753 364 ARTICULUS
1783 328 1814 363 11

1417 443 1718 486 SECUNDUS

618 541 773 572 UTRUM
798 539 821 568 F
826 538 956 569 UERlT
981 536 1257 567 CONVENIENS
1279 535 1431 567 MODUS
1454 536 1512 566 ET
1535 535 1658 567 ORDO
1682 537 1845 568 PRIMAE
1869 538 2167 570 TENTATIONIS

1211 616 1276 640 Part.
1297 615 1335 645 111,
1355 622 1391 647 qu
1410 622 1459 644 xm,
1478 620 1524 641 art.
1543 622 1568 647 4.

508 755 585 780 non
614 741 723 778 fuerit
753 739 988 776 conveniens
1017 739 1157 775 modus
1196 746 1231 774 et
1266 739 1363 775 ordo

322 713 481 807 s«

430 770 466 811 s
488 794 494 799 .

371 814 424 833 *V*

330 782 493 878 5⁶⁰³)
463 841 663 885 &naturae
692 846 847 893 angelus
877 853 956 881 erat
985 845 1158 893 superior
1185 844 1363 891 homine,

293 1063 431 1100 scilicet
469 1061 603 1097 mulier
636 1072 704 1108 per
736 1059 861 1094 virum
896 1065 1118 1094 tentaretur:
1159 1064 1195 1093 et
1228 1069 1307 1094 non
1341 1069 1361 1093 e

294 1127 495 1152 converso.

347 1181 382 1206 2.
403 1169 636 1213 ΡιιΑΕτΕιιΕΑ,
658 1165 812 1202 tentatio
832 1164 1046 1213 primorum
1065 1171 1271 1212 parentum
1294 1163 1364 1200 fuit

292 1235 360 1271 per
389 1221 680 1279 suggestionem.
712 1219 840 1255 Potest
862 1225 992 1254 autem
1022 1217 1198 1254 diabolus
1227 1229 1360 1276 sugge-

292 1288 373 1312 rere
402 1274 546 1312 homini
575 1273 688 1310 etiarn
716 1273 860 1320 absque
890 1271 1016 1319 aliqua
1046 1270 1220 1307 exteriori
1243 1270 1361 1308 sensi-

292 1329 356 1366 bili
393 1337 574 1364 creatura.
614 1326 713 1362 Cum
749 1337 839 1372 ergo
877 1324 991 1384 primi
1028 1332 1206 1373 parentes
1236 1331 1362 1361 essent

291 1381 469 1431 spirituali
490 1388 616 1418 mente
640 1378 812 1427 praediti,
834 1378 960 1415 minus
981 1378 1222 1414 sensibilibus
1241 1389 1359 1426 quam

290 1434 577 1482 intelligibilibus
612 1432 872 1477 inhaerentes,
907 1431 1197 1469 convenientius
1230 1430 1361 1468 fuisset

291 1489 393 1538 quod
423 1488 547 1524 solum
568 1485 747 1545 spirituali
766 1485 975 1522 tentatione
992 1485 1124 1524 ,homo
1154 1493 1362 1522 tentaretur

292 1554 407 1591 quam
437 1540 621 1577 exteriori.

345 1597 379 1632 3.
410 1596 650 1637 PRAETEREA,
681 1604 759 1629 non
780 1600 905 1640 potest
924 1593 1198 1629 convenienter
1226 1592 1360 1642 aliquis

291 1650 433 1686 malum
455 1658 654 1695 suggerere
676 1646 746 1683 nisi
770 1658 838 1694 per
857 1645 998 1694 aliquid
1023 1646 1127 1694 quod
1148 1654 1331 1694 appareat
1345 1644 1360 1675 β

291 1704 446 1739 bonum.
477 1701 553 1738 Sed
574 1700 693 1736 multa
713 1699 784 1736 alia
804 1699 983 1737 animalia
1007 1699 1150 1736 habent
1170 1699 1358 1736 maiorem
1385 1719 1387 1731 ι

289 1754 549 1804 apparentiam
580 1753 670 1790 boni
701 1765 819 1801 quam
844 1764 1014 1801 serpens.
1045 1753 1136 1789 Non
1158 1765 1248 1800 ergo
1269 1765 1359 1790 con·
1385 1762 1387 1771 ’

289 1809 484 1845 venienter
513 1814 675 1845 tentatus
704 1806 772 1843 fuit
799 1807 920 1843 homo
950 1818 972 1842 a
1002 1806 1157 1843 diabolo
1186 1818 1255 1854 per
1283 1818 1358 1843 ser-

289 1870 454 1911 pentem.

339 1927 376 1962 4.
408 1917 649 1959 PRAETEREA,
680 1925 838 1962 serpens
872 1921 928 1950 est
959 1913 1101 1950 animal
1130 1912 1357 1950 irrationale.

289 1970 365 2006 Sed
385 1967 536 2005 animali
556 1967 762 2004 irrationali
782 1979 859 2003 non
880 1967 1063 2015 competit
1082 1966 1267 2015 sapientia
1288 1979 1358 2004 nec
1384 1975 1385 1989 ¹

287 2022 439 2068 locutio,
460 2033 531 2058 nec
550 2033 688 2069 poena.
712 2021 814 2068 Ergo
835 2020 1150 2058 inconvenienter
1169 2020 1360 2058 inducitur
1384 2041 1385 2055 l

287 2088 443 2124 serpens
481 2087 564 2111 esse
601 2074 775 2111 callidior
807 2074 949 2111 cunctis
986 2073 1236 2111 animalibus:
1274 2075 1357 2121 vel,

281 2128 592 2177 prudentissimus
620 2128 790 2164 omnium
819 2129 1045 2173 bestiarum,
1075 2127 1288 2165 secundum
1319 2140 1357 2164 a·

286 2183 374 2219 liam
403 2181 688 2219 translationem
708 2181 740 2218 ³¹².
772 2182 1091 2219 lnconvenienter
1111 2181 1226 2219 etiam
1248 2181 1357 2218 indu·
1384 2182 1385 2190 ¹

287 2236 380 2273 citur
414 2235 526 2272 fuisse
561 2234 710 2272 mulieri
745 2236 915 2280 locutus,
953 2242 989 2272 et
1022 2247 1044 2272 a
1073 2236 1159 2272 Deo
1189 2235 1356 2284 punitus.

340 2290 414 2326 SED
450 2300 597 2326 CONTRA
633 2299 698 2325 EST
737 2289 843 2336 quod
876 2289 915 2326 id
951 2288 1056 2337 quod
1094 2297 1150 2326 est
1187 2289 1357 2337 primum

286 2342 323 2379 in
352 2343 478 2390 aliquo
507 2354 658 2390 genere,
689 2341 803 2379 debet
831 2355 914 2379 esse
943 2342 1276 2391 proportionatum
1300 2343 1359 2380 his
1384 2376 1385 2382 ,

286 2408 384 2444 quae
405 2397 442 2433 in
463 2395 602 2433 eodem
623 2407 762 2455 genere
784 2403 1083 2455 consequuntur.
1106 2396 1184 2434 Sed
1204 2396 1241 2432 in
1262 2407 1358 2445 quo—
1384 2388 1386 2404 '

286 2450 375 2486 libet
402 2457 559 2498 peccato
579 2454 594 2477 Υ
623 2449 814 2486 invenitur
834 2449 931 2486 ordo
952 2449 1100 2498 primae
1119 2449 1357 2487 tentationis:

287 2503 510 2552 inquantum
524 2502 700 2540 videlicet
720 2502 940 2551 praecedit'
933 2515 971 2540 in
986 2502 1242 2549 sensualitate,
1259 2515 1386 2552 quae

286 2568 353 2604 per
380 2564 597 2616 serpentem
624 2556 878 2604 significatur,
909 2556 1055 2605 peccati
1085 2556 1358 2605 concupiscen-
1384 2555 1386 2611 i

287 2610 354 2654 tia;
387 2612 421 2646 in
442 2610 586 2647 ratione
607 2609 785 2656 inferiori,
806 2622 907 2658 quae
927 2610 1160 2670 significatur
1188 2621 1257 2658 per
1275 2622 1358 2647 mu-

287 2664 429 2709 lierem,
460 2663 676 2709 delectatio;
706 2663 743 2702 in
774 2663 919 2700 ratione
950 2663 1152 2712 superiori,
1183 2676 1281 2712 quae
1311 2665 1357 2701 si—

287 2717 484 2776 gnificatur
512 2729 580 2765 per
604 2717 744 2763 virum,
775 2729 986 2754 consensus
1015 2717 1181 2765 peccati;
1213 2725 1253 2754 ut
1280 2719 1358 2754 Au-

288 2770 456 2818 gustinus
486 2770 584 2816 dicit,
617 2771 683 2806 XII
704 2770 750 2807 de
774 2771 877 2808 Trin.
897 2770 918 2792 ‘¹‘
948 2771 1049 2818 Ergo
1071 2783 1263 2819 congruus
1290 2771 1386 2809 fuit

289 2825 384 2860 ordo
414 2823 559 2872 primae
588 2824 816 2860 tentationis.

342 2877 568 2913 Respounsso
607 2889 790 2914 DlCENDUM
828 2877 933 2925 quod
972 2878 1092 2914 homo
1123 2877 1386 2926 compositus{

290 2937 344 2967 est
373 2942 418 2966 ex
447 2930 586 2978 duplici
609 2938 753 2975 natura,
783 2930 1012 2968 intellectiva
1041 2930 1181 2968 scilicet
1210 2939 1245 2968 et
1273 2943 1359 2968 sen—
1384 2930 1386 2948 l

290 2983 409 3020 sitiva.
452 2984 499 3020 Et
535 2983 621 3020 ideo
659 2983 834 3020 diabolus
872 2984 909 3021 in
947 2984 1155 3021 tentatione
1193 2984 1358 3022 hominis

291 3049 380 3072 usus
417 3044 471 3073 est
509 3037 753 3074 incitamento
791 3038 839 3077 ad
872 3037 1111 3086 peccandum
1146 3037 1385 3097 dupliciter

292 3090 378 3126 Uno
407 3089 560 3149 quidem
589 3090 719 3135 modo,
743 3102 786 3127 ex
811 3099 916 3139 parte
939 3091 1167 3128 intellectus:
1198 3091 1358 3151 inquan-

292 3150 371 3178 tum
390 3143 559 3190 promisit
574 3142 775 3179 divinitatis
791 3144 1076 3182 similitudinem
1097 3157 1164 3192 per
1179 3145 1357 3183 scientiae
1384 3166 1385 3214 1

293 3195 555 3243 adeptionem,
591 3208 715 3244 quarn
743 3198 862 3234 homo
900 3198 1118 3234 naturaliter
1156 3198 1356 3236 desiderat.
1384 3221 1386 3239 i

294 3248 376 3283 Alio
407 3249 538 3293 modo,
568 3261 614 3286 ex
643 3258 747 3297 parte
777 3262 921 3288 sensus,
953 3252 1000 3288 Et
1028 3251 1081 3288 sic
1107 3263 1198 3288 usus
1218 3260 1273 3289 est
1301 3252 1358 3289 his
1384 3254 1386 3282 Ι

509 704 530 728 D
547 699 736 727 SECUNDUM
750 698 803 724 sm
819 697 1062 722 PROCEnrrUR.
1083 685 1244 722 Videtur
1258 686 1365 733 quod
1388 693 1391 712 ¹
1417 685 1557 733 specie,
1587 693 1735 722 tentans
1754 687 1881 723 virum
1904 699 1972 735 per
1990 688 2207 734 mulierem;
2237 689 2374 737 partim
2395 702 2490 727 vero

1388 747 1391 786 j
1417 738 1455 774 in
1485 739 1624 775 eodem
1654 750 1807 786 genere,
1837 747 1986 777 tentans
2015 741 2215 778 mulierem
2243 755 2313 790 per
2336 755 2491 792 serpen-

453 802 475 843 f
507 796 653 844 primae
681 792 897 829 tentationis
916 791 947 827 ²¹⁴.
980 792 1085 828 Sicut
1108 791 1208 828 enim
1231 791 1364 827 ordine
1388 821 1390 844 3

1417 856 1513 880 nens
1541 857 1705 893 pomum
1734 845 1824 893 ligni
1852 846 1957 882 vetiti
1987 847 2036 883 ad
2065 847 2274 885 edendum.

295 905 343 940 ita
373 911 407 939 et
435 901 494 938 vir
521 909 600 938 erat
627 899 829 948 perfectior
853 898 1022 934 muliere.
1054 898 1131 934 Sed
1160 905 1361 945 peccatum
1388 905 1390 915 ¹

296 955 466 1005 pervenit
492 960 508 975 ²
537 955 585 990 ab
615 953 750 1001 angelo
788 951 836 988 ad
870 951 1080 988 hominem.
1121 951 1242 998 Ergo,
1281 950 1363 998 pari
1388 955 1390 1000 ζ

294 1009 449 1054 ratione,
481 1007 611 1044 debuit
638 1005 838 1064 pervenire
868 1017 890 1041 a
913 1004 997 1041 viro
1027 1004 1065 1040 in
1085 1004 1300 1050 mulierem,
1322 1010 1364 1040 ut
1387 1007 1390 1017 ¹

1417 791 1683 839 tem3pa1'tlm
1713 804 1808 828 VCI'O
1838 804 1884 829 CX
1911 805 2051 840 genere
2079 806 2318 844 prOPIssqUO,
2349 809 2491 845 propo-

1470 899 1529 934 Αι)
1558 909 1697 934 ΡιὶιΜυΜ
1726 909 1825 935 ERGO
1854 909 2041 936 monimum
2062 901 2169 948 quod
2197 901 2236 938 in
2256 909 2342 938 actu
2371 910 2490 944 tenta-

1416 951 1530 987 tionis
1564 951 1739 988 diabolus
1776 960 1855 988 erat
1890 952 1985 989 sicut
2018 953 2226 1003 principale
2256 967 2391 1003 agens,
2422 957 2512 994 sed'

1418 1004 1554 1040 mulier
1573 1005 1840 1041 assumebatur
1863 1005 1971 1054 quasi
1991 1005 2287 1044 instrumentum
2316 1009 2489 1046 tentatio-

1417 1057 1475 1094 nis
1495 1059 1543 1095 ad
1564 1055 1846 1095 deiiciendum⁶
1865 1058 2004 1096 virum.
2022 1060 2126 1096 Tum
2148 1061 2238 1109 quia
2256 1062 2392 1099 mulier
2411 1071 2492 1100 erat

1416 1111 1604 1148 infirmior
1622 1111 1724 1148 viro:
1754 1112 1857 1148 unde
1885 1113 2006 1160 magis
2034 1114 2165 1150 seduci
2193 1122 2354 1163 poterat.
2384 1116 2488 1153 Tum

1415 1164 1542 1211 etiam,
1572 1173 1730 1214 propter
1749 1165 2057 1205 coniunctionem
2078 1167 2160 1204 eius
2179 1168 2228 1204 ad
2248 1168 2388 1214 virum,
2409 1181 2490 1207 ma-

1386 1218 1388 1228 *
1413 1218 1516 1255 xime
1544 1230 1614 1267 per
1643 1231 1728 1256 eam
1759 1219 1936 1256 diabolus
1963 1228 2113 1268 poterat
2141 1222 2267 1258 virum
2291 1223 2488 1261 seducere.

1415 1272 1507 1309 Non
1536 1279 1666 1309 autem
1685 1277 1698 1294 ‘
1727 1280 1784 1310 est
1812 1273 1947 1311 eadem
1978 1274 2071 1310 ratio
2100 1274 2317 1324 principalis
2345 1277 2491 1324 agentis

1415 1333 1451 1365 et
1471 1325 1723 1363 instrumenti.
1745 1327 1848 1363 Nam
1870 1326 2078 1376 principale
2098 1340 2215 1375 agens
2235 1337 2388 1377 oportet
2407 1341 2489 1368 esse

1414 1379 1563 1428 potius:
1607 1379 1712 1428 quod
1751 1391 1828 1418 non
1868 1380 2070 1428 requiritur
2106 1381 2144 1419 in
2182 1390 2320 1431 agente
2355 1382 2491 1422 instru-

1415 1432 1582 1470 mentali.
2155 1443 2161 1447 '

1468 1488 1528 1523 Αι)
1547 1497 1741 1524 SECUNDUM
1761 1498 1948 1524 monimum
1968 1488 2075 1535 quod
2099 1488 2290 1536 suggestio
2319 1501 2397 1538 qua
2416 1490 2490 1539 spi-

1414 1539 1595 1577 ritualiter
1611 1539 1786 1577 diabolus
1801 1540 1943 1589 aliquid
1962 1541 2110 1578 homini
2130 1542 2306 1590 suggerit,
2325 1544 2492 1582 ostendit

1414 1592 1591 1630 diabolus
1620 1594 1705 1642 plus
1734 1593 1877 1632 habere
1906 1595 2102 1643 potestatis
2131 1595 2169 1632 in
2187 1596 2348 1634 homine
2369 1609 2488 1645 quam

1414 1647 1604 1695 suggestio
1636 1647 1818 1684 exterior:
1858 1648 1947 1696 quia
1983 1661 2051 1697 per
2080 1649 2363 1697 suggestionem
2395 1650 2491 1688 inte-

1415 1700 1556 1737 riorem
1572 1701 1795 1738 immutatur
1813 1713 1835 1737 a
1855 1701 2010 1738 diabolo
2031 1703 2165 1739 saltem
2186 1703 2354 1741 hominis
2367 1704 2488 1753 phan-

1413 1753 1519 1800 tasia,
1537 1755 1604 1790 sed
1624 1766 1694 1802 per
1712 1755 1994 1802 suggestionem
2017 1755 2244 1795 exteriorem
2265 1757 2490 1795 immutatur

1385 1848 1386 1852 Ἰ
1413 1807 1495 1844 sola
1515 1807 1678 1845 exterior
1698 1815 1881 1845 creatura.
1901 1808 2089 1846 Diabolus
2110 1809 2262 1847 autemt
2282 1810 2486 1848 minimum

1413 1860 1610 1909 potestatis
1637 1861 1806 1898 habebat
1833 1861 1873 1898 in
1891 1861 2049 1899 homine
2078 1870 2166 1900 ante
2195 1872 2408 1912 peccatum.
2438 1865 2488 1903 Et

1384 1914 1499 1952 2ideo
1538 1926 1616 1952 non
1651 1914 1774 1962 potuit
1809 1926 1898 1952 eum
1933 1914 2101 1952 interiori
2129 1916 2390 1965 suggestione,
2420 1918 2487 1957 sed

1411 1969 1539 2005 solum
1569 1968 1743 2004 exteriori
1774 1975 1931 2005 tentare.

1465 2024 1526 2059 An
1558 2033 1720 2059 TERTIUM
1753 2033 1940 2060 mCENDUM
1972 2022 2091 2069 quod,
2125 2022 2222 2059 sicut
2252 2023 2490 2071 Augustinus

1384 2074 1385 2090 ³
1413 2074 1513 2121 dicit,
1544 2075 1594 2111 XI
1615 2086 1729 2123 super
1760 2075 1854 2112 Gen.
1884 2076 1936 2112 ad
1963 2075 2027 2112 litt.
2048 2074 2079 2120 ³¹²,
2111 2087 2185 2112 non
2215 2077 2392 2114 dehemus
2409 2077 2490 2126 opi-

1384 2139 1385 2151 ³
1412 2129 1502 2166 nari
1527 2129 1630 2177 quod
1645 2134 1855 2177 serpentem
1874 2129 1956 2175 sibi,
1979 2140 2053 2177 per
2079 2140 2191 2177 quem
2219 2135 2388 2177 tentaret,
2408 2131 2489 2168 dia-

1412 2182 1519 2219 bolus
1537 2182 1705 2231 eligeret.
1734 2182 1819 2228 Sed,
1844 2194 1931 2220 cum
1950 2187 2044 2220 esset
2062 2182 2100 2220 in
2117 2183 2180 2220 illo
2199 2183 2410 2233 decipiendi
2424 2196 2489 2222 cu-

1384 2230 1385 2247 ³
1404 2236 1558 2284 piditas,
1579 2247 1654 2273 non
1676 2236 1747 2272 nisi
1761 2247 1836 2284 per
1854 2236 1948 2274 illud
1964 2236 2109 2274 animal
2120 2241 2139 2265 η
2156 2238 2281 2286 potuit
2298 2249 2371 2286 per
2388 2239 2492 2287 quod

1384 2295 1385 2314 ³
1404 2300 1518 2338 posse
1540 2289 1749 2338 permissus
1776 2295 1841 2326 est.

1463 2345 1524 2380 An
1553 2353 1730 2385 QUARTUM
1765 2354 1952 2380 οιεΕΝουΜ
1981 2343 2098 2391 quod,
2129 2343 2226 2380 sicut
2253 2344 2489 2392 Augustinus

1384 2409 1386 2440 i
1411 2396 1518 2442 dicit,
1549 2396 1602 2433 Xl
1625 2407 1740 2444 super
1766 2396 1859 2434 Gen.
1885 2396 1938 2433 ad
1959 2396 2024 2433 litt.
2049 2395 2080 2443 ²¹²,
2109 2408 2262 2445 serpens
2290 2398 2409 2435 dictus
2436 2404 2493 2436 est
2515 2406 2527 2417 ⁴

1384 2489 1386 2496 y
1411 2454 1554 2487 astutus
1573 2448 1599 2495 ⁸,
1619 2450 1682 2487 vel
1711 2449 1880 2495 callidus,
1901 2449 1979 2486 sive
2002 2450 2183 2498 prudens,
2206 2457 2366 2499 propter
2387 2457 2488 2488 astu-

1384 2533 1386 2538 2
1411 2503 1503 2540 tiam
1532 2503 1693 2548 diaboli,
1723 2514 1821 2551 quae
1844 2509 1852 2524 ²
1881 2503 1919 2540 in
1949 2503 2012 2540 illo
2041 2504 2183 2553 agebat
2207 2504 2360 2542 dolum.-
2393 2505 2492 2542 sicut

1411 2557 1549 2594 dicitur
1577 2557 1747 2604 prudens
1776 2557 1835 2593 vel
1861 2561 1983 2593 astuta
2013 2557 2146 2606 lingua
2180 2568 2295 2605 quam
2317 2558 2488 2606 prudens

1385 2649 1386 2657 ἵ
1412 2610 1473 2646 vel
1499 2615 1642 2647 astutus
1671 2615 1796 2646 movet
1823 2610 1875 2646 ad
1900 2610 2045 2658 aliquid
2065 2611 2275 2659 prudenter
2293 2612 2353 2648 vel
2369 2617 2490 2658 astute

1384 2666 1386 2715 J
1411 2664 1660 2701 suadendum.
1690 2662 1865 2712 Neque*
1887 2663 2000 2701 etiam
2024 2675 2178 2712 serpens
2205 2665 2408 2702 verborum
2428 2677 2487 2702 so·
2515 2674 2526 2683 ·

1413 2729 1481 2754 nos
1509 2717 1741 2766 intelligebat
1766 2717 1834 2765 qui
1855 2729 1905 2753 ex
1932 2716 1995 2754 illo
2013 2718 2164 2765 fiebant
2190 2718 2242 2756 ad
2268 2718 2488 2756 mulierem.-

1413 2782 1533 2820 neque
1560 2771 1660 2807 enim
1680 2781 1864 2807 conversa
1892 2771 2078 2808 credenda
2107 2777 2163 2808 est
2187 2783 2318 2810 amma
2336 2771 2416 2810 eius
2448 2773 2486 2809 in

1384 2834 1386 2869 ξ
1412 2830 1591 2862 naturam
1620 2824 1858 2861 rationalem
1891 2824 2204 2873 Quandoquidem
2228 2837 2297 2862 nec
2324 2825 2396 2873 ipsi
2420 2825 2487 2863 ho-

1413 2879 1544 2939 mines,
1573 2889 1737 2926 quorum
1758 2877 1954 2914 rationalis
1974 2884 2112 2916 natura
2131 2884 2196 2924 est,
2216 2889 2303 2916 cum
2322 2879 2484 2916 daemon

1412 2932 1449 2969 in
1479 2932 1532 2968 eis
1560 2931 1737 2980 loquitur,
1756 2931 1879 2968 sciunt
1905 2931 1996 2980 quid
2018 2932 2234 2992 loquantur.
2263 2931 2326 2969 Sic
2343 2931 2364 2953 *
2390 2943 2485 2982 ergo
2512 2938 2522 2948 ·

1383 2972 1385 3024 l
1411 2985 1557 3022 locutus
1585 2990 1638 3022 est
1663 2996 1817 3032 serpens
1844 2985 1989 3021 homini
2013 2986 2111 3022 sicut
2135 2985 2244 3022 asina
2273 2985 2310 3022 in
2335 2996 2411 3033 qua
2429 2997 2485 3022 se-

1384 3039 1524 3076 debat
1550 3039 1714 3075 Balaam
1734 3043 1762 3083 ²,
1791 3038 1916 3075 locuta
1945 3044 1999 3076 est
2024 3038 2188 3076 homini:
2217 3038 2291 3075 nisi
2316 3038 2418 3086 quod
2444 3039 2487 3076 il-

1384 3092 1478 3129 lud
1493 3092 1576 3140 fuit
1603 3103 1696 3139 opus
1723 3064 1966 3136 diabolicum,
1986 3093 2057 3129 hoc
2077 3092 2306 3141 angelicum.
2342 3092 2449 3129 Unde
2466 3091 2487 3114 ’⁸‘
2514 3096 2523 3105 ⁸

1410 3157 1563 3193 serpens
1591 3157 1666 3182 non
1686 3150 1740 3182 est
1767 3146 2023 3195 interrogatus
2041 3156 2112 3182 cur·
2127 3145 2200 3182 hoc
2206 3145 2367 3193 fecerit
2395 3145 2486 3194 quia

1413 3211 1487 3236 non
1522 3199 1559 3235 in
1589 3210 1658 3235 sua
1688 3203 1826 3235 natura
1859 3198 1937 3247 ipse
1963 3198 2003 3235 id
2024 3198 2193 3246 fecerat,
2223 3199 2290 3235 sed
2315 3198 2486 3236 diabolus

1413 3252 1450 3288 in
1480 3251 1565 3298 illo,
1595 3252 1661 3300 qui
1697 3251 1774 3288 iam
1802 3263 1852 3289 ex
1881 3256 2038 3300 peccato
2064 3263 2134 3288 suo
2170 3251 2254 3301 igni
2283 3251 2486 3290 destinatus

294 3301 529 3338 sensibilibus
559 3303 671 3338 rebus
701 3315 797 3351 quae
827 3303 1037 3341 maximam
1067 3305 1209 3341 habent
1237 3305 1358 3342 affini·
1384 3287 1386 3356 i
1401 3307 1540 3354 fuerat
1565 3305 1803 3353 sempiterno.
1846 3304 1957 3346 Quod
1982 3309 2108 3340 autem
2136 3305 2299 3352 serpenti
2330 3305 2484 3351 dicitur,

295 3361 408 3390 tatem
446 3354 494 3390 ad
528 3355 741 3392 hominem:
781 3357 917 3404 partim
954 3357 1108 3406 quidem
1145 3358 1182 3394 in
1220 3359 1357 3395 eadem
1385 3359 1387 3393 l
1412 3359 1464 3395 ad
1490 3370 1576 3395 eum
1605 3358 1671 3406 qui
1691 3369 1764 3406 per
1790 3362 1998 3405 serpentem
2027 3363 2203 3405 operatus
2223 3364 2286 3403 est,
2307 3359 2483 3406 refertur.

350 3466 555 3526 ²)psservenit‘-
574 3468 645 3493 venit
664 3470 704 3494 ed.
719 3477 743 3499 a,
757 3472 884 3501 provenit
910 3472 1012 3496 PDH—
1032 3473 1081 3497 Pro
1096 3474 1247 3504 pervenire,
1264 3480 1362 3504 prove-
1386 3483 1387 3502 ι

297 3502 355 3526 nire

295 3535 497 3604 appffiezlgqgid
515 3538 586 3569 quod
609 3543 779 3569 appareat·
796 3541 905 3572 aliquod
923 3543 994 3574 quod
1013 3546 1128 3574 apparet
1146 3544 1187 3569 ed.
1206 3551 1231 3571 a,
1252 3537 1388 3576 aliquodi

349 3608 376 3640 γ)
391 3610 542 3639 peccata-
560 3615 656 3640 genere
671 3609 776 3639 peccati
795 3609 841 3635 Pa.

296 3678 478 3710 decipiendum
498 3685 577 3710 super
595 3685 711 3702 rasuram
730 3679 758 3703 C.

1468 3474 1490 3504 ι)
1510 3475 1608 3497 autem.
1621 3485 1640 3490 -
1659 3474 1748 3496 tamen
1769 3471 1825 3496 Pla.

1467 3507 1492 3539 ζ)
1512 3509 1610 3532 autem.
1623 3520 1641 3526 —
1660 3506 1730 3531 enim
1750 3506 1796 3531 Pa.

1467 3542 1495 3574 η)
1516 3542 1584 3567 illud
1604 3542 1747 3567 animaL-
1765 3541 1794 3566 id
1814 3541 1912 3573 aliquis
1935 3541 2063 3573 EIKpAc.
2083 3541 2112 3566 id
2131 3540 2213 3574 (illud
2235 3540 2270 3575 H)
2294 3541 2367 3574 quod
2387 3541 2484 3575 aliquis

1387 3570 1389 3617 ξ
1414 3578 1492 3608 arn,
1513 3578 1540 3602 id
1559 3577 1663 3609 aliquid
1682 3576 1788 3601 DLsAc
1808 3581 1833 3601 et
1851 3584 1876 3601 a.

349 3641 374 3675 ὃ)
395 3642 610 3668 άείἱείεηᾰιυημ
628 3643 811 3674 decipiendum
839 3646 879 3669 vel
904 3647 955 3676 (al.
975 3647 1012 3678 B)
1037 3648 1074 3672 ad
1102 3648 1278 3673 deficiendum
1309 3649 1361 3678 ΒΚ,
1388 3638 1390 3671 i

1468 3611 1492 3644 Θ)
1512 3615 1627 3638 astutus.
1639 3626 1658 3632 -
1675 3612 1782 3644 sapiens
1802 3612 1846 3637 Pa.

1472 3650 1490 3680 ι)
1510 3655 1585 3680 quae.
1597 3661 1617 3667 -
1634 3647 1680 3680 qui
1698 3647 1800 3673 AlsKL.

1469 3684 1495 3716 κ)
1515 3683 1669 3709 Balaam·
1683 3683 1817 3715 propheta
1839 3683 1936 3707 addunt
1956 3683 2001 3707 Pa.

2514 2084 2524 2095 ·
2538 2082 2598 2112 Cap.
2611 2089 2648 2106 ιιι.
