2768 4198
907 287 1174 333 QUAESTIO
1206 289 1451 335 CLXXVIII,
1481 289 1779 326 ARTICULUS
1810 290 1822 325 I
2381 301 2458 338 417

404 525 818 603 QUAESTIO
865 525 2329 585 CENTESIMASEPTUAGESIMAOCTAVA

950 646 1034 686 DE
1069 646 1300 686 GRATIA
1335 648 1790 690 MIRACULORUM

1097 761 1131 786 IN
1161 761 1256 786 DUOS
1284 762 1488 787 ARTICULOS
1517 763 1635 788 DIVISA

353 874 461 900 EINDE
499 861 819 899 considerandum
849 868 905 897 est
940 860 987 897 de
1016 860 1135 908 gratia
1172 858 1335 896 miraeu-
1363 856 1366 918 i

27 917 151 967 {nfissssffi
165 922 242 945 ων
354 918 480 953 lorum
500 915 532 953 *.
1180 932 1183 933 ’
1365 921 1366 951 ξ

270 970 319 1006 Et
348 970 446 1007 circa
475 970 550 1006 hoc
579 976 816 1017 quaeruntur
845 969 934 1005 duo.
1365 957 1368 1012 1

1446 858 1599 895 Primo:
1630 865 1757 894 utrum
1787 859 1831 895 sit
1860 859 1985 908 aliqua
2014 861 2131 908 gratia
2160 861 2272 909 gratis
2293 861 2380 899 data
2409 861 2463 900 fa-

1502 911 1625 948 ciendi
1654 911 1850 948 miracula.

1449 964 1651 1001 Secundo:
1682 964 1821 1013 quibus
1852 966 2066 1003 conveniat.

1087 1085 1408 1128 ARTICULUS
1439 1084 1646 1127 PRIMUS

510 1181 666 1213 UTRUM
689 1180 854 1218 ALIQUA
877 1179 1042 1211 GRATIA
1066 1178 1223 1210 GRATIS
1247 1178 1368 1209 DATA
1392 1177 1650 1208 ORDINETUR
1674 1178 1731 1208 An
1756 1178 1982 1209 MIRACULA
2006 1179 2225 1222 FACOENDA

682 1260 705 1284 1⁸
725 1260 780 1289 11²⁶,
800 1267 844 1292 qu.
863 1267 913 1288 cxx,
933 1263 979 1284 art.
998 1266 1030 1290 43
1049 1258 1080 1283 111
1102 1258 1177 1284 Cont.
1200 1259 1287 1287 Gent„
1308 1265 1364 1290 cap.
1387 1265 1460 1289 cmm
1482 1257 1524 1282 De
1544 1258 1611 1287 Pot„
1633 1266 1676 1290 qu.
1696 1266 1731 1287 Vl,
1751 1263 1798 1283 art.
1817 1266 1849 1290 4;
1869 1263 1915 1284 art.
1935 1266 1960 1292 9,
1980 1259 2011 1283 ad
2036 1267 2056 1284 1.

321 1381 356 1411 ζῆ
385 1372 457 1400 νά
483 1365 505 1390 1)
534 1363 672 1389 PR1MUM
700 1363 754 1388 sm
780 1362 1021 1387 paocumrun.
1050 1349 1210 1387 Videtur
1234 1348 1339 1397 quod

302 1385 455 1466 κέᾼὲἶῗ
484 1406 587 1443 nulla
624 1405 742 1453 gratia
780 1403 893 1453 gratis
932 1403 1020 1441 data
1058 1402 1254 1441 ordinetur
1291 1403 1368 1439 adi

288 1459 334 1505 ,ᾖ
419 1446 664 1501 'r'miracula
701 1458 886 1495 facienda.
924 1457 1062 1494 Omnis
1093 1457 1195 1494 enim
1224 1456 1368 1504 gratia:

304 1513 308 1518 ⁷
326 1529 335 1539 ι
358 1510 415 1546 3‘41
439 1506 592 1562 ponit
619 1511 762 1561 aliquid
782 1512 820 1548 in
840 1524 887 1548 eo
918 1510 978 1547 cui
999 1511 1120 1548 datur.
1153 1510 1230 1548 Sed
1251 1522 1342 1559 ope-

269 1566 364 1604 ratio
403 1566 675 1604 miraculorum
714 1577 793 1602 non
821 1565 931 1614 ponit
968 1564 1111 1612 aliquid
1140 1564 1177 1601 in
1213 1563 1341 1600 anima

268 1620 436 1658 hominis
456 1620 516 1656 cui
537 1619 661 1657 datur:
688 1619 779 1667 quia
800 1619 914 1655 etiam
935 1618 984 1655 ad
1003 1625 1147 1655 tactum
1169 1617 1341 1666 corporis
1367 1613 1368 1621 ¹

270 1673 412 1711 mortui
430 1673 615 1710 miracula
633 1673 747 1718 fiunt;
777 1672 874 1709 sicut
891 1671 1026 1720 legitur
1046 1672 1098 1708 IV
1116 1672 1214 1721 Reg.
1231 1683 1292 1708 x111
1307 1670 1340 1717 *,

1395 1356 1461 1396 est,
1493 1349 1653 1397 Spiritus
1674 1349 1836 1386 Sanctus
1866 1349 2100 1386 sufficienter
2127 1351 2305 1399 providet
2335 1353 2465 1389 Eccle-

1394 1402 1472 1439 siae
1501 1402 1539 1439 in
1567 1402 1626 1439 his
1656 1415 1754 1451 quae
1785 1411 1873 1440 sunt
1899 1402 2004 1440 utilia
2026 1404 2075 1440 ad
2095 1404 2269 1451 salutem,
2291 1406 2339 1443 ad
2359 1406 2465 1455 quod

1395 1455 1619 1493 ordinantur
1637 1455 1778 1504 gratiae
1798 1456 1912 1504 gratis
1933 1456 2054 1494 datae.
2080 1457 2185 1494 Sicut
2204 1466 2331 1495 autern
2353 1471 2465 1507 opor-

1395 1517 1446 1546 tet
1475 1510 1582 1558 quod
1611 1509 1743 1546 notitia
1772 1522 1888 1558 quam
1915 1510 1998 1558 quis
2019 1510 2199 1547 divinitus
2219 1511 2354 1560 accipit
2372 1518 2399 1558 Ὺ,
2429 1512 2467 1549 in
2592 1521 2608 1547 τ

1395 1563 1569 1600 notitiam
1600 1563 1762 1600 aliorum
1799 1563 2010 1601 deducatur
2046 1576 2115 1613 per
2149 1564 2295 1601 donum
2325 1565 2468 1613 lingua-

1397 1629 1481 1654 rum
1519 1624 1556 1653 et
1593 1629 1662 1665 per
1695 1617 1853 1665 gratiam
1888 1617 2099 1663 sermonis3
2137 1617 2188 1654 ita
2223 1631 2380 1656 necesse
2415 1627 2470 1656 est

1395 1670 1502 1720 quod
1530 1683 1658 1707 sermo
1687 1671 1858 1719 prolatus
1889 1671 2149 1718 confirmetur,
2181 1672 2229 1708 ad
2257 1673 2332 1708 hoc
2362 1673 2467 1720 quod
2511 1679 2513 1683 ⁴

269 1726 375 1776 quod
413 1727 567 1775 quidam
599 1726 846 1774 proiecerunt
886 1726 1052 1762 cadaver
1093 1725 1130 1762 in
1167 1724 1339 1773 sepulcro
1367 1738 1369 1774 ᾗ
1397 1723 1585 1761 credibilis
1620 1724 1697 1761 fiat.
1738 1725 1824 1760 Hoc
1859 1732 1989 1761 autem
2023 1725 2066 1761 fit
2103 1738 2171 1773 per
2205 1725 2467 1774 operationem

268 1780 404 1826 Elisei,
439 1781 542 1829 quod
576 1791 662 1817 cum
701 1780 879 1830 tetigisset
914 1791 998 1816 ossa
1030 1778 1166 1823 Elisei,
1205 1777 1369 1814 revixit
1396 1778 1689 1814 miraculorum:
1728 1779 1939 1814 secundum
1977 1778 2067 1815 illud
2102 1779 2221 1815 Marci
2255 1780 2320 1815 ult.
2347 1779 2387 1815 *ς
2420 1781 2472 1816 Et

127 1846 146 1864 α
269 1835 394 1872 homo*
411 1840 448 1871 et
472 1834 569 1870 stetit
588 1839 605 1854 α
633 1845 746 1882 super
767 1834 883 1881 pedes
909 1845 1008 1869 suos.
1042 1833 1142 1879 Ergo
1168 1832 1340 1880 operatio
1367 1827 1369 1857 ἕ
1394 1843 1607 1868 sermonem
1650 1832 1900 1878 confirmante
1922 1829 1935 1852 δ
1971 1832 2207 1879 sequentihus
2247 1833 2376 1882 signis.
2421 1835 2469 1870 Et
2597 1830 2611 1855 ὃ

271 1888 543 1924 miraculorum
559 1899 638 1924 non
653 1887 814 1935 pertinet
830 1886 878 1924 ad
894 1886 1054 1934 gratiam
1069 1885 1182 1934 gratis
1198 1885 1340 1922 datam.
1368 1905 1369 1912 1
1394 1886 1468 1921 hoc
1498 1884 1782 1921 rationabiliter.
1823 1885 2006 1921 Naturale
2037 1885 2138 1921 enim
2171 1893 2226 1921 est
2253 1886 2400 1922 homini
2429 1895 2469 1923 ut

325 1953 360 1978 2.
392 1942 639 1987 PRAETEREA,
669 1939 811 1988 gratiae
840 1939 953 1988 gratis
974 1939 1084 1976 datae
1105 1946 1192 1975 sunt
1215 1951 1237 1975 a
1259 1938 1341 1986 Spi-
1394 1938 1595 1975 veritatem
1621 1938 1891 1986 intelligibilem
1920 1950 1990 1986 per
2009 1938 2206 1975 sensibiles
2227 1939 2383 1976 effectus
2405 1941 2469 1976 de-

303 1387 331 1402 sa

2498 1781 2508 1790 '⁵
2522 1781 2587 1803 Vera.
2603 1787 2639 1803 20.

28 1996 158 2024 *νη*
271 1993 343 2031 ritu
373 1995 535 2031 Sancto:
567 1993 781 2030 secundum
810 1993 901 2030 illud
922 1994 935 2029 I
957 1993 1008 2029 ad
1030 1993 1117 2029 Cor.
1139 2004 1187 2028 xu
1206 1991 1244 2028 *ε
1275 1992 1342 2028 Di·
1368 2009 1370 2047 ἱ
1396 1992 1620 2040 prehendat.
1660 1992 1772 2029 Unde
1810 1991 1906 2028 sicut
1943 1991 2059 2028 ductu
2097 1993 2277 2029 naturalis
2315 1993 2468 2030 rationis

270 2048 431 2084 visiones
448 2048 666 2097 gratiarum
685 2053 787 2084 sunt:
808 2047 905 2084 idem
925 2052 1050 2083 autem
1071 2046 1241 2094 Spiritus.
1265 2045 1342 2082 Sed
1368 2052 1369 2078 i
1396 2047 1514 2083 homo
1544 2045 1746 2093 pervenire
1775 2053 1900 2093 potest
1928 2045 1965 2081 in
1996 2045 2164 2093 aliquam
2194 2046 2265 2082 Dei
2295 2046 2466 2083 notitiam

272 2101 443 2150 operatio
473 2101 747 2138 miraculorum
777 2101 819 2137 fit
847 2101 962 2137 etiarn
987 2112 1008 2136 a
1029 2099 1158 2148 spiritu
1179 2099 1343 2136 immun·
1367 2088 1370 2133 Ι
1397 2111 1466 2148 per
1495 2098 1652 2135 effectus
1682 2099 1884 2145 naturales,
1915 2098 2061 2147 itaper
2080 2099 2227 2147 aliquos
2248 2108 2469 2148 supernatu-

29 2157 172 2184 ⁸Vm.24.

30 2424 243 2454 ⁴11adCor.‚enp.

29 2459 72 2479 ιιι,
90 2457 149 2476 ven-
159 2457 195 2479 1η
206 2450 243 2473 ad

30 2479 89 2502 neb.
95 2484 242 2508 aarum.

0 2901 45 2933 1st
57 2901 124 2924 vm.
138 2907 159 2924 ι.

0 3006 172 3053 sv⁸Vm.58.

37 3273 47 3284 ‘
60 3272 127 3295 Vera.
141 3278 164 3301 9,
179 3278 212 3294 10.

37 3420 47 3430 ⁸
70 3419 117 3447 Qu.
142 3425 235 3442 (xxxva
250 3436 256 3447 ‚

35 3449 76 3468 nrt.
93 3452 109 3468 ι.

272 2154 341 2192 do:
364 2155 579 2192 secundum
600 2154 692 2191 illud
713 2154 847 2191 Matth.
864 2166 949 2190 xxiv
963 2153 1000 2190 *z
1022 2151 1217 2203 Surgentss
1231 2165 1342 2201 pseu·
1368 2151 1369 2192 J

271 2207 450 2246 dochristi
476 2214 512 2245 et
541 2208 908 2258 pseudoprophetae,
939 2213 974 2243 et
1000 2207 1144 2244 dabunt
1169 2206 1281 2255 signa
1310 2202 1370 2243 et*

266 2262 448 2312 prodigia
472 2274 630 2312 magna.
660 2262 763 2309 Ergo
783 2261 935 2298 videtur
955 2261 1060 2309 quod
1081 2260 1252 2308 operatio
1274 2260 1343 2296 mi·
1369 2258 1370 2290 ἒ

272 2316 492 2353 raculorum
512 2327 590 2352 non
611 2314 798 2364 pertineat
817 2315 865 2352 ad
886 2314 1045 2362 gratiam
1065 2313 1178 2361 gratis
1199 2313 1341 2350 datam.
1369 2317 1370 2366 ζ

327 2371 362 2406 3.
383 2369 618 2416 PRAETEREA,
637 2367 820 2405 miracula
839 2367 1119 2416 distinguuntur
1133 2379 1202 2416 per
1218 2367 1342 2417 signa,

271 2429 308 2459 et
321 2423 503 2472 prodigia
523 2422 603 2460 sive
616 2427 806 2471 portenta,
828 2429 864 2458 et
883 2434 952 2471 per
975 2422 1128 2459 virtutes
1146 2420 1177 2457 *.
1209 2421 1344 2457 Incon-
1369 2443 1370 2452 ι

269 2476 470 2513 venienter
498 2488 588 2524 ergo
617 2475 772 2525 ponitur
805 2475 973 2524 operatio
1001 2475 1181 2512 virtutum
1216 2474 1343 2523 potius
1369 2478 1370 2508 ἐ

269 2530 387 2578 gratia
406 2530 520 2578 gratis
540 2529 628 2567 data
648 2541 766 2578 quam
785 2529 953 2578 operatio
971 2528 1240 2578 prodigiorum
1261 2527 1342 2565 sive

269 2595 483 2633 szgnorum.

323 2649 360 2684 4.
401 2637 645 2683 PRAETEREA,
684 2635 915 2671 miraculosa
953 2634 1140 2683 reparatio
1175 2629 1371 2674 sanitatis}

269 2702 339 2739 per
367 2689 537 2727 divinam
558 2689 739 2726 virtutem
768 2688 822 2725 fit.
852 2689 954 2736 Ergo
981 2700 1060 2725 non
1081 2687 1194 2724 debet
1214 2687 1343 2725 distin-

270 2743 335 2792 gui
361 2743 490 2793 gratia
517 2743 721 2779 sanitatum
751 2742 799 2778 ab
829 2741 1053 2790 operatione
1082 2741 1278 2778 virtutum.

277 2904 364 2941 Cor.
378 2916 440 2941 xm
454 2903 486 2950 ²³⁵,
506 2903 549 2940 Si
565 2904 733 2940 habuero
754 2914 905 2939 omnem
913 2901 1049 2949 fidem,
1064 2901 1121 2944 ita
1143 2907 1183 2937 ut
1199 2907 1343 2938 montes

272 2959 530 3003 transferam,·
567 2955 647 2994 sive
690 2956 805 2992 etiam
838 2955 1017 3002 aliorum,
1054 2961 1210 3003 propter
1245 2966 1343 3002 quos

272 3011 456 3048 miracula
484 3011 592 3057 fiunt,
613 3009 716 3047 unde
738 3008 874 3046 dicitur
893 3008 1028 3045 Matth.
1048 3019 1109 3044 xm
1127 3007 1169 3044 *z
1197 3009 1248 3044 Et
1266 3019 1341 3045 non

259 3065 361 3112 fecit
386 3065 439 3101 ibi
464 3066 617 3101 virtutes
636 3063 784 3109 multas,
809 3067 967 3110 propter
985 3061 1281 3098 incredulitatem
1301 3061 1342 3098 il-

273 3116 409 3154 lorum.
447 3118 487 3154 Si
515 3130 605 3166 ergo
628 3117 731 3165 fides
762 3116 916 3165 ponitur
952 3114 1070 3163 gratia
1098 3114 1212 3162 gratis
1241 3115 1341 3161 data,

275 3170 514 3218 superfluum
539 3178 595 3208 est
621 3178 772 3220 praeter
789 3170 864 3206 hoc
887 3180 1032 3218 ponere
1053 3167 1164 3204 aliam
1184 3167 1341 3215 gratiam

275 3223 387 3270 gratis
415 3223 544 3260 datam
573 3224 838 3273 operationem
868 3222 1076 3270 signorum.

330 3276 404 3312 SED
433 3287 580 3314 CONTRA
598 3289 664 3315 EST
688 3277 794 3326 quod
814 3276 1035 3325 Apostolus,
1053 3275 1066 3310 I
1082 3274 1134 3311 ad
1151 3274 1238 3311 Cor.
1250 3273 1340 3321 X11*,

274 3328 371 3365 inter
398 3328 491 3366 alias
518 3330 655 3377 gratias
682 3330 795 3378 gratis
824 3329 951 3375 datas,
982 3327 1087 3365 dicit:
1125 3327 1204 3364 Alii
1230 3327 1343 3364 datur

257 3424 260 3430 .
274 3382 403 3432 gratia
431 3382 647 3428 sanitatum,
676 3383 743 3420 alii
769 3383 937 3432 operatio
967 3382 1157 3419 virtutum.

330 3436 557 3472 RESPONDEO
577 3447 762 3473 mensuum
781 3436 898 3485 quod,
916 3436 1011 3473 sicut
1030 3446 1143 3484 supra
1157 3433 1177 3455 '¹‘
1198 3433 1340 3470 dictum

329 3576 357 3609 α)
377 3575 460 3601 stetit.
471 3590 490 3595 —
508 3576 586 3601 homo
605 3576 703 3600 addunt
721 3576 820 3602 ABDF.

330 3611 354 3644 β)
375 3612 502 3645 Surgent.
515 3626 533 3631 -
552 3611 672 3645 Sur-gens
691 3611 870 3644 BEFHILpA;
885 3612 1084 3643 pseudochristi
1101 3616 1128 3637 et
1145 3619 1199 3637 om.
1219 3612 1264 3636 Ρα.

418 3666 528 3690 Summi:
547 3665 649 3690 Tmzox..
668 3665 700 3690 D.
712 3664 828 3690 Timum
847 3664 879 3690 T.
898 3665 952 3690 VII.

1398 2153 1495 2189 rales
1525 2152 1694 2198 effectus,
1725 2152 1790 2201 qui
1819 2152 2004 2189 miracula
2034 2152 2221 2200 dicuntur,
2245 2153 2282 2189 in
2302 2154 2468 2202 aliquam

1398 2206 1726 2255 supernaturalem
1756 2205 2012 2253 cognitionem
2039 2206 2319 2243 credendorum
2349 2207 2469 2244 homo

1398 2259 1609 2297 adducitur.
1640 2260 1688 2296 Et
1708 2259 1795 2296 ideo
1817 2259 1988 2307 operatio
2009 2259 2278 2296 miraculorum
2310 2261 2470 2308 pertinet

1399 2313 1447 2350 ad
1477 2313 1635 2360 gratiam
1665 2313 1779 2361 gratis
1809 2312 1938 2350 datam
1958 2312 1989 2349 ³¹⁶.

1452 2367 1510 2403 AD
1532 2378 1670 2403 PRIMUM
1690 2377 1788 2403 ERGO
1816 2377 2004 2403 DlCENDUM
2033 2367 2152 2413 quod,
2183 2365 2277 2402 sicut
2306 2368 2467 2416 prophe-

1398 2419 1448 2456 tia
1482 2432 1522 2456 se
1557 2419 1723 2456 extendit
1756 2419 1804 2456 ad
1843 2419 1972 2455 omnia
2005 2431 2104 2468 quae
2137 2420 2470 2468 supernaturaliter

1399 2474 1578 2521 cognosci
1607 2481 1778 2522 possunt,
1810 2473 1858 2509 ita
1879 2472 2048 2521 operatio
2068 2472 2251 2509 virtutum
2281 2486 2322 2510 se
2343 2482 2468 2511 exten-

1398 2527 1451 2564 dit
1473 2527 1522 2564 ad
1542 2527 1673 2564 omnia
1702 2539 1801 2574 quae
1822 2526 2157 2575 supernaturaliter
2184 2525 2267 2562 fieri
2294 2535 2466 2575 possunt.

1369 2581 1371 2627 ξ
1398 2581 1576 2627 Quorum
1606 2580 1762 2629 quidem
1793 2592 1907 2616 causa
1937 2587 1992 2615 est
2020 2579 2148 2616 divina
2178 2579 2466 2628 omnipotentia,

1397 2646 1496 2682 quae
1536 2634 1626 2670 nulli
1667 2641 1861 2670 creaturae
1895 2632 2171 2669 communicari
2204 2640 2330 2681 potest
2348 2633 2378 2669 ³¹⁵.
2419 2635 2468 2670 Et
2494 2636 2504 2647 '

1397 2687 1484 2725 ideo
1519 2687 1755 2736 impossibile
1790 2694 1846 2723 est
1878 2686 1984 2734 quod
2018 2685 2247 2734 principium
2281 2687 2466 2734 operandi

1369 2767 1371 2785 2
1396 2740 1580 2778 miracula
1613 2741 1659 2777 sit
1693 2740 1820 2788 aliqua
1854 2739 2013 2787 qualitas
2041 2739 2279 2776 habitualiter
2307 2751 2466 2776 manens

329 2798 362 2834 5.
392 2798 628 2843 PRAETEREA,
656 2795 827 2844 operatio
849 2795 1122 2831 miraculorum
1145 2794 1344 2843 consequi·
1369 2823 1371 2828 f

270 2857 331 2887 tur
368 2850 508 2888 fidem:
538 2850 601 2886 vel
636 2849 827 2896 facientis,
862 2848 1074 2885 secundum
1118 2847 1209 2884 illud
1245 2849 1258 2884 I
1294 2849 1371 2885 αάι

1397 2807 1435 2831 111
1463 2806 1605 2831 31111113.

1452 2848 1529 2884 Sed
1559 2855 1687 2883 tamen
1716 2847 1792 2882 hoc
1820 2853 1945 2894 potest
1974 2845 2207 2893 contingere,
2238 2847 2343 2893 quod
2372 2846 2467 2882 sicut

1398 2913 1509 2938 mens
1543 2900 1754 2950 prophetae
1787 2907 1966 2936 movetur
1994 2911 2039 2935 ex
2067 2898 2308 2947 inspiratione
2340 2899 2467 2936 divina

1397 2954 1447 2991 ad
1488 2953 1630 3003 aliquid
1667 2952 2001 3001 supernaturaliter
2037 2952 2374 3000 cognoscendum,
2416 2952 2467 2990 ita

1399 3007 1513 3044 etiam
1542 3019 1651 3043 mens
1685 3006 1868 3043 miracula
1900 3005 2069 3042 facientis
2098 3012 2301 3042 moveatur
2337 3006 2384 3042 ad
2413 3006 2466 3042 fa-

1398 3061 1577 3097 ciendum
1607 3059 1749 3107 aliquid
1786 3059 1835 3096 ad
1865 3059 1971 3108 quod
2009 3059 2178 3107 sequitur
2211 3058 2367 3095 effectus
2397 3059 2466 3096 mi-

1397 3113 1526 3160 raculi,
1553 3113 1660 3161 quod
1689 3114 1795 3149 Deus
1816 3125 1885 3149 sua
1903 3112 2042 3149 virtute
2071 3112 2168 3148 facit.
2200 3111 2317 3158 Quod
2347 3124 2466 3161 quan-

1398 3167 1525 3215 doque
1546 3166 1703 3215 quidem
1723 3166 1766 3203 fit
1784 3166 2038 3214 praecedente
2058 3165 2242 3212 oratione,
2261 3164 2357 3202 sicut
2376 3178 2463 3202 cum
2485 3176 2487 3178 ·

1396 3221 1531 3257 Petrus
1560 3219 1766 3256 Tabitham
1789 3226 1980 3255 mortuam
2001 3218 2205 3264 suscitavit,
2235 3225 2277 3254 ut
2304 3219 2466 3256 habetur

1394 3274 1478 3310 Act.
1500 3285 1535 3309 lx
1553 3272 1592 3309 *ε
1623 3272 1855 3320 quandoque
1878 3272 1991 3308 etiam
2011 3285 2090 3309 non
2109 3273 2362 3321 praecedente
2383 3285 2464 3309 ma-

1397 3326 1530 3362 nifesta
1559 3325 1743 3371 oratione,
1769 3325 1837 3361 sed
1856 3326 1942 3362 Deo
1963 3325 2012 3361 ad
2032 3333 2167 3362 nutum
2186 3325 2353 3363 hominis
2373 3338 2465 3374 ope-

1397 3386 1523 3425 rante,
1554 3379 1650 3415 sicut
1677 3379 1812 3414 Petrus
1840 3378 2032 3415 Ananiam
2062 3386 2098 3415 et
2127 3379 2329 3428 Saphiram
2357 3391 2464 3416 men-

1395 3432 1529 3469 tientes
1545 3431 1657 3468 morti
1673 3431 1908 3480 increpando
1928 3431 2091 3480 tradidit,
2107 3439 2149 3469 ut
2165 3432 2299 3470 dicitur
2308 3432 2463 3470 Act.v*.
2492 3435 2503 3447 ⁸
2516 3435 2583 3456 Vers-
2597 3442 2609 3464 3
2624 3441 2676 3463 sqq-

1450 3573 1476 3608 γ)
1496 3574 1601 3606 accipit.
1613 3587 1633 3593 -
1649 3574 1753 3605 accepit
1770 3573 1826 3598 PsC
1845 3578 1872 3598 et
1888 3581 1914 3604 a,
1933 3574 2067 3606 acceperit
2084 3575 2104 3599 Ι.

1451 3609 1476 3642 δ)
1496 3610 1679 3643 confirmante.
1690 3622 1711 3630 —
1728 3610 1916 3643 confirmantes
1932 3609 2120 3645 ABEFLpHK.

2289 3661 2320 3686 53

2498 2313 2508 2323 ⁸
2522 2312 2550 2334 D.
2565 2312 2618 2341 894.

2493 3281 2504 3291 ⁵
2518 3280 2583 3303 Vei-s.
2597 3287 2637 3308 40.
