2768 4198
37 811 46 819 ⁸
60 809 117 836 Cap.
133 814 180 830 vni.

131 913 147 939 'l

36 1017 44 1025 ”
58 1016 83 1037 In
99 1020 201 1042 corpore.

30 1671 39 1678 ”
54 1668 89 1690 Cf.
105 1674 168 1690 num.
183 1675 221 1690 vn.

31 1756 40 1764 ⁸
55 1754 165 1776 conclus.
180 1761 200 1783 3.

34 1978 43 1986 ⁸
56 1976 90 1998 Cf.
106 1981 168 1997 num.
190 1981 239 1997 vin.

34 2066 42 2075 ⁵
56 2063 163 2086 Conclus.
179 2068 198 2084 2.

39 2987 48 2996 ⁸
63 2986 98 3008 ef.
114 2992 176 3008 num.
191 2992 222 3007 ix.

41 3075 50 3083 ⁸
65 3073 172 3095 Conclus.
187 3080 210 3100 4.

281 298 349 344 198

274 375 485 422 materiale,
515 373 678 421 tangitur
705 372 743 407 in
774 369 948 417 obliquo,
980 378 1066 402 cum
1097 363 1334 420 dicitur,·zn-

275 428 524 477 corruptionis
561 427 597 463 in
629 436 743 462 carne
769 419 1011 468 corruptibili.
1043 418 1159 463 Quod
1186 416 1336 473 add1tur

275 483 322 519 ad
347 480 622 518 ostendendam
641 475 861 524 virginitatis
882 472 1163 510 difficultatem:
1194 480 1284 505 nam
1305 479 1335 504 Sl
1362 507 1363 518 ἵ

276 547 362 571 caro
384 532 576 581 corrumpi
596 543 674 568 non
701 535 840 578 posset,
862 538 939 562 non
960 531 1057 561 esset
1078 521 1229 560 difficile
1251 533 1335 570 per·
1362 519 1363 567 l

275 595 430 635 petuam
459 582 748 632 incorruptionis
778 578 1062 616 meditationem
1093 576 1246 612 habere.
1310 627 1316 633 1

326 643 384 676 AD
413 649 601 676 SECUNDUM
629 645 811 673 DICENDUM
841 631 946 680 quod
973 629 1154 679 pudicitia
1175 636 1230 664 est
1254 639 1336 675 qui-

275 696 363 731 dem
392 690 637 729 essentialiter
656 689 692 724 in
713 687 852 731 anima,
874 683 1116 721 materialiter
1143 689 1272 718 autem
1298 681 1335 717 in

275 758 404 784 carne:
444 752 478 780 et
515 742 682 779 similiter
712 738 916 786 virginitas.
958 736 1067 774 Unde
1101 734 1336 782 Augustinus

274 799 370 844 dicit,
392 798 429 834 in
449 797 543 833 libro
573 795 619 831 de
646 792 818 842 Virginit.
838 791 869 836 ³⁸,
900 790 1006 838 quod
1034 789 1119 825 licet
1136 787 1336 837 virginitas

273 854 309 888 in
338 862 452 888 carne
478 853 657 892 servetur,
687 859 731 882 ac
759 857 829 893 per
856 845 931 880 hoc
959 842 1166 892 corporalis
1195 841 1252 887 sit,
1282 846 1336 877 ta-

272 917 354 941 men
382 901 584 951 spiritualis
612 905 671 949 est,
691 911 804 947 quam
833 902 942 934 vovet
965 902 980 924 Υ
1010 902 1045 933 et
1070 900 1197 932 servat
1221 894 1335 931 conti-

273 957 395 994 nentia
420 955 579 1003 pietatis.

322 1012 381 1046 An
409 1019 568 1045 TER-num
595 1017 780 1044 memnon
804 1004 922 1053 quod,
944 1003 1038 1040 sicut
1066 1002 1209 1039 dictum
1231 1008 1286 1037 est
1303 999 1335 1047 ²¹⁶,

270 1062 458 1110 integritas
479 1059 686 1109 corporalis
700 1057 863 1095 membri
878 1070 946 1106 per
967 1056 1143 1093 accidens
1163 1066 1204 1091 se
1223 1054 1337 1091 habet

269 1117 317 1153 ad
337 1115 607 1163 virginitatem:
635 1113 861 1161 inquantum
889 1109 1029 1147 scilicet
1048 1121 1117 1158 per
1135 1109 1210 1145 hoc
1230 1107 1336 1156 quod

270 1181 314 1206 ex
342 1168 538 1217 proposito
567 1165 773 1203 voluntatis
811 1164 973 1201 abstinet
1006 1163 1090 1212 quis
1118 1175 1141 1198 a
1175 1161 1337 1198 delecta-

269 1223 370 1260 tione
403 1233 567 1258 venerea
589 1218 619 1267 δ,
649 1226 822 1256 remanet
859 1217 1049 1265 integritas
1083 1215 1120 1252 in
1160 1215 1336 1251 membro

270 1287 468 1324 corporeo.
498 1273 609 1311 Unde
630 1274 659 1309 si
690 1272 881 1319 contingat
901 1270 1007 1318 quod
1027 1282 1096 1318 per
1116 1268 1232 1305 alium
1254 1280 1337 1304 mo-

320 1389 347 1422 γ)
368 1391 451 1413 vovet.
464 1389 572 1421 -fovet
591 1387 659 1416 PLa,
680 1389 768 1411 monet
787 1386 820 1410 H.

321 1424 345 1456 ὃ)
364 1431 381 1448 α
400 1423 572 1449 delectatione
592 1427 712 1448 venerea.
729 1435 749 1441 -
766 1429 783 1446 a
797 1420 970 1446 delectatione
983 1425 1110 1444 venereae
1131 1418 1247 1450 BEFpA,
1266 1417 1335 1442 dele-

973 285 1240 333 QUAESTlO
1271 284 1390 329 CLII,
1420 282 1718 320 ARTlCULUS
1749 283 1762 318 I

1391 361 1484 398 dum
1513 361 1642 409 aliquo
1673 373 1763 398 casu
1783 360 1947 397 membri
1971 360 2161 408 integritas
2182 366 2460 407 corrumpatur,

1362 417 1363 423 ’
1391 426 1470 450 non
1505 415 1623 462 magis
1658 414 1893 463 praeiudicat
1924 413 2124 462 virginitati
2162 425 2279 462 quam
2316 412 2346 449 si
2380 424 2461 448 cor-

1392 475 1591 515 rumpatur
1620 479 1757 504 manus
1787 474 1851 504 aut
1878 479 1959 516 pes.

1443 522 1502 556 An
1523 531 1697 561 QUARTUM
1717 531 1903 557 mcaNDUM
1931 519 2037 569 quod
2057 519 2256 557 delectatio
2287 531 2386 568 quae
2408 526 2463 555 est

1392 585 1437 608 ex
1470 573 1626 609 seminis
1660 573 1890 609 resolutione
1925 573 2121 621 dupliciter
2155 580 2282 621 potest
2319 572 2463 609 contin-

1390 637 1490 673 gere.
1521 626 1608 663 Uno
1639 626 1771 672 modo,
1800 633 1842 662 ut
1868 626 2052 674 procedat
2081 638 2126 662 ex
2155 626 2292 662 mentis
2321 637 2463 674 propo-

1391 678 1473 715 sito.
1506 679 1553 715 Et
1573 679 1626 715 sic
1645 679 1740 715 tollit
1757 678 2025 726 virginitatem,
2046 679 2128 715 sive
2147 680 2215 716 fiat
2233 691 2303 728 per
2323 691 2462 715 concu-

1390 732 1511 768 bitum
1542 732 1623 768 sive
1650 732 1795 779 absque
1825 732 2040 768 concubitu.
2071 732 2178 769 Facit
2206 740 2334 769 autem
2356 744 2463 768 men-

1390 786 1535 822 tionem
1555 784 1791 832 Augustinus
1812 785 1860 821 de
1885 785 2104 830 concubitu,
2126 785 2215 833 quia
2241 785 2463 822 huiusmodi

1391 838 1571 875 resolutio
1601 837 1856 874 communiter
1884 845 1920 874 et
1947 838 2164 874 naturaliter
2183 850 2229 875 ex
2258 838 2464 876 concubitu

1391 899 1579 928 causatur.
1610 913 1634 919 —
1663 891 1750 927 Alio
1781 891 1901 927 modo
1930 898 2056 939 potest
2083 892 2287 940 provenire
2315 899 2466 940 praeter

1389 945 1629 994 propositum
1664 943 1813 988 mentis,
1842 944 1905 981 vel
1933 944 1972 980 in
2010 944 2261 990 dormiendo;
2299 945 2362 982 vel
2396 957 2466 994 per

1390 998 1611 1035 violentiam
1632 998 1786 1044 illatam,
1805 997 1865 1034 cui
1884 1009 1995 1034 mens
2015 1009 2094 1034 non
2115 997 2313 1045 consentit,
2330 1010 2465 1047 quam-

1389 1053 1447 1089 vis
1477 1065 1564 1089 caro
1595 1051 1888 1089 delectationem
1918 1050 2153 1100 experiatur;
2183 1051 2246 1088 vel
2275 1051 2389 1088 etiam
2420 1063 2464 1088 ex

1391 1106 1611 1143 infirmitate
1641 1113 1817 1151 naturae,
1851 1112 1892 1141 ut
1920 1112 2023 1153 patet
2051 1104 2088 1140 in
2123 1104 2181 1141 his
2219 1104 2284 1153 qui
2318 1105 2465 1141 fluxum

1392 1159 1548 1196 seminis
1575 1158 1781 1208 patiuntur.
1813 1159 1861 1195 Et
1881 1157 1934 1194 sic
1954 1170 2031 1194 non
2057 1157 2227 1206 perditur
2247 1158 2464 1205 virginitas:

1393 1213 1482 1262 quia
1510 1213 1593 1249 talis
1622 1212 1781 1261 pollutio
1811 1224 1889 1248 non
1919 1211 2054 1248 accidit
2081 1223 2150 1260 per
2174 1211 2466 1260 impudicitiam,

1394 1278 1511 1316 quam
1540 1266 1735 1314 virginitas
1755 1265 1930 1302 excludit.

1360 1385 1362 1389 ·
1389 1381 1520 1405 ctationes
1545 1387 1672 1405 venereae
1691 1380 1745 1412 pC,
1771 1379 1955 1404 delectationis
1983 1385 2109 1404 venereae
2129 1379 2166 1409 Η,
2187 1378 2405 1404 delectationibus
2423 1385 2467 1404 ve—

1391 1416 1477 1441 nereis
1497 1417 1544 1440 sA.

951 1494 1288 1527 Commentaria
1312 1491 1568 1524 Cardinalis
1591 1491 1794 1524 Caietam

298 1582 318 1602 N
342 1570 474 1601 articulo
499 1569 603 1609 primo
627 1567 822 1609 quaestionis
847 1564 1337 1606 centesimaequinquagesimae-

272 1584 456 1645 Isecundae
489 1613 624 1643 dubium
649 1622 685 1642 ex
712 1611 868 1650 Martino,
892 1611 925 1641 in
955 1621 964 1640 ι
994 1620 1048 1651 qu.
1074 1611 1113 1639 de
1137 1608 1335 1649 Virginitate‚
1363 1629 1365 1654 ἱ

269 1659 413 1695 occurrit,
434 1665 543 1689 contra
566 1659 741 1687 Auctorem
764 1662 914 1696 arguente
939 1655 1046 1696 quoad
1069 1654 1137 1684 tria.
1162 1653 1305 1683 Primum
1320 1652 1337 1671 ’⁸‘
1363 1661 1365 1688 ζ

269 1711 331 1735 est:
356 1703 556 1743 Propositum
575 1706 754 1741 perpetuae
782 1699 1033 1739 incorruptionis
1054 1708 1118 1738 per
1144 1707 1179 1728 se
1195 1698 1340 1738 pertinet
1364 1730 1366 1741 Ι

269 1748 312 1779 ad
327 1748 556 1788 virginitatem.
574 1745 704 1781 Contra,
721 1744 825 1785 inquit
836 1745 865 1773 *ἰ
886 1743 1090 1784 propositum
1115 1741 1256 1772 nubendi
1271 1750 1338 1771 non
1364 1746 1366 1776 l

269 1798 424 1832 repugnat
446 1789 625 1830 virginitati.
655 1790 750 1829 Ergo.
775 1807 794 1811 —
818 1791 1031 1828 Assumptum
1062 1787 1224 1826 probatur.
1254 1785 1339 1823 Quia

269 1836 344 1867 alias
360 1844 528 1875 nunquam
543 1834 632 1874 virgo
651 1832 829 1864 voluntarie
845 1832 1096 1872 desponderetur
1110 1830 1190 1861 viro.
1211 1848 1232 1853 —
1248 1830 1339 1860 Prae·
1365 1861 1366 1868 ἵ

269 1889 360 1916 terea,
378 1879 454 1910 tales
471 1884 544 1908 sunt
560 1884 671 1908 castae.
695 1878 735 1907 Et
751 1887 817 1907 non
834 1884 909 1907 sunt
932 1875 1046 1906 viduae
1067 1885 1125 1905 nec
1141 1874 1338 1914 coniugatae.

269 1925 353 1964 Ergo
376 1922 521 1963 virgines.
1365 1917 1367 1927 '

325 1968 362 1998 ΙΙ.
379 1967 563 1998 Secundum
578 1966 594 1984 *
618 1972 679 1996 est:
705 1965 885 2006 Integritas
907 1964 1071 2005 signaculi
1094 1963 1266 2004 virginalis
1275 1971 1340 2003 per
1365 1990 1368 2000 .

269 2013 416 2044 accidens
437 2021 472 2042 se
494 2011 587 2041 habet
605 2010 648 2041 ad
664 2010 892 2050 virginitatem.
918 2009 990 2039 Hoc
1013 2007 1173 2049 siquidem
1193 2006 1340 2038 concedit
1366 2036 1367 2042 ,

270 2057 423 2088 Martinus
453 2055 614 2091 absolute,
639 2055 693 2085 sed
724 2064 790 2084 non
814 2053 995 2084 modificate
1014 2053 1047 2082 *z
1081 2052 1219 2092 opinans
1250 2051 1338 2092 quod
1365 2072 1367 2090 2

270 2102 440 2142 integritas
464 2099 635 2140 virginalis
657 2098 821 2140 signaculi
843 2099 988 2138 opposita
1012 2097 1214 2137 corruptioni
1239 2096 1340 2127 libidi-
1366 2101 1367 2107 ¹

271 2155 378 2182 nosae,
404 2149 449 2175 est
472 2144 511 2174 de
535 2144 660 2173 ratione
684 2144 893 2183 virginitatis,
919 2147 948 2173 et
970 2142 1014 2172 ad
1037 2151 1108 2172 eam
1127 2151 1190 2181 per
1212 2150 1246 2171 se
1263 2150 1340 2181 per·
1366 2172 1367 2184 ἵ

270 2191 356 2220 tinet.
386 2189 428 2218 Et
450 2187 584 2218 intendit
607 2197 663 2227 per
686 2186 925 2227 corruptionem
947 2186 1169 2221 libidinosam,
1195 2184 1340 2225 agitatio·
1366 2188 1367 2203 ³

272 2243 346 2264 nem
361 2233 581 2262 membrorum
595 2231 781 2271 genitalium
796 2231 836 2261 ad
859 2241 942 2271 opus
958 2240 1139 2261 venereum.
1164 2230 1204 2259 Et
1227 2229 1342 2269 probat

272 2279 332 2308 hoc
356 2275 613 2317 quadrupliciter.

327 2322 444 2351 Primo.
479 2320 560 2350 Illud
584 2319 651 2350 sine
675 2329 742 2360 quo
766 2329 832 2349 non
857 2318 1000 2349 consistit
1022 2318 1200 2358 virginitas,
1226 2327 1283 2358 per
1309 2327 1342 2347 se
1367 2323 1369 2339 ῑ

273 2365 406 2406 pertinet
438 2364 477 2394 ad
500 2363 655 2394 rationem
688 2363 884 2403 virginitatis.
916 2363 978 2394 Sed
1006 2363 1074 2393 talis
1105 2362 1266 2402 integritas
1297 2368 1343 2392 est
1368 2362 1369 2396 ἕ

274 2408 469 2440 huiusmodi.
494 2409 589 2448 Ergo.
614 2425 635 2431 -
658 2407 761 2438 Maior
784 2408 947 2447 probatur.
968 2406 1052 2444 Quia
1076 2407 1101 2437 si
1125 2406 1246 2448 aliquid
1270 2416 1342 2446 spe·
1368 2415 1369 2441 1

274 2460 335 2485 ctat
357 2463 413 2493 per
443 2452 586 2483 accidens
617 2458 741 2482 tantum
765 2452 804 2481 ad
827 2451 1056 2491 virginitatem,
1081 2451 1137 2482 illo
1161 2451 1269 2491 posito
1293 2450 1343 2480 vel
1368 2462 1369 2485 l

274 2505 408 2534 remoto,
433 2497 512 2527 nihil
536 2496 642 2527 minus
662 2496 847 2527 consisteret
869 2496 1042 2535 virginitas.
1368 2488 1369 2499 ¹

329 2541 484 2572 Secundo.
510 2541 591 2571 Illud
607 2541 696 2581 quod
720 2547 767 2571 est
782 2550 838 2580 per
854 2550 886 2571 se
902 2540 1065 2571 obiectum
1080 2539 1244 2570 volitionis
1261 2548 1344 2580 quae
1368 2540 1370 2578 ξ

274 2593 320 2617 est
343 2585 547 2616 essentialiter
569 2584 740 2625 virginitaS‚
765 2594 820 2624 per
844 2595 877 2615 se
900 2585 1036 2624 pertinet
1057 2585 1097 2615 ad
1120 2583 1342 2624 virginitatem.
1368 2580 1370 2633 ᾖ

274 2630 335 2661 Sed
358 2629 427 2660 talis
451 2629 611 2669 integritas
635 2635 682 2659 est
705 2628 902 2660 huiusmodi.
927 2629 1023 2669 Ergo.
1369 2636 1370 2649 ¹

334 2675 448 2704 Tertio.
481 2673 646 2714 Quidquid
671 2680 717 2704 est
740 2673 778 2703 de
803 2672 987 2704 definitione
1011 2672 1206 2713 virginitatiS‚
1232 2682 1287 2712 per
1311 2683 1344 2703 se
1368 2677 1370 2700 Ξ

274 2718 407 2759 pertinet
431 2717 469 2748 ad
493 2717 713 2758 virginitatem.
739 2717 800 2748 Sed
817 2717 886 2748 talis
909 2717 1070 2758 integritas
1084 2725 1130 2749 est
1146 2717 1343 2748 huiusmodi.
1368 2713 1370 2747 ἓ

274 2763 368 2802 Ergo.

332 2807 466 2844 Quarto.
483 2806 537 2836 Illa
561 2806 721 2846 integritas
745 2812 791 2837 est
814 2807 853 2836 de
877 2806 998 2836 ratione
1021 2805 1208 2846 virginitatis
1231 2815 1343 2836 secun·
1368 2813 1370 2830 1

275 2852 353 2882 dum
375 2860 472 2892 quam
498 2850 641 2881 feruntur
657 2850 773 2880 iudicia
789 2851 929 2881 humana
953 2851 992 2881 de
1016 2850 1203 2890 virginitate.
1228 2850 1291 2881 Sed
1307 2860 1343 2880 ex
1368 2847 1370 2876 ἴ

274 2895 449 2935 integritate
465 2894 703 2934 signaculorum
719 2895 911 2925 naturalium
928 2894 1009 2925 fiunt
1024 2895 1140 2926 iudicia
1157 2895 1195 2925 de
1211 2894 1342 2934 virgine.

275 2940 375 2980 Ergo,
400 2946 458 2969 etc.
1368 2966 1370 2982 s

331 2983 383 3014 111.
400 2982 544 3014 Tertium
561 2983 578 3002 *
602 2989 661 3013 est:
686 2983 879 3014 Immunitas
895 2993 916 3013 a
932 2983 1142 3014 delectatione
1158 2985 1191 3014 in
1211 2984 1343 3015 seminis
1368 2987 1369 3019 ἶ

276 3028 470 3058 resolutione
500 3033 546 3058 est
568 3027 608 3058 de
639 3028 765 3058 ratione
788 3029 986 3068 virginitatis
1014 3033 1168 3069 tanquam
1193 3029 1342 3059 materia.
1368 3030 1370 3065 ζ

276 3071 395 3102 Contra
406 3072 437 3101 *:
456 3072 562 3111 posito
577 3071 744 3111 proposito
761 3071 945 3112 integritatis
961 3072 1129 3112 oppositae
1146 3072 1343 3112 corruptioni

276 3116 480 3151 libidinosae,
504 3122 535 3146 et
560 3115 628 3156 ipsa
658 3115 853 3156 integritate,
879 3115 1009 3157 ponitur
1033 3117 1212 3157 virginitas:
1243 3117 1342 3148 altero

278 3167 382 3190 autem
406 3170 519 3190 eorum
542 3167 684 3197 remoto,
710 3168 892 3192 removetur
913 3160 1084 3201 virginitaS.
1117 3162 1203 3201 Ergo
1226 3161 1343 3192 immu-

278 3204 356 3234 nitas
380 3214 397 3234 a
421 3204 627 3235 delectatione
658 3205 787 3235 seminis
816 3215 881 3236 non
905 3212 951 3236 est
975 3206 1013 3236 de
1037 3205 1158 3236 ratione
1181 3205 1343 3246 virginita-

278 3248 326 3278 tis.
350 3265 371 3270 -
394 3249 592 3279 Antecedens
615 3249 777 3288 probatur.
803 3249 888 3287 Quia
912 3249 947 3286 si,
965 3260 1020 3290 per
1043 3250 1194 3290 possibile
1209 3251 1260 3281 vel
1283 3251 1342 3281 im-

280 3291 438 3331 possibile,
455 3293 560 3332 puella
583 3293 696 3324 habeat
710 3294 826 3324 dictam
850 3294 1060 3334 integritatem
1083 3301 1114 3325 et
1127 3294 1212 3325 illius
1227 3305 1345 3336 propo-

281 3335 385 3371 situm,
403 3343 696 3378 quantumcumque
716 3338 843 3369 haberet
859 3338 1100 3370 delectationem
1117 3339 1294 3370 voluntarie
1310 3340 1343 3371 in

282 3379 473 3410 resolutione
497 3381 634 3417 seminis,
659 3390 766 3413 manet
788 3382 960 3422 virginitas.

337 3422 491 3455 Secundo.
515 3425 605 3455 Pono
623 3425 700 3456 duas
716 3427 847 3466 puellas,
868 3437 1005 3468 quarum
1022 3438 1086 3458 una
1110 3435 1156 3458 est
1170 3438 1261 3468 passa
1278 3437 1343 3459 non

283 3473 481 3506 procuratam
506 3469 732 3500 resolutionem
756 3471 883 3501 seminis
908 3482 980 3502 cum
1006 3472 1213 3502 delectatione
1237 3472 1269 3502 in
1293 3482 1344 3503 so-

284 3520 370 3547 mno,
395 3518 425 3541 et
448 3511 480 3541 in
503 3511 607 3551 vigilia
632 3523 705 3543 cum
729 3514 874 3545 meminit
897 3515 979 3546 eius:
1012 3516 1124 3552 altera,
1149 3516 1228 3546 nihil
1259 3516 1342 3557 cogi-

283 3562 351 3585 tans
369 3555 406 3585 de
423 3555 638 3591 delectatione,
659 3557 712 3587 sed
736 3558 870 3597 pecunia
894 3560 1059 3596 subducta,
1085 3560 1241 3591 consentit
1264 3560 1343 3597 viro,

284 3599 337 3628 sed
362 3608 418 3629 nec
442 3599 682 3630 delectationem
714 3602 806 3632 sentit
830 3612 886 3632 nec
909 3603 1058 3640 seminat,
1084 3611 1114 3634 et
1138 3612 1246 3643 postea
1271 3614 1343 3644 pro·
1370 3600 1371 3607 ¹

1389 1562 1482 1602 ponit
1505 1562 1622 1592 iterum
1649 1572 1715 1592 non
1745 1561 1924 1592 consentire
1948 1561 2149 1592 delectationi
2180 1572 2341 1595 venereae.
2373 1564 2469 1596 Tunc

1391 1606 1444 1637 sic.
1478 1606 1582 1637 Prima
1613 1613 1659 1637 est
1682 1607 1788 1646 virgo:
1814 1613 1844 1637 et
1874 1606 2013 1637 secunda
2043 1616 2121 1637 non.
2154 1606 2240 1647 Ergo
2264 1609 2490 1649 propositum*

1390 1651 1576 1691 integritatis
1600 1651 1711 1687 dictae,
1736 1657 1766 1681 et
1790 1660 1855 1681 non
1879 1650 2084 1691 propositum
2107 1650 2319 1683 immunitatis
2343 1663 2360 1683 a
2384 1654 2468 1685 dele-

1391 1695 1538 1732 ctatione,
1560 1702 1607 1726 est
1629 1695 1800 1735 virginitas.

1453 1740 1568 1770 Tertio.
1600 1739 1792 1780 Sequeretur
1815 1739 1904 1780 quod
1927 1738 2018 1779 virgo
2047 1739 2249 1770 consentiens
2271 1740 2341 1772 viro
2366 1749 2397 1773 et
2419 1753 2468 1773 se-

1365 1780 1366 1792 *
1391 1783 1535 1820 minans,
1560 1790 1691 1824 propter
1712 1783 1779 1814 vim
1809 1790 1916 1814 tamen
1945 1783 2066 1814 doloris
2099 1793 2166 1814 non
2193 1785 2362 1823 delectata,
2387 1794 2470 1818 esset

1391 1828 1481 1868 virgo
1510 1829 1690 1858 secundum
1721 1837 1850 1868 corpus.
1873 1845 1894 1851 —
1918 1827 2075 1858 Probatur
2097 1829 2238 1869 sequela.
2267 1830 2352 1867 Quia
2375 1831 2407 1862 in
2433 1842 2470 1863 ea

1391 1882 1458 1902 non
1482 1879 1564 1903 esset
1586 1871 1640 1902 illa
1664 1871 1832 1902 delectatio
1856 1881 1955 1912 quarn
1977 1871 2071 1912 ponit
2093 1872 2251 1904 Thomas.

1449 1917 1502 1947 IV.
1526 1916 1650 1947 Deinde
1674 1926 1711 1946 ex
1741 1915 1886 1946 doctrina
1909 1916 2059 1946 Auctoris
2089 1915 2210 1954 infero,
2234 1917 2339 1959 inquit
2362 1920 2470 1951 Marti-

1392 1970 1453 1991 nus
1466 1961 1493 1997 *,
1514 1961 1658 2001 quinque
1683 1959 1849 1991 corollaria
1863 1959 1907 1991 **.
1931 1960 2076 1990 Primum
2094 1966 2150 1992 est.
2171 1961 2287 1992 Mulier
2310 1973 2377 1994 non
2393 1973 2470 1996 con—

1392 2005 1530 2036 sentiens
1553 2005 1696 2035 violento
1721 2004 1901 2045 corruptori
1925 2011 1972 2035 est
1994 2014 2067 2035 vere
2090 2005 2191 2045 virgo.

1449 2049 1630 2080 Secundum
1665 2055 1722 2080 est.
1755 2050 1871 2080 Mulier
1901 2058 2100 2089 cognoscens
2130 2050 2220 2090 quod
2247 2060 2322 2082 cum
2352 2052 2391 2083 de
2419 2053 2471 2085 die

1393 2094 1622 2134 cogitationem
1645 2094 1740 2124 habet
1763 2093 1843 2125 circa
1865 2103 2008 2130 venerea,
2034 2094 2074 2124 de
2097 2101 2192 2125 nocte
2214 2095 2334 2135 patitur
2360 2097 2393 2128 in
2417 2107 2471 2129 so·

1394 2148 1471 2169 mno
1489 2139 1705 2178 pollutionem
1722 2137 1802 2169 circa
1823 2138 1936 2168 eadem
1952 2138 2181 2175 delectabilem,
2199 2139 2225 2170 si
2249 2150 2286 2171 ex
2301 2142 2470 2182 proposito

1392 2183 1507 2214 habeat
1530 2181 1717 2214 huiusmodi
1734 2182 1971 2223 cogitationem,
1989 2193 2064 2213 curn
2087 2189 2245 2215 nocturna
2261 2186 2390 2227 sequela
2404 2186 2471 2219 iam

1394 2227 1487 2265 dicta,
1513 2227 1615 2268 perdit
1638 2226 1866 2267 virginitatem:
1891 2227 1968 2268 quia
1992 2227 2160 2258 delectatio
2177 2228 2307 2260 seminis
2323 2239 2360 2261 ex
2384 2240 2471 2262 men-

1394 2271 1433 2302 tis
1457 2271 1626 2312 proposito
1650 2271 1803 2312 procedit.

1456 2316 1598 2346 Tertium
1622 2323 1669 2346 est
1692 2316 1782 2357 quod
1798 2315 1931 2346 scientes
1947 2325 1980 2346 se
1999 2315 2194 2356 impotentes
2213 2317 2254 2347 ad
2277 2318 2408 2350 seminis
2421 2329 2471 2351 re—

1395 2360 1592 2391 solutionem
1623 2359 1673 2403 (ut
1703 2360 1742 2390 de
1772 2359 1910 2400 perfecte
1940 2359 2075 2390 sciaticis
2105 2359 2180 2391 dicit
2208 2361 2412 2400 Aristoteles,
2437 2364 2471 2395 in

1394 2403 1672 2447 Problemaffbus),
1696 2411 1996 2445 quantumcumque
2021 2405 2271 2437 concumberent
2294 2413 2324 2437 et
2348 2407 2470 2448 frange-

1395 2456 1503 2480 rentur
1526 2450 1661 2480 claustra
1685 2448 1828 2489 pudoris,
1850 2455 1921 2485 etc.‚
1938 2458 2064 2489 semper
2087 2456 2192 2480 essent
2214 2449 2369 2490 virgines:
2394 2452 2471 2494 quia

1368 2501 1369 2510 ¹
1396 2493 1501 2524 necin
1519 2500 1589 2524 actu
1615 2503 1672 2524 nec
1691 2493 1724 2524 in
1739 2493 1908 2534 proposito
1931 2493 2061 2523 seminis
2086 2493 2316 2525 resolutionem
2342 2495 2469 2528 habent.

1455 2538 1616 2575 Quartum
1642 2545 1688 2569 est
1711 2538 1800 2579 quod
1829 2537 2012 2568 naturaliter
2042 2544 2148 2578 potest
2177 2548 2244 2569 esse
2267 2540 2358 2580 quod
2381 2540 2470 2582 virgo

1396 2583 1505 2623 pariat.
1531 2599 1550 2605 -
1574 2583 1731 2614 Probatur
1754 2583 1792 2613 de
1816 2582 1923 2623 puella
1946 2582 2102 2613 violenter
2121 2590 2270 2624 corrupta
2289 2591 2320 2615 et
2331 2585 2470 2624 gravida.

1456 2627 1610 2664 Quintum
1630 2634 1676 2658 est
1700 2627 1799 2668 quod,
1825 2627 1850 2657 si
1875 2626 1938 2657 sint
1962 2626 2043 2658 duae
2067 2627 2193 2667 puellae
2216 2627 2368 2668 virgines,
2393 2639 2471 2671 qua-

1396 2681 1468 2702 rum
1493 2681 1556 2702 una
1580 2671 1825 2702 commisceatur
1849 2670 1915 2702 viro
1939 2681 1996 2712 per
2019 2681 2164 2702 mensem
2188 2671 2255 2703 sine
2272 2673 2402 2705 seminis
2427 2674 2471 2706 ef-

1396 2715 1539 2754 fusione;
1564 2716 1660 2747 altera
1686 2726 1762 2746 vero
1793 2715 1971 2746 consentiat
1993 2715 2026 2746 in
2054 2716 2335 2754 commixtionem,
2361 2725 2392 2749 et
2415 2729 2472 2760 per

1368 2764 1369 2767 ’
1396 2770 1550 2796 mensem,
1568 2761 1633 2796 sed,
1649 2760 1813 2800 impedita,
1829 2770 1895 2791 non
1911 2760 2152 2792 commiscetur:
2178 2769 2363 2802 sequeretur
2382 2764 2472 2804 quod

1395 2805 1498 2845 prima
1521 2812 1602 2835 esset
1625 2805 1667 2836 ita
1691 2805 1846 2836 immunis
1869 2815 1887 2835 a
1906 2805 2113 2845 corruptione
2136 2805 2286 2846 opposita
2300 2806 2471 2847 virginitati

1396 2850 1478 2880 sicut
1501 2850 1651 2880 secunda.

1451 2894 1490 2925 V.
1515 2894 1565 2924 Ad
1590 2893 1781 2925 evidentiam
1804 2893 1932 2931 horum,
1957 2893 2037 2925 scito
2061 2893 2178 2934 primo,
2198 2895 2288 2936 quod
2310 2894 2473 2936 virginitas

1396 2938 1533 2969 sumitur
1564 2938 1748 2978 dupliciter:
1780 2938 1899 2970 scilicet
1929 2938 2132 2976 naturaliter,
2157 2938 2207 2969 vel
2230 2939 2401 2972 moraliter.
2430 2941 2472 2972 Et

1395 2993 1503 3013 rursus
1528 2983 1690 3014 moraliter
1717 2982 1855 3014 sumitur
1882 2982 2068 3023 dupliciter:
2100 2983 2218 3014 scilieet
2242 2993 2301 3024 pro
2325 2985 2471 3025 quodam

1396 3027 1544 3058 castitatis
1574 3034 1676 3064 statu;
1711 3033 1742 3058 et
1771 3034 1870 3068 prout
1899 3034 1946 3058 est
1978 3027 2122 3068 specialis
2151 3027 2252 3059 virtus
2285 3038 2304 3058 a
2331 3028 2472 3060 castitate

1395 3072 1550 3103 distincta.
1584 3071 1754 3112 Virginitas
1785 3071 1937 3104 naturalis
1960 3071 2105 3102 consistit
2126 3071 2159 3102 in
2183 3071 2319 3102 naturali
2343 3072 2471 3114 integri-

1368 3108 1370 3142 Ϊ
1395 3123 1458 3148 tate
1482 3117 1719 3148 membrorum:
1753 3117 1931 3147 secundum
1955 3126 2166 3147 communem
2185 3116 2272 3147 enim
2300 3127 2397 3148 usum
2423 3117 2472 3148 lo-

1369 3185 1371 3207 5
1395 3161 1525 3202 quendi,
1545 3161 1614 3192 illas
1638 3161 1838 3202 appellamus
1861 3160 1998 3201 virgines
2021 3170 2104 3202 quae
2126 3160 2338 3202 integritatem
2369 3162 2472 3194 carnis

1369 3209 1371 3223 ²
1396 3215 1495 3247 quam
1520 3216 1538 3236 a
1566 3213 1677 3237 natura
1705 3205 1840 3242 habent,
1866 3211 2000 3236 servant.
2032 3205 2074 3236 Et
2103 3205 2142 3235 ad
2172 3205 2234 3236 hoc
2258 3205 2472 3246 inspiciuntur

1369 3270 1371 3283 l
1396 3251 1593 3291 quandoque
1623 3249 1782 3287 mulieres,
1810 3250 1836 3281 si
1864 3249 1927 3280 sint
1950 3248 2094 3289 virgines.
2119 3266 2140 3272 -
2164 3249 2335 3290 Virginitas
2365 3258 2400 3282 ut
2424 3257 2472 3283 est

1397 3301 1496 3326 status
1531 3294 1700 3331 castitatis,
1725 3293 1856 3335 requirit
1885 3294 1965 3325 duas
1993 3293 2209 3324 conditiones:
2234 3294 2356 3335 primo,
2381 3296 2470 3336 quod

1397 3349 1532 3380 persona
1557 3349 1623 3370 non
1648 3339 1687 3369 sit
1713 3338 1891 3369 voluntarie
1914 3338 2054 3378 polluta;
2079 3339 2236 3375 secundo,
2261 3340 2351 3380 quod
2375 3339 2416 3371 sit
2437 3339 2471 3370 in

1397 3383 1565 3424 proposito
1597 3383 1641 3414 sic
1665 3393 1698 3414 se
1721 3383 1882 3419 servandi,
1907 3382 1967 3413 nisi
1997 3382 2204 3414 matrimonio
2235 3383 2395 3424 iungatur.
2431 3384 2473 3415 Et

1396 3427 1459 3458 hoc
1483 3427 1583 3458 modo
1608 3427 1733 3468 puellae
1748 3426 1872 3458 nubiles
1897 3433 1999 3458 castae
2023 3427 2172 3458 dicuntur
2193 3427 2339 3468 virgines.
2356 3445 2378 3451 —
2401 3428 2471 3460 Vir-

1396 3471 1510 3512 ginitas
1541 3479 1638 3512 prout
1669 3478 1715 3502 est
1744 3471 1888 3512 specialis
1917 3471 2027 3508 virtus,
2052 3471 2139 3502 addit
2167 3481 2263 3513 supra
2286 3472 2472 3513 virginitatis

1370 3540 1371 3562 1
1397 3523 1515 3547 statum
1539 3515 1783 3556 perpetuitatem
1806 3522 1883 3546 voto
1910 3514 2079 3552 firmatam,
2105 3524 2140 3548 ut
2163 3516 2283 3556 patebit
2296 3516 2326 3548 ⁴⁸.
2350 3516 2391 3547 Et
2409 3516 2471 3547 hoc

1369 3565 1371 3598 ᾖ
1397 3560 1497 3590 modo
1522 3562 1645 3590 Auctor
1668 3566 1778 3591 tractat
1802 3560 1840 3590 de
1863 3559 2042 3600 virginitate
2068 3561 2129 3591 hoc
2153 3560 2186 3591 in
2206 3561 2292 3592 loco.

1454 3604 1505 3635 Vl.
1532 3604 1618 3635 Scito
1642 3604 1755 3634 deinde
1786 3605 1874 3645 quod
1900 3614 1983 3634 nova
2012 3605 2089 3636 haec
2113 3604 2242 3645 opinio,
2266 3614 2364 3645 quam
2389 3604 2471 3635 Mar-

2497 1967 2580 2017 :Jgg-
2583 1999 2648 2016 num.
2663 1999 2686 2015 ι.

2499 3523 2711 3577 ὲᾶῗωέὴὲἵπῒ
