2768 4198
41 994 52 1008 ⁹
66 993 102 1016 Gt.
116 999 180 1015 num.
195 999 226 1015 π.

40 1574 254 1602 ’mmmmm

39 1971 52 1984 ·
64 1970 101 1994 Cf.
115 1976 180 1994 num.
195 1976 226 1993 vr.

42 2908 55 2920 ⁸
66 2908 138 2931 Nun.
153 2915 169 2937 t,
183 2915 210 2931 u.

920 275 1189 321 QUAESTIO
1220 275 1429 320 CLXVIII,
1458 273 1757 311 ARTICULUS
1789 274 1837 310 111

283 370 344 394 sas
373 366 409 394 et
436 357 625 393 VlITUOSflS
654 354 915 403 operationes:
946 362 1036 402 puta
1059 354 1151 390 dum
1174 361 1294 400 orant,
1317 361 1380 398 et{

283 423 370 447 suas
411 409 610 466 paSSIone}
653 415 689 444 et
731 415 973 455 operationes
1017 414 1276 455 componunt,

2401 272 2474 308 353

1378 352 1504 390 ludis
1535 360 1701 399 utuntur,
1731 359 1903 401 peccant,
1934 351 2042 400 quasi
2073 363 2139 387 eos
2168 350 2206 387 in
2235 358 2392 399 peccato
2421 350 2477 387 fo-

1316 414 1380 442 et
1378 428 1380 456 l
1406 414 1552 443 ventes.
1574 407 1685 444 Unde
1706 405 1940 454 Augustinus
1961 405 2060 451 dicit,
2075 416 2190 452 super
2202 405 2311 440 Ioan.
2323 403 2354 449 ³¹⁵,
2372 404 2515 451 quod

282 463 516 511 quandoque
554 461 668 497 etiam
705 460 937 508 pauperibus
977 461 1243 519 eleemosynas
1282 460 1379 502 lar-
1378 457 1379 515 ]
1406 460 1551 496 donare
1579 471 1638 496 res
1665 471 1754 496 suas
1790 459 2032 496 histrionibus
2059 459 2190 495 uitium
2220 463 2274 494 est
2300 458 2476 494 immane.

282 517 444 564 giuntur.
474 514 586 552 Unde
615 514 664 550 illi
694 514 759 560 qui
789 513 987 550 moderate
1017 513 1069 549 eis
1098 513 1349 558 subveniunt,

282 581 360 606 non
388 575 561 617 peccant,
591 566 658 603 sed
686 566 784 603 iusta
814 566 966 613 faciunt,
993 567 1212 603 mercedem
1242 565 1351 602 mini·
1378 571 1379 602 l

282 621 381 658 sterii
412 633 548 658 eorum
578 620 631 656 eis
660 620 915 656 attribuendo.

1378 506 1490 549 Nisi
1520 513 1615 549 forte
1645 512 1779 561 aliquis
1807 513 1938 549 histrio
1969 520 2067 548 esset
2096 511 2133 547 in
2160 518 2329 547 extrema
2349 522 2479 547 neces-

1407 566 1534 602 sitate:
1565 565 1604 602 in
1627 578 1702 615 qua
1728 574 1826 602 esset
1846 565 1880 601 ei
1900 564 2223 602 subveniendum.
2255 563 2356 601 Dicit
2376 563 2477 600 enim

1377 619 1648 676 Ambrosius,
1679 619 1716 655 in
1741 619 1837 655 libro
1867 619 1912 655 de
1936 619 2044 667 Offic.
2065 618 2104 640 '¹‘-
2133 619 2251 655 Pasce
2274 620 2382 665 fame
2400 629 2480 654 mo-

336 674 376 710 Si
396 674 462 722 qui
481 681 610 710 autem
631 673 824 722 superflue
846 685 915 710 sua
934 673 971 709 in
991 674 1084 709 tales
1105 680 1349 718 consumunt,
1377 649 1379 698 i
1406 673 1574 709 rientem.
1601 672 1774 720 Quisquis
1790 673 1889 708 enim
1905 672 2097 720 pascendo
2117 672 2306 708 hominem
2325 682 2481 707 servare

281 728 344 764 vel
379 727 492 763 etiarn
526 734 736 763 sustentant
768 727 851 763 illos
885 726 1089 763 histriones
1126 725 1189 774 qui
1218 726 1378 764 illicitis
1376 726 1553 775 poteris,
1582 726 1616 762 si
1642 738 1716 762 non
1740 726 1907 774 paveris,
1938 725 2112 762 occidisti.

969 822 1303 854 Commentaria.
1326 821 1577 854 Cardinalis
1600 821 1800 854 Caietam

285 915 332 977 IN
356 904 489 935 articulo
509 904 600 934 tertio
625 903 768 933 eiusdem
792 902 987 943 quaestionis
1010 902 1353 941 centesimaesexagesi-

313 956 525 984 maeoctavae,
543 948 638 978 dubia
662 948 763 978 multa
787 954 957 978 occurrunt
981 947 1062 978 circa
1086 956 1249 977 excessum
1272 946 1352 977 ludi.

282 993 323 1024 Et
339 994 484 1034 primum
513 993 643 1023 dubium
665 992 682 1011 ’¹‘
706 999 752 1022 est
775 991 856 1022 circa
886 991 982 1021 illud:
1013 991 1177 1022 Excessus
1207 991 1276 1021 ludi
1306 995 1354 1020 est
1379 999 1381 1007 ¹

275 1043 446 1078 peccatum
463 1038 600 1067 mortale
619 1037 759 1077 quando,
777 1045 876 1066 causa
901 1035 981 1072 ludi,
999 1036 1102 1066 utitur
1117 1036 1188 1075 quis
1206 1035 1354 1074 turpibus

282 1082 386 1113 verbis
402 1083 453 1112 vel
459 1081 573 1123 factis.
591 1081 724 1112 Videtur
740 1080 826 1111 enim
841 1080 903 1110 hoc
919 1079 1046 1110 falsum.
1063 1080 1151 1109 Tum
1164 1079 1240 1119 quia
1253 1079 1352 1119 turpi-
1380 1083 1382 1106 ἰ

1380 1118 1382 1123 ’
1408 1124 1500 1161 talia;
1525 1123 1629 1162 turpia
1659 1121 1743 1152 facta
1770 1131 1852 1162 quae
1876 1123 1915 1152 de
1939 1132 1971 1152 se
1995 1129 2070 1153 sunt
2097 1123 2259 1159 mortalia;
2285 1130 2315 1154 et
2338 1134 2374 1154 ea
2398 1134 2480 1164 quae

280 1127 431 1167 loquium
450 1136 517 1156 non
537 1132 583 1156 est
602 1136 639 1156 ex
659 1135 692 1155 se
711 1132 877 1165 peccatum
903 1124 1051 1153 mortale:
1076 1130 1106 1154 et
1122 1123 1148 1153 si
1168 1133 1263 1154 causa
1286 1123 1354 1153 ludi

282 1171 430 1207 addatur,
456 1181 521 1201 non
545 1169 598 1200 fiet
621 1170 717 1200 etiarn
742 1175 908 1209 peccatum
931 1168 1076 1198 mortale.
1109 1168 1149 1198 Et
1173 1168 1284 1197 eadem
1309 1173 1355 1197 est

281 1215 361 1246 ratio
386 1216 425 1246 de
448 1215 595 1254 turpibus
615 1213 713 1244 factis.
738 1213 840 1244 Multa
857 1211 942 1243 enim
958 1219 1033 1242 sunt
1047 1211 1152 1251 turpia
1168 1211 1249 1242 facta
1273 1221 1355 1251 quae

282 1270 348 1290 non
364 1266 440 1290 sunt
455 1259 634 1290 secundum
650 1268 683 1288 se
699 1256 864 1288 mortalia:
889 1256 1007 1297 quibus
1023 1256 1049 1286 si
1065 1262 1246 1295 apponatur
1265 1255 1354 1296 quod

281 1303 362 1337 fiant
377 1312 490 1335 eausa
505 1303 589 1339 ludi,
615 1313 680 1333 non
704 1301 786 1332 fiunt
808 1301 969 1336 mortalia;
1001 1310 1075 1330 cum
1103 1299 1175 1330 finis
1199 1299 1257 1330 iste
1288 1309 1355 1329 non

281 1349 364 1379 dicat
392 1348 571 1379 secundum
598 1357 631 1377 se
657 1346 796 1397 speciem
824 1345 966 1375 mortalis
990 1344 1126 1385 peccati,
1159 1344 1215 1374 sed
1247 1343 1356 1384 potius

281 1393 406 1424 alleviet
429 1393 530 1423 multa
555 1402 651 1433 quae,
676 1391 701 1421 si
725 1391 807 1421 serio
830 1389 951 1425 fierent,
975 1389 1118 1429 graviora
1144 1395 1256 1419 essent.
1289 1390 1355 1418 Aut

280 1437 377 1478 igitur
399 1437 502 1468 littera
525 1443 572 1467 est
594 1435 685 1466 falsa.
710 1441 766 1465 aut
788 1433 959 1474 specificati
976 1434 1069 1464 debet
1092 1443 1175 1473 quae
1199 1439 1274 1463 sunt
1296 1432 1355 1462 ista

281 1482 386 1522 turpia
408 1482 503 1512 verba
526 1481 576 1511 vel
604 1480 685 1510 facta
709 1489 808 1519 quae,
833 1478 858 1508 si
885 1488 979 1508 causa
1006 1478 1073 1508 ludi
1097 1477 1192 1513 fiant,
1218 1477 1356 1508 reddunt

280 1527 396 1558 ludum
420 1532 587 1566 peccatum
611 1524 756 1554 mortale.

338 1571 375 1602 Il.
400 1570 582 1601 Secundum
614 1568 745 1599 dubium
764 1568 782 1587 *
813 1573 859 1597 est
889 1566 970 1597 circa
996 1566 1095 1596 illud:
1127 1566 1291 1597 Excessus
1321 1566 1353 1595 in

281 1614 358 1646 ludo
381 1620 427 1645 est
445 1619 614 1655 peccatum
639 1612 776 1648 mortale
804 1611 934 1652 quando
965 1612 1069 1641 utitur
1091 1611 1228 1651 aliquis,
1254 1619 1354 1641 causa

281 1659 361 1696 ludi,
385 1659 435 1689 his
457 1668 542 1699 quae
564 1662 705 1698 vergunt
729 1658 760 1687 in
779 1656 926 1696 proximi
954 1660 1190 1686 nocumentum.
1213 1658 1356 1695 Apparet

281 1703 367 1734 enim
395 1713 433 1733 ex
456 1702 519 1733 hoc
548 1702 638 1742 quod
665 1701 863 1742 quicumque
892 1699 991 1730 utitur
1017 1699 1049 1730 in
1073 1700 1151 1730 ludo
1176 1699 1356 1730 actionibus
1381 1716 1382 1720 =

279 1747 425 1785 lucrosis,
449 1756 524 1778 cum
548 1746 607 1777 hae
626 1753 756 1786 vergant
777 1745 810 1775 in
835 1744 970 1786 proximi
995 1752 1049 1775 aut
1073 1744 1122 1775 sui
1139 1745 1240 1784 ipsius
1257 1754 1355 1774 nocu-
1381 1754 1383 1765 ¹

281 1799 438 1828 mentum,
463 1799 571 1832 peccat
594 1790 780 1821 mortaliter.
806 1790 847 1820 Et
869 1789 895 1819 si
919 1789 981 1819 hoc
998 1789 1191 1823 conceditur,
1212 1788 1356 1829 sequitur

280 1836 398 1878 primo,
421 1836 511 1877 quod
535 1835 649 1866 ludens
666 1835 706 1865 ad
722 1835 889 1875 sphaeram
913 1843 1044 1873 parvam
1060 1834 1109 1864 vel
1126 1843 1288 1873 magnam,
1305 1833 1356 1863 vel

280 1881 422 1917 scachos,
445 1880 632 1920 interposita
652 1879 787 1919 pecunia
811 1889 828 1908 a
852 1877 994 1918 partibus
1018 1888 1076 1918 pro
1093 1878 1221 1914 victore,
1246 1887 1355 1917 pecca-

280 1932 328 1957 ret
350 1925 534 1956 mortaliter.
560 1924 658 1961 Quod
683 1924 800 1954 durum
824 1922 914 1952 valde
937 1922 1071 1954 videtur

338 1970 390 2001 111.
420 1970 562 2000 Tertium
587 1968 718 1999 dubium
738 1968 755 1987 *
782 1974 829 1998 est
857 1966 937 1997 circa
964 1974 1131 2006 peccatum
1158 1967 1191 1996 in
1214 1966 1293 1996 ludo
1319 1976 1356 1996 ex

281 2021 369 2055 parte
399 2013 725 2044 circumstantiarum:
757 2022 796 2041 an
827 2011 935 2042 solum
960 2016 1097 2052 propter
1124 2012 1354 2042 vehementiam

281 2058 419 2099 affectus
442 2058 485 2088 ad
508 2058 640 2095 ludum,
666 2057 815 2087 reddatur
844 2056 940 2086 ludus
968 2063 1135 2096 peccatum
1159 2056 1294 2086 mortale
1318 2065 1356 2086 ex

282 2102 527 2134 circumstantia.
561 2102 601 2132 Et
625 2109 671 2132 est
693 2101 773 2131 ratio
797 2100 885 2131 dubii
909 2100 985 2140 quia
1008 2101 1084 2131 haec
1114 2101 1182 2130 sola
1205 2110 1299 2130 causa
1322 2099 1355 2130 in

280 2148 383 2178 littera
405 2146 554 2187 tangitur.
579 2165 599 2169 —
623 2146 657 2176 In
682 2145 871 2185 oppositum
894 2151 1002 2175 autem
1022 2145 1145 2175 videtur
1168 2144 1244 2185 quia
1260 2144 1354 2174 etiam

281 2192 350 2222 sine
376 2198 443 2222 tam
465 2191 644 2222 vehementi
669 2190 781 2221 affectu
805 2190 931 2225 ludere,
955 2189 1078 2220 ratione
1108 2189 1188 2225 loci,
1213 2196 1291 2229 puta
1321 2189 1354 2218 in

281 2236 428 2272 ecclesia,
454 2243 500 2266 est
523 2236 672 2266 mortale:
705 2241 741 2265 ut
765 2241 850 2274 patet
873 2234 984 2269 Extra,
1009 2234 1048 2264 de
1070 2233 1138 2263 Vita
1162 2239 1193 2264 et
1214 2234 1353 2263 Honest.

283 2281 413 2318 Cleric.,
438 2290 506 2320 cap.
526 2280 608 2310 Cum
633 2280 790 2310 decorem.
815 2279 855 2308 Et
878 2278 1021 2308 similiter
1040 2278 1163 2308 ratione
1187 2287 1353 2318 personae,

281 2332 376 2365 puta,
401 2324 520 2355 clerici:
551 2324 686 2360 ibidem,
712 2333 779 2363 cap.
804 2323 923 2353 Clerici
946 2322 1064 2363 officia.
1099 2322 1236 2352 Ratione
1259 2322 1355 2353 etiam

280 2368 444 2410 temporis,
470 2376 547 2409 puta
570 2368 659 2404 sacri,
683 2368 751 2398 ludi
774 2367 926 2398 laboriosi
950 2374 980 2397 et
1003 2367 1102 2398 totius
1127 2367 1187 2397 diei
1203 2376 1355 2397 consum—

280 2414 358 2454 ptivi
382 2413 471 2444 abuti
488 2413 637 2443 videntur
659 2420 805 2452 ternpore
823 2411 937 2442 divinis
954 2411 1068 2442 dicato.
1093 2412 1134 2442 Et
1158 2412 1291 2442 demum
1307 2421 1355 2441 ra-

281 2459 368 2489 tione
391 2458 551 2498 qualitatis
575 2457 660 2493 ludi,
686 2463 763 2497 puta
787 2456 891 2492 aleae,
916 2456 1068 2486 omnibus
1092 2457 1150 2486 sub
1175 2466 1281 2496 poena
1304 2465 1354 2486 ex-

281 2502 583 2534 communicationis
602 2501 778 2532 interdicti:
804 2508 839 2531 ut
855 2507 941 2541 patet
956 2501 1075 2531 XXXV
1093 2501 1175 2537 dist„
1194 2511 1262 2541 cap.
1279 2501 1356 2541 Epi-

280 2556 406 2587 scopus.

337 2591 390 2622 lv.
415 2591 465 2621 Ad
499 2590 692 2620 evidentiam
723 2589 856 2625 horum,
882 2589 1150 2629 praemittendum
1176 2596 1222 2620 est
1249 2589 1354 2630 quod,

280 2636 354 2666 licet
372 2637 493 2666 Auctor
509 2635 548 2664 de
563 2635 642 2665 ludo
660 2633 835 2664 formaliter
850 2640 970 2669 tractet,
995 2643 1030 2663 ac
1054 2643 1110 2673 per
1125 2634 1197 2669 hoc,
1215 2634 1355 2664 actiones

280 2686 439 2721 quatenus
464 2689 558 2709 causa
582 2678 798 2709 delectationis
821 2677 912 2714 fiunt,
933 2678 1126 2714 consideret;
1152 2688 1212 2708 nos
1236 2685 1353 2714 tamen,

280 2732 317 2755 ut
340 2723 540 2755 conscientiis
572 2722 818 2758 satisfaciamus,
844 2722 882 2752 de
911 2723 989 2752 ludo
1015 2723 1110 2752 etiam
1134 2722 1353 2759 materialiter,

282 2769 376 2800 etiam
401 2778 467 2798 non
491 2778 586 2798 causa
609 2767 826 2798 delectationis
850 2766 944 2802 facto,
969 2767 1171 2797 tractandum
1194 2767 1354 2798 duximus.

281 2813 322 2844 Et
351 2813 425 2843 ideo
449 2813 557 2843 nullus
581 2811 728 2842 admirari
753 2811 845 2841 debet
875 2811 900 2841 si
925 2813 1047 2841 Auctor
1070 2818 1136 2841 tam
1160 2811 1262 2841 brevis
1286 2811 1355 2842 aliis

283 2857 466 2898 disputandi
490 2867 643 2897 campum
666 2856 857 2896 ampliorem
882 2855 1019 2895 reliquit.

339 2902 390 2932 Ad
409 2903 552 2943 primum
573 2911 648 2941 ergo
673 2907 703 2931 et
724 2900 899 2931 secundum
924 2900 1020 2930 simul
1047 2899 1183 2930 dubium
1198 2900 1215 2919 *
1239 2900 1354 2930 dicitur

282 2946 372 2987 quod
396 2949 518 2977 Auctor
541 2945 672 2985 exponit
695 2945 847 2985 seipsum,
866 2944 1088 2984 subiungendo
1104 2944 1192 2974 illam
1209 2944 1355 2974 determi-

283 2990 447 3021 nationem
477 2990 701 3026 restrictivam‚
726 2989 856 3019 scilicet:
889 2998 972 3029 quae
1001 2989 1041 3019 de
1063 2998 1098 3019 se
1119 2994 1196 3019 sunt
1219 2994 1355 3029 peccata

283 3035 444 3066 mortalia.
469 3035 514 3065 Ita
538 3035 627 3075 quod
652 3044 717 3064 non
742 3033 826 3069 dicit,
850 3033 979 3073 quando
1002 3034 1074 3073 quis
1090 3034 1193 3063 utitur
1208 3033 1372 3073 turpibus‘

285 3079 390 3109 verbis
413 3079 463 3109 vel
476 3079 592 3120 sactis,
618 3079 775 3114 absolute;
807 3085 838 3108 et
861 3077 1003 3107 similiter
1027 3087 1093 3107 non
1117 3077 1201 3113 dicit,
1225 3077 1355 3119 quando

284 3123 355 3162 quis
377 3124 480 3153 utitur
503 3124 552 3154 his
566 3124 653 3164 ‘quae
669 3127 809 3163 vergunt
832 3124 864 3152 in
882 3123 1029 3162 proximi
1046 3126 1283 3160 nocumentum,
1301 3123 1355 3152 ab·

285 3166 404 3196 solute:
429 3167 484 3196 sed
507 3177 582 3198 curn
604 3167 663 3198 ista
687 3166 882 3198 restrictione
906 3166 1083 3202 subiuncta,
1100 3165 1256 3203 videlicet,
1272 3176 1355 3207 quae

285 3210 325 3240 de
347 3219 382 3240 se
403 3215 478 3240 sunt
493 3217 629 3251 peccata
653 3211 815 3242 mortalia.
840 3211 880 3241 Et
903 3211 984 3241 hanc
1008 3211 1141 3241 eandem
1166 3210 1355 3241 sententiam

286 3253 457 3284 insinuavit
479 3265 534 3294 per
557 3256 774 3295 praecedentia
796 3257 900 3291 verba,
926 3265 1000 3286 cum
1024 3255 1119 3285 dixit:
1148 3255 1219 3285 Uno
1242 3255 1354 3292 modo,

287 3308 328 3328 ex
351 3298 420 3337 ipsa
442 3299 546 3337 specie
568 3301 730 3330 actionum
754 3310 837 3340 quae
860 3305 1073 3330 assumuntur
1096 3300 1127 3329 in
1153 3299 1275 3330 ludum.

342 3341 435 3372 Unde
459 3343 606 3374 Auctoris
630 3344 773 3375 doctrina
795 3355 862 3375 non
887 3351 932 3374 est
956 3345 1044 3384 quod
1068 3344 1172 3383 turpia
1196 3344 1290 3374 verba
1307 3343 1357 3373 vel

287 3385 369 3416 facta
391 3385 523 3416 reddant
544 3386 659 3418 ludum
681 3395 847 3429 peccatum
872 3389 1015 3424 mortale,
1041 3395 1076 3418 ut
1099 3388 1178 3418 ratio
1202 3388 1234 3418 in
1252 3398 1354 3428 oppo-

286 3430 383 3461 situm
406 3430 486 3460 bene
509 3431 640 3469 probat:
665 3433 720 3462 sed
743 3433 831 3473 quod
855 3433 960 3474 turpia
979 3434 1074 3463 verba
1095 3433 1146 3463 vel
1169 3432 1250 3463 facta
1273 3442 1355 3473 quae

287 3474 326 3504 de
356 3484 388 3504 se
421 3480 496 3504 sunt
526 3481 653 3514 peccata
682 3476 844 3512 mortalia,
875 3477 1012 3508 reddunt
1041 3477 1156 3507 ludum
1187 3483 1354 3517 peccatum

289 3518 422 3548 mortale
445 3528 482 3548 ex
504 3518 572 3558 ipsa
596 3519 698 3558 specie
721 3520 884 3550 actionum
907 3531 989 3562 quae
1012 3528 1219 3552 assumuntur
1242 3521 1282 3551 ad
1305 3521 1354 3551 lu-

287 3563 376 3593 dum.
407 3562 449 3593 Et
471 3562 560 3598 ideo,
586 3563 705 3603 absque
736 3563 796 3593 alia
826 3565 1030 3603 probatione,
1057 3566 1211 3597 subdidit:
1242 3563 1284 3597 Et
1310 3566 1356 3596 sic

283 3611 373 3647 patet
395 3607 480 3647 quod
503 3616 651 3638 excessus
676 3608 708 3637 in
733 3607 808 3638 ludo
832 3613 879 3638 est
895 3614 1064 3648 peecatum
1089 3610 1236 3641 mortale.
1266 3610 1354 3640 Talis

431 3668 541 3693 Summe
560 3667 661 3693 Tuam..
681 3668 712 3692 D.
727 3667 842 3692 'saonae
862 3667 894 3693 T.
908 3669 961 3693 VII.

1408 902 1566 944 siquidem
1583 901 1616 932 in
1632 902 1711 932 ludo
1727 911 1882 938 excessus,
1901 909 1936 932 ut
1952 902 2069 932 scilicet
2085 909 2226 932 assumat
2241 902 2381 933 actiones
2397 912 2479 943 quae

1408 948 1447 977 de
1471 956 1503 976 se
1528 953 1602 976 sunt
1625 953 1752 986 peccata
1769 946 1914 976 mortalia
1938 946 1977 976 ad
2000 946 2125 982 ludum,
2143 946 2308 977 manifeste
2325 953 2481 977 monstrat

1408 991 1521 1022 ludum
1547 1000 1614 1020 esse
1639 996 1808 1031 peccatum
1831 991 1975 1020 mortale.

1463 1034 1652 1065 Numeravit
1682 1040 1790 1064 autem
1817 1034 1850 1063 in
1879 1034 1981 1064 littera
2009 1037 2131 1064 Auctor
2161 1035 2219 1065 tria
2245 1045 2359 1075 genera
2383 1035 2480 1066 actio-

1409 1089 1487 1110 num
1512 1079 1639 1109 talium:
1673 1078 1790 1108 scilicet
1818 1078 1922 1118 turpia
1946 1079 2039 1108 verba
2068 1089 2150 1118 quae
2175 1080 2212 1109 de
2237 1089 2269 1109 se
2298 1087 2373 1110 sunt
2395 1090 2480 1110 mor-

1407 1174 1543 1207 vergunt
1566 1167 1599 1196 in
1623 1173 1856 1196 nocumentum
1881 1166 2027 1206 proximi,
2052 1167 2194 1197 similiter
2218 1168 2256 1197 de
2276 1178 2308 1198 se
2324 1169 2479 1199 mortalia.

1409 1213 1489 1243 Sunt
1513 1218 1621 1241 autem
1644 1210 1749 1250 turpia
1773 1211 1866 1240 verba
1891 1210 1930 1240 de
1953 1221 1985 1241 se
2010 1212 2167 1247 mortalia,
2192 1211 2370 1243 invitatoria
2386 1214 2480 1243 verba

1408 1257 1448 1286 ad
1473 1255 1641 1286 mortalem
1664 1254 1836 1285 lasciviam.
1868 1255 1952 1284 Nam
1978 1255 2004 1285 si
2028 1256 2120 1295 quis,
2145 1263 2181 1286 ut
2207 1256 2275 1286 aliis
2299 1257 2480 1287 delectatio-

1410 1310 1484 1330 nem
1507 1300 1638 1339 ingerat,
1664 1299 1830 1329 mulierem
1854 1299 1965 1329 invitet
1989 1300 2029 1329 ad
2052 1300 2243 1330 adulterium
2268 1308 2323 1331 aut
2346 1301 2480 1332 fornica-

1409 1345 1546 1379 tionem;
1571 1350 1636 1379 aut,
1655 1343 1744 1383 quod
1760 1343 1851 1383 peius
1868 1350 1923 1378 est,
1940 1344 2166 1374 committeret:
2190 1351 2256 1374 tam
2273 1345 2362 1375 iocus
2382 1356 2480 1386 quam

1409 1389 1505 1419 ludus
1529 1394 1695 1428 peccatum
1718 1387 1853 1418 mortale
1873 1395 1963 1418 esset.
1987 1388 2204 1429 Turpiloquio
2221 1396 2327 1419 autern
2344 1389 2481 1430 simplici

1409 1433 1540 1468 utendo,
1566 1438 1621 1462 aut
1644 1431 1784 1472 aliquem
1807 1431 1914 1461 minus
1930 1432 2102 1462 honestum
2126 1440 2250 1472 gestum
2274 1433 2429 1470 faciendo,
2447 1441 2482 1464 ut

1410 1477 1478 1508 aliis
1502 1476 1745 1507 delectationem
1769 1476 1899 1516 ingerat,
1924 1486 2017 1516 grave
2041 1484 2087 1507 est
2112 1484 2141 1507 et
2164 1477 2354 1517 fugiendum
2372 1479 2480 1509 valde:

1409 1532 1475 1552 non
1500 1529 1607 1551 tamen
1631 1521 1765 1550 mortale
1795 1530 1831 1550 ex
1855 1530 1915 1550 suo
1939 1530 2062 1560 genere.
2096 1522 2273 1561 Apostolus
2302 1522 2388 1552 enim
2415 1532 2481 1552 non

1409 1565 1581 1607 replicavit,
1601 1565 1645 1595 ad
1663 1565 1779 1605 Ephes.
1796 1575 1817 1594 v
1831 1564 1858 1600 *,
1883 1564 1964 1595 inter
1987 1571 2115 1604 peccata
2139 1566 2334 1596 excludentia
2350 1577 2367 1596 a
2383 1576 2480 1607 regno

1409 1611 1573 1642 caelorum
1595 1610 1848 1650 turpiloquium:
1878 1619 1953 1639 cum
1981 1616 2088 1640 tamen
2111 1610 2190 1640 illud
2215 1610 2295 1640 inter
2318 1611 2378 1641 alia
2405 1620 2482 1641 con-

1409 1654 1640 1686 numerasset*
1663 1661 1739 1684 tunc
1763 1660 1903 1694 peccata.

1420 1695 1426 1700 ’
1465 1700 1505 1730 Et
1528 1709 1585 1739 per
1607 1699 1670 1729 hoc
1694 1705 1780 1738 patet
1803 1698 1922 1728 solutio
1946 1698 2041 1737 primi
2065 1698 2164 1729 dubii.

1466 1745 1504 1775 V.
1530 1744 1580 1774 Ad
1595 1743 1771 1774 secundum
1788 1742 1918 1773 dubium
1935 1742 1962 1778 *,
1987 1743 2075 1783 quod
2092 1750 2223 1783 propter
2238 1743 2352 1773 ludum
2372 1754 2409 1774 ex
2428 1754 2481 1775 cu-

1409 1789 1539 1828 piditate
1563 1787 1643 1818 lucri
1668 1786 1794 1817 difficile
1818 1787 1975 1822 redditur,
2001 1787 2115 1817 dicitur
2139 1788 2370 1827 praemittendo
2394 1789 2483 1829 quod

1407 1833 1518 1863 ludere
1548 1842 1585 1862 ex
1612 1831 1741 1862 avaritia
1772 1841 1839 1861 non
1858 1838 1990 1861 vocatur
2022 1841 2058 1862 ex
2086 1832 2147 1862 hoc
2178 1832 2267 1872 quod
2291 1832 2391 1863 homo
2416 1843 2482 1863 non

1408 1878 1531 1908 luderet
1554 1877 1614 1906 nisi
1639 1876 1786 1916 apposita
1810 1875 1956 1915 pecunia.
1980 1875 2052 1906 Hoc
2070 1876 2155 1906 enirn
2180 1886 2246 1906 non
2263 1883 2310 1907 est
2324 1876 2482 1908 sufficiens

1409 1922 1556 1952 avaritiae
1585 1921 1723 1961 signum.
1757 1920 1921 1957 Quoniam
1953 1920 2080 1950 aliunde
2107 1920 2169 1950 hoc
2193 1921 2357 1961 provenit:
2383 1931 2420 1952 ex
2444 1932 2482 1952 eo

1409 1967 1527 1997 scilicet
1550 1966 1640 2006 quod
1663 1965 1732 1995 vult
1755 1964 1828 2005 quis
1851 1965 1940 2005 quod
1963 1964 1996 1994 in
2020 1964 2149 1996 veritate
2172 1965 2315 2001 ludatur;
2344 1972 2382 2002 et,
2408 1976 2482 1997 cum

1407 2012 1503 2041 ludus
1526 2010 1614 2040 velut
1637 2009 1796 2050 quaedam
1827 2009 1867 2039 sit
1890 2019 2014 2048 pugna,
2039 2009 2170 2039 victoria
2193 2020 2265 2040 vere
2289 2010 2482 2041 delectabilis

1409 2055 1444 2086 fit
1468 2065 1504 2085 ex
1528 2055 1589 2084 hoc
1605 2055 1676 2094 ipso
1700 2054 1790 2094 quod
1813 2053 1866 2083 ille
1891 2063 1965 2083 cum
1981 2063 2047 2094 quo
2071 2054 2192 2084 luditur
2207 2054 2240 2084 in
2255 2054 2385 2084 veritate
2410 2055 2483 2085 fecit

1409 2100 1498 2141 quod
1514 2099 1631 2139 potuit,
1649 2106 1680 2129 et
1695 2105 1802 2128 tamen
1827 2098 2003 2129 succubuit.
2028 2098 2102 2128 Non
2119 2098 2255 2129 creditur
2270 2106 2377 2129 autem
2393 2100 2483 2139 quod

1407 2145 1440 2175 in
1464 2144 1593 2174 veritate
1616 2143 1754 2178 ludatur,
1779 2142 1838 2172 nisi
1863 2142 1997 2183 pecunia
2020 2142 2200 2173 interiaceat
2223 2144 2393 2183 perdenda.

1465 2189 1505 2219 Et
1529 2188 1672 2218 similiter
1695 2197 1760 2217 non
1783 2194 1916 2217 vocatur
1940 2187 2011 2227 quis
2035 2187 2144 2217 ludere
2168 2197 2204 2218 ex
2228 2187 2366 2223 avaritia,
2391 2197 2428 2218 ex
2444 2197 2482 2217 eo

1408 2235 1497 2274 quod
1521 2233 1616 2263 vellet
1638 2232 1772 2262 vincere.
1799 2231 1871 2261 Hoc
1895 2231 1990 2267 enim,
2014 2232 2092 2262 ludo
2117 2232 2297 2271 supposito,
2322 2239 2368 2262 est
2392 2239 2483 2262 natu-

1408 2277 1481 2308 ralis
1505 2277 1665 2317 appetitus
1690 2275 1827 2306 effectus.
1859 2276 1948 2306 Tum
1979 2276 2070 2316 quia,
2097 2282 2132 2306 ut
2155 2276 2277 2307 dictum
2301 2283 2363 2312 est,
2387 2276 2484 2306 ludus

1408 2322 1441 2352 in
1465 2322 1605 2362 quadam
1631 2330 1739 2361 pugna
1762 2320 1944 2350 ludentium
1967 2320 2121 2351 consistit.
2146 2320 2235 2350 Tum
2258 2321 2334 2361 quia
2358 2327 2484 2351 natura-

1408 2367 1478 2397 liter
1501 2366 1602 2396 homo
1627 2365 1743 2405 refugit
1766 2364 1935 2401 defectum,
1960 2364 1992 2394 in
2017 2375 2083 2405 quo
2108 2365 2250 2396 consistit
2273 2366 2421 2406 perdere;
2454 2372 2485 2396 et

1409 2410 1530 2452 appetit
1554 2410 1782 2445 excellentiam,
1806 2409 1838 2439 in
1863 2419 1927 2450 qua
1951 2409 2094 2440 consistit
2116 2409 2251 2440 vincere.

1464 2455 1526 2486 Sed
1549 2461 1682 2485 vocatur
1706 2454 1777 2495 quis
1800 2454 1911 2484 ludere
1935 2464 1971 2484 ex
1993 2453 2130 2490 avaritia,
2156 2454 2286 2494 quando
2311 2454 2484 2494 principale

1408 2500 1569 2531 motivum
1593 2499 1633 2529 ad
1655 2499 1834 2529 ludendum
1858 2505 1905 2529 est
1927 2498 2064 2529 lucrum.
2090 2498 2188 2535 Quod
2212 2498 2348 2539 quisque
2373 2499 2411 2528 de
2436 2508 2482 2528 se-

1407 2544 1480 2584 ipso
1505 2543 1627 2584 optime
1651 2543 1758 2580 novit,
1783 2543 1913 2584 quando
1934 2552 1971 2573 ex
1994 2543 2047 2573 tali
2070 2543 2246 2573 intentione
2270 2542 2484 2583 principaliter

1409 2595 1567 2619 movetur.
1593 2589 1633 2618 Et
1649 2588 1682 2618 hi
1705 2587 1834 2627 proprie
1851 2597 1916 2617 non
1931 2595 2086 2618 vocantur
2104 2587 2222 2622 ludere,
2241 2587 2397 2627 quoniam
2411 2586 2483 2616 finis

1406 2633 1494 2669 ludi,
1520 2641 1603 2674 quae
1627 2632 1794 2662 delectatio
1819 2639 1883 2668 est,
1908 2641 1974 2662 non
1998 2638 2107 2661 movet
2130 2631 2218 2661 illos:
2253 2632 2307 2661 sed
2331 2632 2482 2661 abusores

1409 2685 1484 2708 sunt
1506 2677 1574 2708 ludi
1605 2678 1644 2707 ad
1675 2682 1769 2716 turpe
1799 2677 1945 2713 lucrum,
1978 2675 2254 2716 negotiatoresque
2284 2685 2341 2716 per
2366 2675 2482 2705 ludum

1408 2722 1518 2763 potius
1543 2721 1725 2762 appellandi
1749 2727 1834 2751 sunt.

1464 2767 1512 2797 De
1536 2765 1723 2796 huiusmodi
1746 2765 1842 2804 igitur
1857 2764 2017 2804 appellato
2040 2763 2119 2794 ludo
2144 2764 2186 2793 ob
2203 2763 2376 2799 avaritiam,
2396 2763 2482 2794 iuxta

1409 2811 1587 2842 doctrinam
1610 2809 1759 2840 Auctoris
1783 2809 1816 2839 in
1838 2808 1901 2839 hoc
1924 2809 2012 2845 loco,
2037 2808 2206 2838 dicendum
2233 2815 2279 2838 est
2302 2808 2391 2848 quod
2415 2818 2481 2837 non

1409 2862 1456 2886 est
1478 2862 1646 2895 peccatum
1669 2854 1803 2884 mortale
1827 2853 2005 2883 secundum
2029 2862 2071 2883 se.
2097 2853 2138 2883 Et
2159 2852 2238 2882 ratio
2259 2859 2305 2882 est
2324 2852 2399 2892 quia
2415 2862 2480 2882 non

1408 2900 1541 2930 assumit
1565 2906 1672 2929 actum
1696 2899 1874 2928 secundum
1890 2907 1921 2927 se
1945 2897 2113 2927 mortalem
2138 2907 2174 2926 ex
2190 2903 2386 2926 nocumento
2407 2906 2480 2936 pro-

1408 2944 1501 2980 ximi,
1534 2944 1589 2974 sed
1619 2950 1726 2973 actum
1758 2942 1904 2972 avaritiae
1935 2952 1971 2972 ex
2002 2949 2088 2981 parte
2121 2941 2301 2981 cupiditatis
2332 2948 2362 2971 et
2391 2940 2482 2970 modi

1406 2988 1508 3028 turpis
1525 2987 1752 3027 multipliciter.
1770 2987 1820 3017 Ad
1840 2986 1931 3017 cuius
1948 2987 2064 3016 claram
2081 2985 2332 3025 intelligentiam,
2350 2985 2480 3015 recolito

1407 3030 1445 3063 'ex
1469 3043 1565 3073 supra
1589 3032 1679 3062 dictis
1695 3031 1728 3061 in
1745 3041 1800 3071 qu.
1818 3041 1920 3066 cxvnt,
1938 3037 1994 3061 art.
2016 3032 2031 3061 3
2050 3037 2080 3060 et
2093 3040 2116 3069 4
2130 3030 2157 3066 *,
2182 3030 2271 3070 quod
2295 3029 2422 3059 avaritia
2446 3036 2481 3059 ut

1407 3077 1584 3117 opponitur
1599 3076 1746 3111 iustitiae,
1764 3083 1810 3106 est
1833 3076 2010 3106 secundum
2029 3084 2062 3105 se
2086 3081 2251 3115 peccatum
2269 3073 2421 3104 mortale:
2446 3080 2482 3104 ut

1407 3129 1515 3152 autern
1539 3121 1716 3161 opponitur
1738 3120 1929 3155 liberalitati,
1956 3129 2022 3149 non
2046 3125 2092 3149 est
2115 3119 2292 3149 secundum
2316 3128 2348 3147 se
2371 3127 2481 3158 pecca-

1407 3173 1478 3197 tum
1502 3165 1650 3201 mortale,
1676 3164 1736 3194 nisi
1759 3164 1841 3194 forte
1864 3163 1940 3204 quia
1963 3162 2034 3193 finis
2059 3163 2191 3193 ultimus
2216 3162 2346 3202 ponitur
2370 3162 2402 3191 in
2426 3172 2480 3201 pe-

1408 3210 1510 3240 cunia.
1537 3212 1636 3239 Actus
1655 3209 1751 3248 igitur
1769 3208 1916 3238 avaritiae
1940 3207 1972 3237 in
1995 3207 2073 3237 ludo
2090 3207 2309 3242 interveniens,
2327 3206 2352 3236 si
2370 3216 2481 3236 secun-

1408 3255 1486 3284 dum
1510 3264 1543 3284 se
1567 3261 1613 3284 est
1637 3252 1779 3283 mortalis
1793 3276 1800 3288 ,
1826 3259 1953 3292 oportet
1976 3252 2025 3281 vel
2049 3252 2137 3291 quod
2163 3251 2370 3281 contrarietur
2392 3251 2480 3281 iusti-

1407 3298 1484 3328 tiae:
1510 3315 1528 3320 -
1553 3303 1676 3327 constat
1708 3304 1834 3332 autem,
1859 3296 2003 3326 absolute
2035 3295 2216 3335 loquendo,
2242 3295 2331 3335 quod
2360 3295 2480 3325 nullius

1407 3342 1526 3373 iustitia
1546 3341 1687 3374 violatur
1711 3351 1748 3371 ex
1770 3341 1833 3371 hoc
1865 3341 1955 3380 quod
1981 3340 2046 3370 duo
2071 3339 2194 3370 domini
2218 3349 2326 3369 rerum
2349 3349 2480 3370 suarum

1406 3386 1503 3417 libere
1527 3392 1692 3426 exponunt
1715 3385 1783 3415 illas
1806 3385 1924 3415 damno
1943 3384 1994 3414 vel
2016 3384 2107 3414 lucro
2127 3394 2183 3425 per
2198 3384 2282 3414 viam
2298 3383 2380 3414 ludi:
2405 3384 2480 3424 quia

1406 3432 1520 3462 scienti
1544 3435 1574 3460 et
1597 3430 1715 3461 volenti
1738 3429 1844 3465 libere,
1869 3429 1901 3458 in
1922 3428 1970 3459 his
1989 3438 2131 3469 quorum
2147 3435 2194 3459 est
2216 3438 2276 3468 pro
2292 3438 2350 3459 sua
2365 3429 2479 3459 volun—

1408 3482 1470 3506 tate
1495 3475 1656 3510 dominus,
1681 3483 1743 3504 non
1757 3473 1803 3514 fit
1825 3474 1946 3503 iniuria
1961 3473 1993 3509 *;
2019 3479 2152 3514 uterque
2168 3479 2275 3503 autem
2293 3473 2350 3503 scit
2366 3479 2396 3503 et
2411 3473 2515 3503 vult·

1409 3519 1578 3560 pecuniam
1602 3528 1703 3554 suam,
1729 3517 1819 3548 cuius
1843 3524 1889 3548 est
1911 3517 2007 3547 libere
2031 3527 2090 3557 pro
2107 3528 2164 3548 sua
2178 3517 2356 3547 voluntaria
2371 3517 2478 3566 dispo-

1410 3564 1524 3594 sitione
1549 3563 1709 3599 dominus,
1735 3562 1788 3592 tali
1804 3563 1893 3592 lucro
1909 3562 1959 3592 vel
1979 3562 2098 3592 damno
2122 3572 2178 3603 per
2196 3562 2291 3592 talem
2307 3561 2401 3597 viam,
2419 3560 2478 3590 sci-

1410 3609 1482 3639 licet
1504 3608 1582 3644 ludi,
1608 3616 1774 3647 exponere.
1807 3607 1882 3637 Non
1906 3613 1952 3637 est
1974 3606 2070 3646 igitur
2096 3606 2147 3636 hic
2171 3606 2297 3636 avaritia
2325 3615 2407 3645 quae
2431 3605 2476 3634 iu-

2299 3665 2332 3697 45

2529 405 2607 427 Tract.
2623 406 2643 427 C
2647 422 2652 427 .

2508 627 2635 650 ’VideCan.
2637 628 2719 656 Pasce,

2508 654 2702 677 dist.LXXXV1.

2510 1579 2519 1588 ⁸
2533 1578 2600 1599 Vers.
2615 1583 2634 1605 5.

2510 1658 2520 1668 ⁸
2534 1657 2599 1678 Vere.
2614 1664 2638 1683 4.

2512 1755 2521 1764 ⁸
2534 1752 2605 1774 Num.
2620 1758 2646 1774 ιι.

2508 3039 2650 3062 ’'Comment.
2655 3046 2720 3062 num.

2507 3073 2523 3088 1.

2528 3477 2564 3499 De
2578 3477 2715 3505 Reg.1ur.,

2504 3510 2551 3552 ἓξ.
2561 3510 2632 3531 xxvii,
2641 3504 2671 3531 ἧος
2665 3503 2714 3525 Se
