2768 4198
60 839 142 862 ⁸.0rd
157 840 218 867 Aug.

968 263 1236 310 QUAESTIO
1266 264 1420 310 CLXII,
1450 262 1747 300 ARTICULUS
1775 261 1810 298 V

2406 259 2476 296 321

1088 418 1407 460 ARTICULUS
1437 417 1695 469 QUINTUS

901 512 1056 543 UTRUM
1081 511 1288 543 SUPERBIA
1312 511 1379 542 srr
1402 510 1641 542 PECCATUM
1666 510 1878 542 MORTALE

1023 591 1057 616 lv
1077 591 1159 619 Sent„
1179 591 1239 616 dist.
1258 598 1343 622 xxxm,
1363 598 1408 623 qu.
1427 598 1444 620 ι,
1464 595 1510 615 art.
1532 590 1554 621 3,
1574 590 1624 622 qu·
1645 598 1668 620 2,
1687 591 1719 615 ad
1740 590 1763 615 3.

354 691 396 722 με
422 695 488 735 A«
511 685 534 710 n
555 683 719 715 Qumrun
738 684 792 709 su:
812 683 1053 709 Paocssmrua.
1077 671 1238 708 Videtur
1264 668 1395 720 qu0d{

369 724 375 729 '
353 716 488 786 ’ξῆ
513 726 692 775 superbia
707 738 786 762 non
801 725 846 762 sit
860 733 1062 774 peccatum
1079 726 1250 762 mortale.
1268 723 1395 771 Quia
1393 750 1395 793 Ι

450 763 481 819 Υ
513 792 629 840 super
644 779 734 816 illud
747 778 891 816 Psalmi
906 779 938 825 ²¹⁶,
955 779 1119 816 Domine
1137 779 1241 815 Deus
1264 789 1395 820 meus

401 825 446 858 '³³'
470 824 546 870 &si
562 833 647 882 feci
672 833 779 879 istud,
801 831 889 869 dicit
909 833 1046 870 Glossa
1064 832 1104 869 *t
1132 832 1271 868 scilicet
1289 831 1395 879 um·-
1393 831 1395 851 ¹

300 885 446 924 versale
469 892 679 934 peccatum,
700 886 801 934 quod
827 891 882 922 est
901 886 1088 934 superbia.
1119 885 1159 922 Si
1178 885 1288 933 igitur
1307 897 1367 921 su-
1393 854 1396 915 i

301 939 434 989 perbia
462 947 562 976 esset
589 947 789 989 peccatum
818 941 993 986 mortale,
1023 951 1140 976 omne
1168 946 1367 988 peccatum
1394 918 1395 976 i

302 1000 401 1029 esset
429 993 602 1030 mortale.

355 1056 391 1081 2.
412 1046 647 1091 PRAETEREA,
669 1057 784 1082 omne
813 1053 1014 1094 peccatum
1036 1045 1284 1082 contrariatur
1309 1057 1370 1081 ca-

301 1097 408 1135 ritati.
439 1098 516 1135 Sed
535 1104 737 1157 peccatum
758 1098 993 1147 superbiam
1013 1110 1090 1134 non
1109 1098 1260 1135 videtur
1280 1110 1369 1135 con-
1395 1112 1397 1150 ς

299 1150 443 1188 trariari
473 1150 635 1196 caritati,
665 1162 790 1198 neque
828 1158 1014 1199 quantum
1043 1152 1091 1187 ad
1127 1151 1369 1187 dilectionem
1395 1141 1397 1195 l

300 1203 392 1251 Dei,
429 1216 554 1252 neque
591 1211 779 1252 quantum
817 1203 864 1240 ad
903 1203 1145 1240 dilectionem
1184 1204 1368 1252 proximi.

301 1257 390 1307 quia
418 1258 638 1301 excellentia
666 1268 784 1304 quam
804 1256 889 1306 quis
917 1256 1127 1294 inordinate
1147 1269 1216 1305 per
1240 1269 1370 1306 super—

301 1373 366 1403 aut
393 1364 536 1402 utilitati
564 1362 737 1413 proximi.
768 1364 870 1411 Ergo
890 1363 1069 1412 superbia
1097 1375 1176 1400 non
1201 1371 1256 1400 est
1283 1375 1371 1412 pec·
1397 1362 1398 1408 ξ

302 1425 429 1456 catum
459 1418 633 1455 mortale.

358 1474 392 1510 3.
423 1471 663 1518 PRAETEREA,
699 1482 813 1508 omne
851 1478 1054 1518 peccatum
1093 1458 1252 1506 mortale
1281 1482 1371 1506 con-
1397 1490 1399 1512 ρ

301 1525 476 1564 trariatur
501 1524 641 1562 virtuti.
681 1524 759 1562 Sed
796 1523 972 1572 superbia
1010 1535 1089 1560 non
1123 1523 1399 1560 contrariatur>

301 1578 442 1625 virtuti,
472 1578 540 1615 sed
568 1578 694 1627 potius
723 1590 767 1615 ex
798 1589 843 1614 ea
871 1576 1004 1614 oritur:
1035 1576 1135 1625 quia,
1157 1585 1198 1613 ut
1226 1577 1371 1625 Grego-

269 1658 275 1664 -
302 1633 379 1671 rius
409 1631 509 1679 dicit,
539 1632 702 1669 XXXIV
729 1630 875 1668 Moral.
896 1629 927 1676 ²⁸⁸,
948 1630 1152 1678 aliquando
1180 1631 1293 1667 homo
1323 1642 1374 1667 ex

269 1685 276 1691 ’
301 1686 459 1724 summis
487 1685 777 1734 caelestibusque
803 1684 1001 1721 virtutibus
1020 1684 1237 1720 intumescit.
1270 1685 1371 1733 Ergo

251 2047 253 2050 ,
303 2006 530 2044 venialibus.
561 2006 662 2053 Ergo
693 2004 871 2058 superbia
900 2016 979 2041 non
1009 2012 1063 2041 est
1086 2011 1285 2053 peccatum
1306 2016 1371 2040 ve-

67 2490 280 2554 *naason-..up

66 2559 90 2581 x,
104 2557 165 2575 ven.
179 2557 209 2582 ¹³-

68 2655 79 2667 ·
92 2654 159 2678 Vm.
174 2661 208 2683 ¹4·

73 3142 85 3154 ⁸
97 3141 208 3164 Quoius.
223 3146 239 3162 ι.

73 3168 96 3180 ‘⁸
109 3167 146 3190 ef.
166 3172 230 3189 num.
250 3172 285 3188 m.

303 1739 482 1790 superbia
510 1751 589 1776 non
619 1746 674 1775 est
701 1745 904 1788 peccatum
932 1738 1104 1774 mortale.

357 1794 431 1830 SED
452 1804 599 1830 CONTRA
619 1804 684 1830 EST
713 1791 818 1841 quod
847 1790 1067 1839 Gregorius,
1097 1790 1135 1826 in
1165 1790 1303 1827 eodem
1333 1791 1373 1826 li-

225 1870 232 1883 ,
269 1870 276 1876 -
303 1847 374 1885 bro
392 1846 424 1892 ³⁸,
455 1845 542 1883 dicit
571 1847 677 1893 quod
704 1845 1018 1882 evidentissimum
1048 1844 1297 1892 reproborum
1325 1844 1373 1880 si-

303 1911 424 1951 gnum
452 1899 628 1948 superbia
663 1905 735 1935 est.-
772 1904 813 1935 at
843 1903 991 1943 contra,
1021 1897 1209 1934 humilitas
1241 1896 1372 1934 electo-

304 1965 403 1990 rum.
434 1953 510 1989 Sed
529 1952 706 1990 homines
727 1964 805 1988 non
824 1951 922 1988 fiunt
949 1950 1100 1999 reprobi
1119 1962 1189 1999 pro
1210 1951 1374 1999 peccatis

305 2060 416 2106 niale,
447 2059 514 2096 sed
544 2059 717 2096 mortale.

359 2114 586 2150 Responmzo
615 2124 799 2149 mCENDUM
828 2111 933 2160 quod
962 2110 1141 2159 superbia
1172 2110 1374 2147 humilitati

305 2166 523 2227 opponitur.
555 2165 757 2202 Humilitas
777 2172 904 2201 autem
934 2163 1085 2212 proprie
1111 2163 1259 2212 respicit
1286 2164 1374 2200 sub-

306 2281 373 2311 est.
412 2273 524 2311 Unde
554 2285 573 2308 e
603 2271 792 2309 contrario
829 2270 1007 2319 superbia
1045 2270 1197 2319 proprie
1227 2269 1375 2318 respicit
1400 2268 1401 2302 l

306 2327 497 2365 defectum
535 2325 648 2362 huius
690 2323 956 2361 subiectionis:
986 2323 1199 2360 secundum
1237 2310 1402 2368 scilicet}

307 2379 413 2429 quod
450 2378 584 2428 aliquis
618 2390 659 2415 se
697 2377 838 2415 extollit
865 2389 980 2426 supra
1014 2376 1051 2414 id
1085 2377 1190 2426 quod
1220 2385 1276 2413 est
1304 2377 1402 2414 sibi!

305 2433 519 2483 praefixum
548 2432 761 2469 secundum
791 2430 961 2468 divinam
988 2431 1156 2478 regulam
1177 2431 1240 2466 vel
1268 2442 1376 2467 men-

307 2498 454 2533 suram;
485 2493 617 2522 contra
646 2485 684 2522 id
713 2485 818 2533 quod
847 2485 1055 2533 Apostolus
1084 2484 1172 2520 dicit
1190 2482 1206 2513 β
1224 2483 1262 2520 *z
1291 2483 1402 2520 Nos
1401 2500 1402 2528 l

307 2545 432 2578 autem
461 2551 537 2576 non
566 2539 602 2575 in
628 2539 852 2575 immensum
888 2538 1120 2587 gloriamur:
1149 2537 1216 2573 sed
1244 2548 1375 2573 secun-

308 2594 397 2631 dum
427 2603 644 2628 mensuram
673 2603 747 2639 qua
783 2603 933 2627 mensus
960 2596 1014 2627 est
1040 2590 1146 2627 nobis
1178 2591 1293 2627 Deus.
1327 2589 1403 2626 Et

307 2647 396 2684 ideo
417 2645 551 2683 dicitur
569 2644 686 2682 Eccli.
706 2656 730 2681 x
747 2644 779 2690 ³¹²,
805 2644 911 2693 quod
930 2644 1075 2680 initium
1097 2644 1294 2691 superbiae
1311 2642 1403 2679 ho-

308 2700 420 2737 minis
447 2704 502 2736 est
526 2703 742 2746 apostatare
769 2709 792 2734 a
816 2698 922 2734 Deo:
950 2696 1130 2742 scilicet,
1122 2709 1160 2732 1n
1180 2701 1195 2724 Υ
1215 2697 1289 2732 hoc
1318 2709 1375 2733 ra·
1402 2708 1403 2726 2

362 2822 389 2854 α)
406 2825 545 2854 peccatum
565 2820 743 2852 superbiae.—
757 2823 898 2852 peccatum
925 2820 1039 2844 mortale
1057 2819 1154 2852 DEpK.
1170 2823 1309 2851 peccatum
1329 2820 1376 2844 im-

309 2857 423 2883 mortale
441 2857 615 2889 1²,super1n'a
635 2856 680 2880 Ρα.

310 2929 334 2954 G
353 2892 389 2953 11βῐ)
401 2893 483 2954 gfff*
495 2907 514 2911 -
517 2865 564 2917 PH
577 2892 614 2916 ad
635 2892 696 2916 Cor.
716 2891 747 2915 X
763 2891 833 2915 addit
851 2891 878 2920 Ρ.
898 2898 946 2923 pro
964 2897 1025 2922 qua,
1045 2897 1124 2923 quam
1148 2890 1378 2921 ABCDFHIKLa5
1404 2895 1405 2915 i

1422 669 1483 706 dix
1504 670 1702 718 superbiae
1725 670 1995 718 consideratur,
2017 671 2120 730 quod
2140 672 2260 709 homo
2281 673 2490 721 aliqualiter

1422 735 1499 760 non
1529 723 1703 760 subditur
1730 725 1815 760 Deo
1846 732 1881 761 et
1906 725 2056 772 regulae
2081 724 2210 773 ipsius.
2240 727 2488 764 Manifestum

1422 785 1478 813 est
1506 782 1634 813 autem
1654 778 1759 825 quod
1787 778 1862 814 hoc
1887 778 2012 826 ipsum
2032 779 2136 827 quod
2166 787 2221 815 est
2248 792 2327 816 non
2355 781 2489 818 subiici

1422 831 1519 877 Deo,
1540 831 1654 867 habet
1683 830 1869 867 rationem
1897 831 2041 880 peccati
2070 831 2256 869 mortalis:
2286 833 2361 870 hoc
2386 835 2489 872 enim

1423 891 1478 920 est
1492 884 1612 920 averti
1628 896 1650 920 a
1665 884 1762 920 Deo.
1783 884 1894 921 Unde
1911 897 2150 934 consequens
2167 894 2222 922 est
2236 887 2341 935 quod
2358 900 2489 937 super-

1423 937 1496 982 bia,
1514 937 1726 973 secundum
1747 949 1860 974 suum
1881 950 2016 984 genus,
2034 938 2080 974 sit
2093 947 2294 987 peccatum
2315 942 2488 979 mortale.

1478 990 1583 1027 Sicut
1610 998 1738 1027 tamen
1769 990 1807 1027 in
1835 990 1915 1027 aliis
1944 1003 2042 1040 quae
2065 1004 2109 1028 ex
2138 1004 2208 1029 suo
2236 1005 2374 1040 genere
2403 1002 2491 1032 sunt

1395 1040 1579 1103 {peccata
1617 1043 1809 1089 mortalia,
1844 1051 1935 1092 puta
1970 1043 2007 1081 in
2045 1044 2293 1082 fornicatione
2323 1055 2359 1084 et
2386 1048 2491 1085 adul-

1423 1097 1530 1143 terio,
1552 1105 1638 1133 sunt
1658 1097 1774 1145 aliqui
1803 1105 1930 1133 motus
1950 1097 2013 1145 qui
2038 1106 2126 1135 sunt
2152 1107 2309 1147 peccata
2327 1101 2491 1138 venialia

1423 1158 1579 1210 propter
1599 1162 1733 1186 eorum
1755 1150 2095 1198 imperfectionem,
2117 1152 2204 1200 quia
2225 1153 2364 1190 scilicet
2382 1167 2492 1214 prae-

1396 1203 1581 1240 {veniunt
1618 1203 1771 1240 rathnIS
1809 1203 1990 1240 ludicium
2030 1212 2065 1240 et
2101 1213 2188 1242 Sunt
2224 1215 2374 1255 praeter
2411 1208 2491 1245 eIUS

1396 1287 1398 1294 η,
1425 1268 1678 1301 consensum;
1717 1256 1766 1292 ita
1800 1256 1914 1293 etiam
1950 1265 1987 1293 et
2022 1257 2120 1294 circa
2148 1259 2366 1307 superbiam
2395 1262 2492 1298 acci-

287 1304 580 1360 biam-appetit,
603 1322 681 1347 non
701 1321 853 1358 semper
873 1309 1122 1347 contrariatur
1139 1310 1277 1346 honori
1298 1310 1371 1346 Dei
1397 1317 1398 1359 3

1425 1309 1477 1346 dit
1496 1310 1602 1357 quod
1627 1309 1741 1358 aliqui
1760 1317 1888 1346 motus
1909 1310 2110 1359 superbiae
2131 1320 2219 1349 sunt
2241 1322 2397 1361 peccata
2425 1327 2491 1352 ve-

1425 1363 1545 1408 nialia,
1576 1363 1667 1399 dum
1698 1362 1751 1398 eis
1780 1363 1873 1399 ratio
1902 1375 1979 1399 non
2010 1365 2206 1402 consentit.

1478 1418 1536 1452 AD
1561 1427 1698 1452 PRIMUM
1727 1426 1826 1452 ERGO
1855 1427 2040 1453 DICENDUM
2069 1418 2187 1464 quod,
2217 1418 2312 1455 sicut
2339 1432 2454 1468 supra
2472 1420 2493 1442 '¹‘
2520 1425 2530 1436 ⁸

1426 1469 1567 1506 dictum
1603 1475 1669 1513 est,
1705 1468 1883 1516 superbia
1916 1481 1994 1505 non
2029 1477 2084 1506 est
2116 1470 2331 1508 universale
2360 1485 2492 1521 pecca-

1425 1530 1507 1559 tum
1528 1522 1740 1558 secundum
1761 1534 1870 1558 suam
1892 1522 2107 1568 essentiam,
2125 1524 2192 1561 sed
2211 1537 2280 1573 per
2299 1526 2493 1573 quandam

1426 1574 1745 1613 redundantiam:
1784 1574 2012 1623 inquantum
2056 1576 2195 1613 scilicet
2234 1591 2278 1614 ex
2315 1580 2495 1628 superbia

1427 1629 1555 1666 omnia
1583 1636 1741 1678 peccata
1770 1628 1859 1665 oriri
1887 1637 2058 1677 possunt.
2087 1630 2199 1667 Unde
2224 1643 2302 1669 non
2327 1633 2496 1680 sequitur

1426 1683 1531 1732 quod
1570 1683 1701 1719 omnia
1734 1690 1890 1730 peccata
1929 1682 2002 1719 sint
2029 1684 2224 1720 mortalia:
2264 1685 2330 1722 sed
2369 1687 2494 1723 solum

1397 1744 1399 1788 ζ
1427 1737 1581 1786 quando
1612 1736 1785 1772 oriuntur
1805 1747 1849 1772 ex
1869 1735 2047 1784 superbia
2076 1739 2277 1786 completa,
2300 1751 2415 1788 quam
2443 1740 2496 1777 di-

1398 1827 1399 1841 ÷
1426 1790 1551 1827 ximus
1570 1789 1590 1810 ’¹‘
1620 1801 1702 1825 esse
1732 1796 1931 1837 peccatum
1962 1791 2133 1827 mortale.

1479 1845 1539 1880 An
1567 1854 1758 1880 SECUNDUM
1786 1854 1971 1879 mCENDuM
2001 1843 2106 1892 quod
2135 1845 2313 1892 superbia
2342 1858 2496 1894 semper

1427 1897 1583 1948 quidem
1623 1895 1872 1932 contrariatur
1905 1895 2095 1933 dilectioni
2129 1897 2296 1934 divinae:
2336 1899 2495 1947 inquan-

1399 1985 1400 2002 ᾖ
1427 1958 1509 1987 tum
1529 1949 1670 1986 scilicet
1684 1949 1870 1998 superbus
1890 1961 1968 1985 non
1990 1962 2030 1986 se
2050 1950 2199 1987 subiicit
2218 1951 2368 1988 divinae
2389 1965 2496 2000 regu-

1399 2035 1400 2038 ,
1427 2005 1485 2040 lae
1505 2010 1619 2052 prout
1639 2002 1762 2039 debet.
1789 2003 1838 2039 Et
1856 2002 2090 2052 quandoque
2111 2004 2224 2040 etiam
2246 2005 2496 2044 contrariatur

1399 2060 1401 2107 f
1428 2055 1619 2094 dilectioni
1633 2055 1812 2104 proximi:
1838 2055 2064 2104 inquantum
2086 2056 2225 2094 scilicet
2243 2058 2376 2107 aliquis
2395 2059 2495 2096 inor-

1399 2109 1401 2147 ἲ
1429 2110 1554 2147 dinate
1575 2121 1614 2145 se
1629 2109 1794 2157 praefert
1813 2109 1999 2157 proximo,
2017 2118 2081 2146 aut
2101 2111 2148 2146 ab
2165 2110 2244 2147 eius
2261 2111 2495 2150 subiectione

1400 2186 1401 2189 =
1428 2176 1468 2199 se
1486 2162 1671 2199 subtrahit
1685 2160 1710 2199 ὅ.
1742 2163 1783 2198 In
1811 2174 1888 2210 quo
1910 2163 2022 2199 etiam
2046 2164 2249 2211 derogatur
2269 2164 2418 2202 divinae
2441 2179 2497 2202 re-

247 2245 278 2257 -‚
304 2220 508 2258 iectionem
537 2219 703 2256 hominis
731 2218 780 2255 ad
809 2218 951 2263 Deum,
981 2224 1022 2253 ut
1050 2229 1165 2265 supra
1182 2216 1203 2238 '¹‘
1232 2216 1373 2254 dictum
1400 2212 1401 2263 i

1428 2217 1557 2264 gulae,
1589 2227 1633 2251 ex
1670 2227 1744 2263 qua
1773 2223 1860 2252 sunt
1896 2216 2100 2253 hominum
2135 2216 2287 2253 ordines
2323 2218 2495 2256 instituti:

1429 2276 1542 2318 prout
1571 2268 1711 2305 scilicet
1733 2281 1832 2305 unus
1857 2281 1991 2306 eorum
2021 2270 2092 2306 sub
2112 2269 2185 2306 alio
2208 2283 2288 2307 esse
2319 2271 2442 2309 debet.

1483 2325 1542 2359 An
1570 2334 1731 2359 TERTmM
1755 2333 1940 2359 D1CENDUM
1960 2323 2066 2371 quod
2086 2323 2264 2371 superbia
2284 2337 2362 2361 non
2382 2325 2498 2362 oritur

1430 2388 1475 2412 ex
1504 2375 1704 2412 virtutibus
1734 2375 1828 2412 sicut
1858 2388 1903 2412 ex
1933 2389 2047 2413 causa
2066 2388 2135 2424 per
2163 2389 2216 2419 se,
2238 2378 2305 2414 sed
2334 2378 2429 2415 sicut
2452 2391 2497 2416 ex

1431 2441 1545 2466 causa
1573 2441 1642 2478 per
1670 2428 1862 2465 accidens:
1893 2429 2118 2479 inquantum
2140 2429 2280 2467 scilicet
2300 2431 2432 2479 aliquis
2453 2444 2497 2468 ex

1430 2482 1632 2520 virtutibus
1653 2482 1874 2519 occasiones
1894 2487 1906 2503 ι
1935 2483 2134 2532 superbiae
2155 2483 2278 2521 sumit.
2309 2485 2412 2521 Nihil
2433 2498 2497 2521 au-

1401 2537 1403 2577 ἱ
1430 2544 1508 2573 tem
1527 2536 1704 2585 prohibet
1719 2535 1810 2584 quin
1830 2548 1951 2573 unum
1982 2536 2258 2574 contrariorum
2280 2538 2326 2574 sit
2346 2538 2497 2575 alterius

1431 2602 1546 2626 causa
1574 2602 1642 2638 per
1678 2589 1876 2629 accidens,
1906 2597 1947 2626 ut
1962 2590 2096 2627 dicitur
2124 2589 2160 2626 in
2189 2590 2274 2627 VIII
2305 2592 2452 2639 Physic.
2478 2592 2498 2613 ’¹‘
2525 2594 2535 2604 ⁴

1402 2672 1403 2702 1
1430 2643 1542 2680 Unde
1577 2643 1689 2679 etiam
1720 2650 1756 2679 et
1785 2643 1831 2679 de
1860 2642 1942 2691 ipsa
1979 2643 2189 2680 humilitate
2226 2643 2340 2690 aliqui
2368 2657 2497 2692 super-

1431 2696 1550 2733 biunt.

1484 2821 1510 2852 γ)
1529 2820 1636 2848 scilicet,
1653 2820 1689 2844 in.
1701 2832 1720 2837 -
1731 2819 1778 2843 sed
1793 2818 1818 2842 in
1834 2818 1958 2850 AEpCsK
1973 2824 1998 2843 et
2010 2826 2035 2847 α,
2049 2821 2074 2842 et
2087 2818 2125 2843 sic
2140 2819 2166 2843 in
2178 2819 2220 2850 sC,
2232 2820 2295 2852 quia
2309 2821 2452 2845 secundum
2468 2821 2496 2847 P.

1484 2854 1509 2887 ὃ)
1528 2854 1673 2880 subtrahit.
1687 2869 1706 2872 -
1724 2853 1840 2879 retrahit
1860 2854 1906 2879 Pa.

1485 2891 1507 2923 ε)
1527 2890 1687 2916 occasiones.
1700 2903 1718 2909 -
1737 2890 1901 2914 occasionem
1920 2889 1970 2914 PC.

991 3005 1325 3038 Commentaria
1348 3005 1601 3038 Cardinalis
1625 3006 1824 3038 Caietam

340 3098 360 3119 N
384 3088 517 3119 articulo
541 3088 654 3128 quinto
679 3087 822 3118 eiusdem
846 3085 1051 3126 quaestionis,
1076 3085 1172 3115 dubia
1198 3085 1298 3115 multa
1322 3095 1375 3115 oc-
1401 3084 1403 3087 ’

341 3139 473 3163 currunt
496 3142 533 3163 ex
555 3132 704 3168 Martino,
725 3132 757 3161 in
781 3141 836 3171 qu.
857 3141 878 3160 11
893 3130 911 3149 *
934 3130 973 3160 de
997 3129 1159 3169 Superbia.
1184 3129 1376 3159 Primum*
1402 3137 1403 3148 ἢ

312 3182 358 3206 est
381 3176 460 3206 circa
484 3176 636 3207 redditam
665 3177 698 3207 in
721 3176 823 3206 littera
851 3175 1008 3205 rationem
1039 3183 1136 3214 quare
1160 3174 1307 3213 superbia
1331 3180 1377 3204 est
1402 3190 1403 3212 ἦ

311 3226 478 3260 peccatum
499 3221 653 3256 mortale,
678 3220 754 3261 quia
777 3219 894 3250 scilicet
917 3219 1070 3259 importat
1093 3228 1158 3248 non
1181 3218 1293 3248 subiici
1317 3217 1375 3248 ho·
1402 3224 1404 3234 ’

313 3264 433 3294 minem
456 3264 536 3300 Deo,
553 3271 611 3295 etc.
636 3264 768 3300 Contra,
791 3264 911 3304 inquit:
937 3274 1002 3293 non
1027 3262 1132 3293 omnis
1156 3272 1189 3292 se
1212 3272 1277 3292 non
1302 3271 1376 3291 con-

313 3307 455 3338 formans
476 3308 538 3348 legi
562 3308 699 3346 divinae,
723 3316 832 3349 peccat
855 3307 1038 3338 mortaliter.
1072 3307 1157 3346 Ergo
1181 3316 1247 3336 non
1271 3306 1377 3336 omnis
1403 3332 1404 3336 ,

315 3352 370 3393 qui
391 3362 423 3382 se
443 3351 564 3382 extollit
586 3362 682 3393 supra
697 3353 730 3383 id
754 3353 842 3394 quod
858 3359 904 3383 est
927 3352 985 3382 sibi
1010 3350 1183 3392 praefixum
1200 3351 1377 3381 secundum

314 3396 456 3436 regulam
485 3395 642 3432 divinam,
674 3404 781 3436 peccat
811 3397 994 3428 mortaliter.
1027 3396 1111 3435 Ergo
1144 3395 1204 3425 hoc
1235 3405 1299 3425 non
1331 3402 1377 3425 est
1403 3417 1404 3436 ἶ

314 3439 472 3471 sufficiens
496 3440 574 3470 ratio
599 3447 633 3471 ut
657 3441 803 3480 superbia
827 3441 866 3471 sit
889 3447 1055 3481 peccatum
1070 3440 1213 3470 mortale.
1237 3457 1256 3461 —
1280 3442 1376 3470 Ante-

315 3485 428 3516 cedens
452 3484 614 3523 probatur.
645 3484 730 3521 Quia
753 3494 887 3524 peccans
909 3485 1071 3515 venialiter
1093 3491 1218 3515 tantum
1255 3494 1320 3513 non
1344 3493 1377 3513 se

316 3528 496 3560 conformat
518 3527 579 3567 legi
603 3527 736 3558 divinae.

370 3572 526 3604 Secundo.
547 3572 655 3602 Vanus
677 3578 707 3602 et
722 3572 908 3603 ambitiosus
928 3580 1058 3612 peccant
1081 3572 1253 3613 aliquando
1269 3571 1375 3602 venia-

459 3634 568 3658 SUMMAE
588 3632 689 3657 Timor..
709 3632 739 3656 D.
759 3631 872 3656 Tnomn
882 3631 915 3657 T.
927 3632 981 3657 VII.

1429 3085 1508 3115 liter.
1542 3085 1582 3115 Et
1605 3092 1712 3115 tamen
1736 3085 1779 3114 ita
1802 3085 1963 3124 peccando
1991 3095 2056 3115 non
2081 3091 2234 3124 appetunt
2264 3085 2440 3115 secundum
2464 3085 2496 3115 id

1430 3130 1519 3170 quod
1548 3136 1594 3159 est
1618 3129 1661 3158 eis
1692 3127 1866 3168 praefixum
1892 3129 2068 3159 secundum
2093 3129 2233 3168 regulam
2260 3136 2290 3159 et
2314 3139 2496 3160 mensuram

1430 3173 1580 3203 divinam.
1606 3173 1691 3212 Ergo
1716 3173 1778 3203 hoc
1801 3183 1867 3203 non
1891 3180 1937 3203 est
1961 3173 2117 3203 sufficiens
2142 3173 2220 3203 ratio
2245 3180 2374 3213 propter
2397 3184 2496 3214 quam

1430 3217 1561 3257 aliquod
1585 3224 1751 3257 peccatum
1776 3217 1815 3246 sit
1838 3217 1980 3248 mortale.

1491 3262 1607 3291 Tertio.
1634 3261 1701 3291 Stat
1725 3261 1864 3300 aliquem
1888 3261 1926 3291 de
1943 3271 1975 3291 se
1992 3261 2156 3291 aestimare
2180 3271 2275 3300 super
2290 3261 2322 3291 id
2342 3262 2431 3301 quod
2451 3269 2497 3293 est

1431 3305 1488 3335 sibi
1513 3305 1723 3336 constitutum
1748 3305 1925 3335 secundum
1950 3305 2090 3344 regulam
2107 3305 2256 3341 divinam,
2282 3312 2311 3335 et
2335 3316 2400 3336 non
2425 3316 2495 3346 pec-

1431 3359 1499 3379 care
1524 3349 1706 3380 mortaliter.
1738 3349 1823 3388 Ergo
1851 3349 1927 3379 haec
1955 3349 2034 3379 ratio
2066 3359 2131 3379 non
2160 3357 2206 3380 est
2230 3349 2388 3380 sufficiens
2416 3350 2495 3380 ratio

1432 3394 1549 3434 peccati
1567 3393 1708 3423 mortalis
1731 3393 1763 3423 in
1781 3394 1937 3433 superbia.
1962 3411 1982 3416 —
2007 3393 2204 3424 Antecedens
2224 3395 2386 3434 probatur.
2412 3395 2496 3432 Quia

1402 3439 1404 3472 ,ἰ
1431 3445 1491 3469 stat
1515 3437 1654 3478 aliquem
1678 3437 1739 3468 hoc
1763 3438 1862 3468 modo
1887 3437 1930 3468 sic
1954 3437 1992 3467 de
2013 3447 2044 3467 se
2064 3438 2237 3474 aestimare,
2255 3446 2285 3469 et
2300 3446 2408 3469 contra
2425 3439 2495 3469 nul-

1403 3524 1404 3527 Ἰ
1430 3483 1499 3512 lum
1523 3488 1729 3522 praeceptum
1753 3482 1897 3512 divinum
1921 3491 2058 3521 peccare.
2093 3482 2191 3519 Quod
2221 3483 2374 3523 probatur
2402 3483 2495 3513 indu-

1431 3527 1531 3557 cendo
1556 3536 1612 3566 per
1636 3526 1759 3566 singula
1784 3533 1950 3566 praecepta
1975 3526 2091 3556 divina.

1489 3571 1622 3608 Quarto.
1648 3571 1722 3601 Non
1746 3571 1911 3611 quodlibet
1926 3570 2021 3601 averti
2038 3581 2055 3600 a
2072 3571 2141 3601 Deo
2157 3578 2203 3601 est
2226 3578 2391 3611 peccatum
2408 3580 2494 3600 mor-

2319 3639 2349 3662 4¹

2524 1788 2533 1797 ⁰
2546 1787 2572 1808 In
2586 1792 2691 1815 corpore.
