2768 4198
62 2413 102 2435 lib.

62 2445 123 2461 xvm.

297 309 370 344 302
399 303 401 305 ’
981 303 1247 350 QUAESTIO
1277 302 1416 348 CLXI,
1446 301 1743 339 ART1CULUS
1773 302 1807 338 v

295 399 362 420 rem
378 389 416 419 ab
432 388 558 424 iniuria,
573 387 652 418 sicut
668 386 785 418 iustitia
801 386 894 415 habet
909 390 1120 418 retractorem,
1134 381 1250 412 scilicet
1265 381 1357 411 illurn

295 433 347 464 cui
370 432 458 464 fieret
479 432 604 463 iniuria.
632 431 719 461 Tum
751 429 904 464 secundo,
930 427 1004 467 quia
1035 426 1164 456 humilis
1195 426 1227 455 in
1255 423 1358 455 dubiis

295 484 404 509 contra
427 487 459 508 se
484 482 588 507 censet
611 485 668 516 pro
693 475 770 504 alio:
799 474 900 504 iustus
924 478 1031 502 autem
1055 480 1120 500 non
1144 479 1278 510 semper,
1304 469 1357 499 sed

295 522 426 552 recurrit
448 522 486 551 ad
510 520 657 551 iudicem.

352 566 464 606 Arguit
486 565 588 596 tertio.
614 563 645 594 Si
669 572 780 592 omnes
804 568 906 591 essent
929 569 1000 589 vere
1024 558 1172 594 humiles,
1197 568 1263 588 non
1279 564 1359 588 esset

296 621 379 651 opus
403 609 521 640 iustitia
544 606 732 648 particulari.
757 605 817 636 Sed
840 605 866 635 si
890 613 1003 635 omnes
1027 609 1130 633 essent
1153 602 1238 639 iusti,
1255 601 1359 632 adhuc

296 661 376 685 esset
399 664 481 694 opus
512 651 697 682 humilitate.
729 650 814 689 Ergo
838 648 999 679 humilitas
1027 647 1134 687 potior
1165 653 1212 677 est
1242 645 1360 677 iustitia

296 697 485 739 particulari.
510 715 529 718 -
552 694 749 726 Antecedens
773 703 831 733 pro
855 693 958 734 prima
982 698 1069 733 parte
1089 692 1251 731 probatur.
1277 690 1360 728 Quia

297 753 361 773 non
386 750 465 772 esset
492 739 668 770 inordinata
700 737 855 777 cupiditas
879 744 999 767 rerum:
1032 745 1090 776 pro
1114 745 1178 776 qua
1209 745 1292 775 opus
1316 742 1361 765 est

296 786 423 817 iustitia.
448 803 468 808 -
493 784 636 814 Secunda
651 792 722 822 pars
746 783 909 822 probatur.
934 780 1019 818 Quia
1035 787 1095 811 stat
1111 780 1251 820 aliquem
1275 779 1360 810 nolle

296 831 444 865 alienum,
469 836 499 859 et
521 835 627 858 tamen
651 826 692 857 ita
717 826 884 866 appretiari
908 825 1095 865 temporalia
1118 831 1154 855 ut
1179 824 1279 864 magis
1303 834 1360 864 pro

296 875 339 906 eis
355 884 452 915 quam
469 883 527 913 pro
544 871 759 912 spiritualibus
775 870 906 902 laboret.
930 871 971 901 Et
987 869 1048 900 hoc
1064 879 1100 899 ex
1117 868 1241 899 defectu
1257 868 1362 899 humi-

294 919 402 949 litatis:
428 918 502 959 quia
518 915 672 957 appretiat
688 915 875 955 temporalia
895 915 967 955 plus
983 924 1080 955 quam
1096 913 1127 943 in
1145 913 1273 944 veritate
1290 913 1360 944 sint.

350 962 462 1002 Arguit
485 967 610 1002 quarto,
628 966 815 1000 argumento
841 959 938 990 sancti
962 959 1110 989 Thomae
1125 958 1214 999 quod
1239 964 1285 988 est
1300 957 1362 997 pri-

295 1017 386 1038 mum
409 1007 441 1036 in
465 1005 576 1042 littera,
602 1004 736 1035 scilicet:
761 1004 934 1035 Humilitas
959 1013 1033 1034 cum
1057 1003 1209 1033 iniustitia
1233 1009 1279 1033 est
1297 1012 1363 1032 me-

295 1051 354 1082 lior
378 1060 475 1092 quam
500 1049 646 1090 superbia
671 1059 743 1079 curn
769 1048 895 1079 iustitia.
920 1048 1016 1088 Ergo.

349 1096 403 1126 VI.
426 1095 477 1125 Ad
493 1094 684 1125 evidentiam
702 1092 948 1133 comparationis
963 1092 1044 1123 inter
1059 1091 1284 1122 intellectuales
1301 1090 1363 1121 vir-

294 1146 377 1171 tutes
402 1146 431 1170 et
454 1139 684 1174 humilitatem,
710 1148 765 1168 seu
790 1137 926 1168 morales
950 1137 1097 1173 virtutes,
1122 1136 1197 1177 quia
1227 1135 1363 1166 maxima
1390 1132 1391 1139 ¹

294 1184 342 1215 vis
365 1191 396 1215 et
412 1183 580 1215 difficultas
597 1182 739 1213 consistit
755 1182 787 1212 in
804 1182 865 1213 hoc
882 1183 971 1223 quod
987 1181 1111 1212 bonitas
1128 1180 1256 1211 moralis
1280 1190 1366 1220 prae·
1390 1197 1392 1200 ·

295 1228 392 1259 fertur
415 1229 502 1259 bono
522 1227 710 1263 intellectus,
727 1227 817 1267 quod
841 1233 887 1257 est
910 1226 1033 1262 veritas,
1050 1226 1132 1256 sicut
1151 1224 1269 1255 malitia
1293 1234 1364 1255 mo-

295 1273 367 1304 ralis
391 1273 481 1313 peior
497 1279 543 1303 est
559 1272 644 1302 malo
661 1271 848 1308 intellectus,
866 1271 954 1311 quod
972 1277 1018 1301 est
1035 1269 1170 1301 falsitas:
1196 1269 1268 1299 ideo
1286 1269 1364 1299 scito

295 1317 384 1359 quod
408 1317 533 1348 bonitas
557 1315 687 1346 moralis
711 1322 815 1356 potest
838 1315 922 1346 sumi
946 1314 1123 1355 dupliciter.
1157 1314 1231 1345 Uno
1256 1313 1364 1350 modo,

296 1407 414 1447 petitus
437 1405 607 1436 rationalis.
639 1405 679 1435 Et
702 1404 762 1441 sic,
787 1405 863 1445 quia
886 1404 1127 1444 comprehendit
1155 1403 1187 1433 in
1215 1413 1247 1433 se
1272 1402 1364 1433 etiarn

296 1451 472 1482 bonitatem
495 1450 651 1481 virtutum
674 1449 914 1490 theologalium‚
935 1448 1053 1479 scilicet
1076 1448 1143 1488 spei
1168 1454 1197 1478 et
1221 1447 1365 1482 caritatis,

297 1495 422 1527 bonitas
455 1494 583 1525 moralis
613 1493 657 1524 sic
687 1501 813 1534 accepta
843 1500 890 1524 est
919 1500 1003 1524 extra
1034 1493 1255 1533 propositum:
1287 1502 1366 1532 quo-

297 1540 383 1570 niam
406 1539 457 1570 hic
481 1546 527 1569 est
550 1548 654 1569 sermo
675 1539 713 1568 de
731 1538 899 1569 virtutibus
916 1537 1091 1568 moralibus
1115 1544 1150 1567 ut
1174 1536 1326 1567 distinctis
1348 1547 1364 1566 a

298 1629 406 1660 solum
436 1628 613 1659 extenditur
636 1628 675 1657 ad
698 1627 829 1657 virtutes
859 1636 941 1668 quae
972 1626 1099 1666 proprie
1122 1631 1277 1656 vocantur
1300 1635 1367 1656 mo-

298 1673 388 1709 rales,
405 1672 522 1703 scilicet
545 1671 707 1708 iustitiam,
725 1671 955 1706 fortitudinem,
979 1669 1231 1710 temperantiam,
1248 1676 1279 1700 et
1294 1679 1366 1710 par-

297 1725 344 1749 tes
368 1727 487 1747 earum.
512 1717 553 1747 Et
572 1716 616 1746 sic
632 1716 738 1746 solum
763 1716 917 1746 sumenda
934 1722 980 1745 est
995 1715 1028 1745 in
1051 1714 1219 1755 proposito
1242 1714 1366 1744 bonitas
1392 1710 1394 1718 ¹

298 1761 438 1793 moralis.

353 1806 394 1836 Et
417 1804 693 1846 quemadmodum
725 1803 910 1834 distinctum
943 1810 989 1833 est
1012 1803 1050 1832 de
1074 1802 1216 1834 bonitate
1241 1802 1366 1839 morali,

297 1850 340 1881 ita
363 1848 624 1889 distinguendum
655 1855 700 1878 est
724 1848 762 1878 de
787 1847 906 1878 malitia
935 1846 1048 1877 morali
1073 1854 1103 1878 et
1126 1846 1212 1877 malo
1243 1847 1365 1886 culpae.

298 1893 463 1932 Quoniam
486 1902 553 1923 esse
577 1892 699 1923 malum
715 1892 886 1928 moraliter,
907 1901 962 1922 seu
986 1890 1195 1931 culpabiliter,
1213 1890 1368 1930 contingit

298 1938 475 1978 dupliciter.
509 1937 582 1968 Uno
607 1937 726 1973 modo,
752 1943 787 1967 ut
811 1935 949 1967 extendit
972 1946 1004 1966 se
1037 1935 1077 1965 ad
1106 1935 1228 1966 malum
1258 1941 1367 1966 contra

296 1983 427 2013 virtutes
451 1980 655 2021 theologicas.
680 1981 721 2011 Et
740 1981 783 2011 sic
802 1991 869 2011 non
893 1987 940 2011 est
955 1980 995 2010 ad
1018 1979 1232 2020 propositum.
1255 1997 1276 2003 -
1293 1980 1367 2010 Alio

297 2027 412 2063 modo,
442 2033 477 2056 ut
507 2025 644 2066 praecise
669 2025 809 2056 continet
838 2025 960 2055 malurn
994 2024 1162 2055 virtutibus
1192 2024 1367 2055 moralibus

298 2071 425 2112 proprie
449 2070 539 2101 dictis
556 2069 755 2110 oppositum.
780 2070 821 2100 Et
844 2069 887 2100 sic
904 2069 1011 2100 solum
1028 2075 1074 2100 est
1089 2069 1128 2099 ad
1153 2069 1366 2109 propositum,

298 2123 428 2156 propter
453 2115 586 2145 eandem
610 2114 775 2145 rationem.
802 2114 846 2145 Ita
862 2114 951 2155 quod
975 2124 1080 2144 sermo
1097 2123 1244 2154 praesens
1268 2121 1315 2144 est
1330 2115 1368 2144 de

298 2160 385 2190 malo
410 2158 608 2199 culpabiliter
638 2159 814 2190 secundum
837 2158 912 2189 vitia
936 2158 1086 2194 moralia,
1110 2158 1231 2189 seclusa
1260 2158 1367 2199 culpa-

298 2204 418 2235 bilitate
441 2213 540 2244 quam
563 2203 657 2234 habet
681 2213 717 2234 ex
740 2213 779 2234 eo
803 2203 892 2244 quod
909 2202 1117 2234 contrariatur
1141 2202 1270 2239 caritati,
1286 2213 1368 2244 quae

300 2255 347 2279 est
369 2249 468 2278 virtus
492 2247 682 2287 theologica.
706 2248 747 2278 Et
761 2248 837 2288 quia
860 2247 971 2287 culpae
991 2257 1056 2278 non
1073 2247 1189 2278 habent
1212 2247 1368 2278 rationem

299 2292 419 2333 peccati
436 2291 577 2322 mortalis
594 2291 708 2322 directe
729 2291 788 2322 nisi
811 2291 1004 2332 inquantum
1020 2298 1230 2331 opponuntur
1249 2291 1367 2322 caritati

301 2336 442 2377 diligenti
471 2337 594 2367 bonurn
618 2336 763 2366 divinum
786 2336 818 2366 in
842 2336 963 2376 seipso,
988 2342 1019 2366 et
1041 2335 1253 2377 distinguenti
1285 2337 1369 2366 inter

64 2387 74 2397 ·
86 2386 124 2408 Au
141 2402 147 2408 -
156 2385 192 2434 ge
207 2386 272 2440 ng-
290 2381 383 2422 filios
406 2381 469 2411 Dei
492 2385 521 2410 et
538 2380 731 2420 perditionis
744 2380 762 2399 *
785 2378 871 2423 (licet
886 2379 1163 2410 fundamentaliter
1185 2380 1321 2411 habeant
1336 2380 1367 2410 in

301 2435 334 2456 se
359 2425 443 2455 unde
466 2431 540 2455 sunt
564 2425 675 2464 dignae
699 2431 801 2455 morte
825 2432 950 2455 aeterna
980 2424 1091 2464 culpae
1123 2431 1273 2455 nocentes
1298 2435 1370 2465 pro-

300 2470 403 2505 ximo,
428 2475 463 2499 ut
487 2469 675 2505 homicidia,
700 2469 853 2500 adulteria
882 2476 912 2499 et
945 2467 1135 2510 eiusmodi):
1167 2468 1240 2499 hinc
1266 2469 1370 2500 videre

301 2521 393 2555 potes
417 2520 573 2554 quantum
590 2513 740 2544 adimitur
755 2513 831 2544 mali
850 2513 916 2544 istis
933 2513 1024 2543 malis
1047 2513 1221 2543 moralibus
1238 2521 1273 2544 ut
1296 2521 1369 2544 sunt

301 2559 334 2589 in
358 2558 513 2598 praesenti
537 2557 788 2589 consideratione
812 2564 842 2588 et
866 2557 1114 2598 comparatione.
1138 2558 1316 2588 secundum
1335 2558 1371 2588 il—

301 2603 357 2634 lud
381 2602 497 2632 scilicet
527 2602 664 2632 malitiae
688 2609 718 2632 et
742 2602 853 2643 culpae
877 2602 966 2643 quod
997 2602 1112 2632 directe
1136 2609 1166 2633 et
1193 2603 1368 2633 secundum

302 2646 446 2687 proprias
470 2646 606 2676 rationes
631 2656 667 2676 ex
691 2646 755 2677 suis
784 2646 920 2687 propriis
948 2646 1115 2687 generibus
1148 2647 1285 2686 praecise
1309 2647 1369 2678 im-

302 2697 440 2732 portant.

358 2735 425 2766 VII.
450 2734 510 2765 His
534 2734 628 2774 igitur
652 2735 848 2775 praelibatis,
874 2735 952 2766 scito
976 2735 1066 2776 quod
1089 2735 1220 2766 virtutes
1247 2735 1368 2767 intelle—

303 2780 439 2816 ctuales,
465 2786 500 2810 ut
528 2779 559 2809 in
584 2779 783 2819 praecedenti
807 2779 915 2815 Libro,
943 2789 998 2820 qu.
1023 2790 1093 2810 wa
1117 2787 1173 2811 art.
1202 2781 1233 2816 3,
1259 2779 1369 2811 diffuse

302 2824 398 2854 habes
422 2824 460 2854 ab
485 2825 634 2860 Auctore,
651 2831 810 2864 praestant
832 2824 1016 2864 simpliciter
1039 2824 1223 2860 moralibus,
1245 2825 1319 2865 quia
1336 2835 1370 2856 ex

303 2868 439 2904 obiecto,
457 2866 545 2908 quod
570 2875 616 2898 est
631 2878 742 2899 verum
759 2868 954 2905 abstractim,
971 2875 1040 2904 etc„
1059 2868 1176 2899 habent
1195 2870 1284 2909 quod
1309 2869 1370 2900 sint

303 2911 548 2943 substantialiter
573 2912 758 2943 nobiliores:
790 2914 845 2943 sed
869 2913 1046 2943 secundum
1077 2913 1156 2954 quid
1183 2920 1258 2944 sunt
1281 2914 1371 2944 nobi-

303 2957 398 2988 liores
421 2957 570 2994 morales,
595 2957 713 2988 scilicet
736 2957 768 2987 in
793 2957 902 2988 ordine
926 2958 966 2987 ad
989 2958 1160 2997 agendum.
1190 2958 1231 2989 Et
1254 2968 1290 2988 ex
1314 2958 1371 2989 hac

304 3001 468 3032 nobilitate
491 3002 668 3031 secundum
685 3001 763 3042 quid
787 3002 903 3032 habent
918 3003 1007 3043 quod
1024 3002 1166 3033 dicamur
1189 3002 1372 3043 simpliciter

304 3046 380 3076 boni
404 3055 440 3076 ex
464 3045 638 3076 moralibus
654 3045 833 3078 virtutibus.
859 3047 899 3077 Et
922 3047 965 3077 sic
981 3045 1098 3077 falsitas
1123 3053 1170 3077 est
1185 3047 1275 3087 peius
1294 3047 1370 3088 quid

304 3090 337 3120 in
361 3099 393 3120 se
418 3099 516 3131 quam
541 3089 660 3121 malitia
691 3091 819 3121 moralis
851 3098 887 3122 ut
915 3091 982 3122 istis
1005 3091 1174 3122 virtutibus
1198 3092 1372 3123 moralibus

305 3134 443 3174 praecise
464 3134 650 3174 opponitur,
675 3135 750 3175 quia
773 3135 856 3166 tollit
880 3135 1019 3166 nobilius
1041 3136 1164 3166 bonurn
1187 3135 1220 3166 in
1243 3145 1293 3167 se:
1318 3138 1372 3167 sed

306 3178 491 3209 huiusmodi
516 3178 635 3209 malitia
651 3179 780 3209 moralis
800 3186 846 3210 est
862 3180 953 3220 peius
976 3180 1053 3221 quid
1073 3180 1176 3216 nobis,
1193 3180 1268 3221 quia
1292 3181 1372 3212 tollit

307 3222 398 3258 nobis
415 3223 515 3263 magis
531 3223 625 3260 bona,
643 3223 718 3264 quia
735 3223 834 3264 magis
851 3224 1033 3261 necessaria,
1051 3231 1082 3256 et
1097 3225 1275 3256 secundum
1291 3235 1373 3266 quae

308 3266 441 3297 dicimur
463 3267 540 3298 boni
564 3267 755 3308 simpliciter.

362 3311 427 3341 Nec
451 3311 563 3342 tradidi
586 3312 667 3343 inter
691 3312 767 3343 haec
791 3312 945 3343 oblivioni
970 3313 1144 3344 doctrinam
1169 3313 1317 3345 Auctoris
1340 3314 1371 3344 in

310 3354 320 3383 l
344 3354 443 3390 Parte,
461 3365 515 3395 qu.
532 3366 624 3386 vant
648 3364 703 3388 art.
722 3357 751 3393 6,
778 3357 831 3388 ubi
855 3357 968 3397 probat
985 3357 1107 3388 malum
1123 3358 1234 3398 culpae
1258 3358 1372 3390 habere

309 3398 381 3437 plus
405 3399 558 3429 rationem
583 3401 657 3430 mali
681 3411 778 3441 quam
803 3402 924 3432 malum
944 3412 1075 3442 poenae.
1107 3402 1271 3440 Quoniam
1296 3403 1372 3434 haec

310 3451 375 3472 non
400 3444 626 3474 contrariantur
649 3445 718 3476 illis.
745 3446 907 3483 Quoniam
931 3446 1074 3487 loquitur
1094 3447 1133 3477 de
1150 3447 1235 3477 malo
1260 3447 1371 3488 culpae

310 3485 533 3523 universaliter,
559 3495 593 3518 ut
617 3489 791 3529 opponitur
815 3490 908 3521 etiam
933 3490 1067 3522 caritati:
1100 3498 1134 3522 ut
1157 3498 1242 3532 patet
1269 3491 1301 3522 in
1325 3501 1371 3522 se-

311 3530 413 3560 cunda
437 3530 567 3567 ratione,
591 3542 672 3572 quae
696 3534 863 3574 praecipua
887 3541 942 3570 est,
960 3542 990 3565 et
1009 3535 1160 3566 fundatur
1182 3545 1277 3576 super
1299 3535 1370 3572 hoc,

310 3573 385 3615 quia
400 3574 521 3605 malum
538 3575 648 3615 culpae
665 3577 839 3616 opponitur
854 3578 941 3609 bono
957 3579 1064 3610 divino
1080 3579 1112 3609 in
1127 3579 1242 3620 seipso.
1267 3579 1371 3610 Prima
1398 3578 1400 3596 ²

311 3625 419 3650 autem
442 3618 521 3649 ratio
538 3629 602 3649 non
626 3620 697 3660 plus
721 3621 814 3661 exigit
829 3631 926 3662 quam
951 3624 1039 3662 quod
1056 3623 1149 3663 culpa
1172 3624 1244 3664 plus
1259 3623 1371 3655 habeat

312 3662 349 3693 de
374 3662 494 3693 ratione
518 3663 591 3693 mali
610 3664 725 3694 nostri:
751 3665 825 3704 quia
842 3675 878 3695 ex
902 3666 1011 3697 ordine
1028 3667 1067 3697 ad
1085 3677 1143 3697 nos
1160 3668 1305 3699 sumitur.
1331 3668 1371 3698 Et
1398 3671 1399 3681 ³

1412 380 1493 411 hanc
1515 381 1655 421 glossam
1679 381 1776 412 habes
1800 391 1837 412 ex
1859 382 1932 412 loco
1957 382 2092 422 allegato
2115 382 2239 413 Primae
2263 383 2438 414 Secundae.
2462 400 2483 406 -

1412 424 1472 455 Vel
1496 425 1779 468 dicendum-quod
1803 426 1925 456 malum
1949 426 2061 467 culpae
2076 434 2123 458 est
2139 427 2241 458 maius
2266 428 2392 457 malum
2411 427 2485 457 sim-

1412 468 1535 509 pliciter
1559 479 1657 509 quam
1680 469 1797 500 falsitas
1821 471 2012 511 inquantum
2036 478 2083 502 est
2106 472 2228 502 malum
2252 481 2387 512 poenae.
2418 472 2487 502 Nos

1412 520 1520 543 autem
1543 513 1593 544 hic
1615 513 1781 554 loquimur
1805 514 1843 545 de
1866 515 1952 546 malo
1977 514 2118 546 falsitatis
2141 516 2174 546 in
2198 526 2244 552 se,
2268 515 2478 547 abstrahendo

1413 567 1431 587 a
1455 557 1576 587 ratione
1600 567 1734 597 poenae.

1470 602 1553 632 VIII.
1577 602 1628 632 Ad
1651 602 1787 642 primam
1818 611 1892 642 ergo
1918 603 2132 634 obiectionem
2159 604 2192 635 in
2220 605 2326 645 primo
2349 604 2477 635 dubio*

1414 653 1547 686 negatur
1566 646 1803 686 consequentia.
1834 646 1998 683 Quoniam
2022 655 2110 679 actus
2138 648 2194 690 qui
2222 656 2268 680 est
2291 649 2395 679 malus
2418 648 2485 679 cul-

1415 690 1573 731 pabiliter,
1599 700 1665 720 non
1690 697 1724 721 ut
1749 689 1808 727 sic,
1834 691 1890 720 sed
1920 697 1956 722 ut
1979 692 2104 722 bonurn
2132 693 2279 730 rationis,
2305 700 2350 724 est
2376 693 2490 723 melior

1415 734 1660 765 substantialiter
1677 744 1775 775 quam
1799 734 2033 775 inculpabiliter
2056 737 2095 767 sit
2118 737 2234 768 melior
2257 737 2427 768 moraliter.

1473 779 1513 810 Et
1536 788 1591 820 per
1614 779 1677 809 hoc
1701 778 1798 809 etiam
1822 786 1907 819 patet
1934 779 2053 810 solutio
2082 781 2251 813 secundae.
2284 782 2385 818 Nam,
2412 791 2488 812 con-

1416 833 1504 854 cesso
1529 830 1609 859 toto,
1627 823 1706 853 nihil
1729 823 1816 853 aliud
1839 823 1974 854 habetur
1993 824 2052 854 nisi
2075 826 2165 866 quod
2181 826 2340 867 appetitus
2360 833 2407 857 est
2422 836 2488 856 me-

1416 868 1477 899 lior
1500 868 1673 898 moraliter.

1472 913 1513 943 Et
1537 922 1592 953 per
1615 912 1702 942 idem
1725 918 1811 952 patet
1838 911 1878 942 ad
1901 911 2041 943 tertium.
2071 913 2154 944 Nam
2186 914 2370 946 conceditur
2399 915 2490 956 quod

1417 957 1497 987 velle
1520 958 1600 988 bene
1624 965 1670 988 est
1694 956 1808 987 melius
1839 956 2001 987 moraliter
2029 967 2127 998 quam
2150 957 2242 988 scire:
2276 959 2354 990 scire
2381 966 2489 990 tamen

1416 1009 1462 1032 est
1486 1001 1601 1032 melius
1626 1001 1804 1031 secundum
1828 1010 1860 1031 se
1885 1000 2080 1041 simpliciter.
2097 1019 2118 1025 -—
2133 1002 2185 1032 Ad
2208 1003 2433 1043 probationem
2450 1013 2487 1034 ex

1389 1041 1391 1090 ζ
1418 1047 1526 1086 regula
1550 1046 1576 1076 11
1599 1046 1762 1083 Priorum,
1781 1055 1849 1085 cap.
1874 1045 1973 1081 xxn*,
1999 1045 2112 1077 dicitur
2135 1046 2224 1087 quod
2247 1057 2284 1077 ex
2307 1048 2415 1087 regula
2436 1048 2490 1079 illa

1418 1101 1483 1121 non
1513 1097 1618 1131 potest
1646 1090 1794 1121 concludi
1810 1090 1869 1120 nisi
1893 1089 1971 1130 quid
1987 1097 2033 1121 est
2056 1090 2232 1131 eligibilius.
2257 1091 2320 1122 Sed
2335 1092 2490 1132 quoniam

1418 1135 1586 1176 eligibilius
1610 1142 1656 1166 est
1679 1135 1885 1176 quandoque,
1906 1145 1972 1165 non
1995 1135 2086 1176 quod
2109 1142 2156 1166 est
2178 1135 2212 1166 in
2235 1145 2269 1166 se
2287 1136 2412 1173 melius,
2433 1137 2489 1167 sed

1418 1180 1507 1221 quod
1539 1186 1586 1210 est
1609 1179 1701 1210 nobis
1725 1179 1853 1213 melius:
1888 1179 1960 1210 ideo
1985 1189 2021 1210 ex
2044 1180 2154 1220 regula
2176 1179 2230 1210 illa
2255 1180 2334 1213 nihil
2357 1180 2492 1212 habetur

1419 1232 1530 1256 contra
1553 1234 1624 1255 nos.
1649 1224 1745 1255 Verbi
1770 1224 1885 1264 gratia,
1910 1230 2034 1255 constat
2057 1225 2147 1265 quod
2169 1224 2256 1255 visus
2279 1231 2326 1256 est
2349 1225 2489 1256 nobilior

1391 1283 1393 1290 ι
1418 1279 1517 1310 quam
1540 1275 1662 1309 gustus,
1680 1268 1776 1300 etiam
1800 1275 1836 1299 ut
1858 1275 1960 1300 tactus
1984 1268 2126 1309 quidam.
2157 1269 2199 1300 Et
2222 1269 2303 1300 facta
2327 1269 2490 1300 combina-

1391 1340 1393 1352 ,
1418 1314 1506 1344 tione
1529 1313 1616 1344 iuxta
1646 1313 1735 1344 illam
1766 1313 1926 1353 regulam,
1951 1313 2069 1344 scilicet
2095 1320 2207 1354 gustus
2238 1324 2313 1345 curn
2344 1314 2491 1346 caecitate

295 1363 389 1402 large,
408 1369 443 1392 ut
467 1360 707 1401 comprehendit
731 1370 862 1390 omnem
883 1360 917 1390 in
941 1370 974 1390 se
992 1359 1169 1390 bonitatem
1193 1358 1298 1389 omnis
1314 1368 1366 1398 ap·
1391 1354 1393 1363 '

1420 1365 1450 1389 et
1473 1358 1559 1389 visus
1584 1368 1659 1388 cum
1681 1357 1917 1388 insensibilitate
1947 1365 2076 1398 gustus,
2103 1365 2226 1390 constat
2253 1358 2343 1400 quod
2366 1366 2414 1390 est
2436 1359 2492 1391 eli-

1419 1402 1546 1443 gibilior
1570 1409 1681 1442 gustus
1705 1412 1780 1433 cum
1804 1402 1952 1433 caecitate
1979 1413 2078 1443 quam
2101 1402 2188 1433 visus
2212 1413 2287 1434 cum
2303 1402 2492 1435 insensibili-

1420 1454 1482 1478 tate
1505 1454 1634 1487 gustus,
1659 1447 1734 1488 quia
1757 1454 1869 1487 gustus
1893 1454 1940 1478 est
1970 1447 2062 1478 nobis
2090 1447 2191 1488 magis
2216 1447 2430 1479 necessarius:
2461 1454 2494 1480 et

1392 1519 1393 1525 ,
1420 1498 1526 1522 tamen
1551 1491 1637 1522 visus
1665 1498 1712 1522 est
1737 1492 1915 1522 secundum
1938 1502 1971 1522 se
1995 1491 2134 1522 nobilior
2155 1499 2252 1533 gustu
2269 1499 2300 1523 et
2323 1498 2421 1524 tactu.
2450 1492 2492 1524 Et

1392 1570 1393 1574 Ἰ
1421 1536 1465 1567 sic
1498 1542 1544 1566 est
1567 1535 1600 1566 in
1624 1535 1810 1577 proposito:
1843 1536 1932 1576 quod
1959 1536 2129 1576 eligibilius
2153 1543 2199 1567 est
2222 1537 2303 1568 bene
2329 1536 2493 1568 moraliter

297 1583 465 1615 virtutibus
489 1582 687 1623 theologicis,
708 1589 743 1613 ut
766 1589 852 1623 patet
875 1582 908 1612 in
930 1582 1042 1613 littera.
1066 1599 1087 1605 -
1111 1580 1185 1612 Alio
1205 1580 1315 1616 modo,
1333 1589 1367 1611 ut
1392 1580 1394 1598 ³

1420 1590 1512 1621 agere
1536 1590 1610 1610 cum
1633 1580 1768 1611 falsitate
1791 1580 1823 1611 in
1848 1580 2027 1618 intellectu,
2052 1591 2149 1621 quam
2173 1581 2287 1612 veritas
2315 1581 2347 1612 in
2370 1581 2492 1613 intelle-

1392 1651 1394 1661 ,
1420 1632 1472 1656 ctu
1493 1634 1569 1655 cum
1585 1624 1705 1655 malitia
1728 1625 1852 1662 morali,
1869 1635 1935 1655 non
1958 1625 2033 1666 quia
2048 1625 2164 1656 melius
2187 1625 2219 1656 in
2245 1636 2288 1663 se,
2306 1626 2362 1656 sed
2385 1625 2490 1658 nobis.

1476 1669 1527 1700 Ad
1551 1676 1697 1710 quartam
1721 1669 1836 1700 dicitur
1854 1670 1944 1711 quod
1968 1676 2056 1701 actus
2079 1669 2257 1701 intellectus
2281 1670 2420 1711 practici,
2444 1670 2492 1702 in-

1420 1720 1579 1754 quantum
1603 1720 1649 1744 est
1668 1714 1845 1744 secundum
1862 1724 1894 1745 se
1909 1724 2002 1745 verus
2025 1722 2056 1745 et
2069 1715 2195 1745 bonum
2217 1714 2406 1752 intellectus,
2425 1725 2492 1746 non

1421 1757 1586 1788 ordinatur
1600 1758 1640 1788 ad
1664 1758 1842 1798 appetitum
1865 1765 1896 1789 et
1919 1768 2002 1799 opus
2018 1766 2055 1790 ut
2077 1759 2117 1789 ad
2140 1758 2253 1790 finem:
2278 1759 2334 1790 sed
2357 1759 2492 1801 inquan-

1421 1808 1491 1832 tum
1514 1802 1689 1842 practicus,
1714 1802 1758 1833 sic
1781 1810 1828 1834 est
1850 1803 1948 1843 gratia
1971 1803 2092 1844 operis,
2121 1811 2156 1834 ut
2178 1803 2273 1834 latius
2296 1804 2491 1835 declaratum

1420 1845 1453 1876 in
1484 1846 1733 1886 superioribus*
1756 1854 1812 1878 est.
1840 1847 1907 1878 Nec
1937 1847 2126 1888 oppositum
2157 1848 2268 1879 docuit
2292 1848 2490 1880 Aristoteles.

1477 1890 1529 1921 lx.
1554 1891 1605 1921 Ad
1620 1891 1796 1922 secundum
1811 1891 1941 1922 dubium
1957 1891 1974 1911 *
1989 1891 2103 1923 dicitur
2118 1893 2208 1933 quod
2222 1902 2289 1923 non
2305 1899 2352 1923 est
2371 1892 2416 1924 ibi
2431 1892 2492 1924 nisi

1392 1967 1394 1978 ⁴
1421 1934 1557 1965 mutatio
1580 1935 1813 1966 vocabulorum
1836 1937 1943 1976 quoad
1968 1935 2214 1967 distinctionem.
2246 1937 2412 1974 Quoniam
2434 1937 2491 1968 ha-

1421 1979 1494 2010 bere
1524 1978 1670 2010 ordinem
1698 1979 1829 2011 rationis
1857 1987 1893 2011 ut
1915 1990 2042 2017 verum,
2067 1987 2098 2011 et
2121 1980 2235 2012 habere
2267 1990 2324 2021 per
2355 1981 2493 2014 modum

1421 2023 1654 2064 prosecutionis
1677 2031 1733 2055 aut
1755 2024 1859 2065 fugae,
1877 2024 1956 2055 nihil
1971 2024 2058 2056 aliud
2078 2031 2125 2056 est
2139 2035 2240 2066 quam
2261 2025 2377 2056 habere
2399 2025 2494 2064 illum

1421 2068 1635 2105 essentialiter,
1652 2075 1682 2099 et
1706 2069 1930 2110 participative.
1956 2069 1991 2100 Id
2014 2079 2090 2100 vero
2109 2070 2199 2110 quod
2222 2069 2358 2106 additur,
2375 2069 2496 2105 scilieet

1421 2113 1511 2153 quod
1533 2113 1648 2144 habere
1676 2113 1822 2145 ordinem
1851 2113 1982 2145 rationis
2012 2124 2068 2154 per
2091 2114 2228 2145 modum
2259 2113 2494 2155 prosecutionis

1422 2164 1452 2188 et
1483 2157 1576 2197 fugae
1604 2157 1753 2189 convenit
1781 2157 1938 2189 voluntati
1961 2165 1992 2189 et
2022 2158 2169 2190 electioni
2201 2158 2423 2198 essentialiter,
2446 2166 2496 2192 eat

1422 2201 1564 2232 conditio
1596 2201 1800 2233 diminuens:
1833 2202 1914 2234 sicut
1941 2202 1967 2233 si
1998 2203 2070 2244 quis
2095 2203 2212 2234 diceret
2234 2203 2324 2244 quod
2355 2212 2422 2236 esse
2444 2213 2493 2236 ra-

1422 2246 1540 2276 tionale
1574 2256 1630 2287 per
1663 2246 1935 2287 participationem
1974 2247 2122 2279 convenit
2153 2258 2210 2288 per
2239 2247 2408 2280 essentiam
2438 2258 2494 2290 ap-

1422 2290 1553 2331 petitui;
1579 2300 1645 2321 esse
1668 2290 1754 2321 enim
1778 2291 1821 2322 sic
1844 2291 1996 2322 rationale
2018 2302 2074 2332 per
2097 2292 2266 2323 essentiam
2282 2292 2433 2325 diminuit
2455 2293 2494 2324 ab

1423 2344 1462 2365 eo
1485 2334 1575 2375 quod
1599 2342 1645 2365 est
1668 2345 1734 2366 esse
1759 2335 1910 2366 rationale
1934 2345 1990 2376 per
2013 2336 2192 2367 essentiam.
2217 2336 2257 2367 Et
2276 2337 2349 2368 ideo
2373 2337 2494 2370 solutio

1423 2379 1511 2410 nulla
1530 2386 1587 2410 est.

1478 2423 1518 2454 X.
1531 2423 1582 2454 Ad
1593 2425 1723 2454 tertium
1736 2423 1867 2454 dubium
1878 2423 1896 2443 *
1911 2423 2034 2461 dicitur,
2051 2424 2138 2456 iuxta
2154 2424 2242 2464 prius
2253 2424 2287 2444 *²⁸¹
2299 2425 2392 2462 dicta,
2405 2426 2495 2467 quod

1423 2467 1549 2498 bonitas
1582 2468 1711 2498 moralis
1740 2468 1825 2504 talis,
1850 2468 1968 2500 scilicet
1991 2475 2027 2499 ut
2049 2467 2084 2500 fit
2112 2468 2250 2509 praecise
2279 2479 2336 2510 per
2361 2469 2494 2501 virtutes

1424 2512 1570 2548 morales,
1594 2522 1661 2543 non
1685 2520 1731 2543 est
1754 2512 1954 2544 excellentior
1978 2513 2156 2544 secundum
2183 2523 2216 2544 se
2239 2513 2381 2545 bonitate
2403 2513 2495 2545 iutel-

1423 2557 1539 2593 lectus,
1564 2567 1646 2597 quae
1670 2565 1716 2589 est
1743 2557 1867 2588 veritas.
1897 2557 1939 2588 Et
1968 2567 2043 2588 cum
2067 2557 2200 2594 dicitur,
2227 2557 2309 2589 Cum
2340 2559 2401 2589 ista
2430 2563 2496 2590 stat

1424 2602 1539 2642 culpa,
1563 2611 1646 2642 quae
1669 2607 1715 2632 est
1736 2611 1896 2632 summum
1929 2602 2068 2640 malum,
2093 2612 2165 2633 cum
2189 2602 2248 2633 illa
2271 2610 2356 2634 non:
2383 2602 2496 2644 Ergo:

1424 2646 1635 2686 respondetur
1658 2646 1745 2687 quod
1778 2645 1926 2677 nobilitas
1950 2646 2164 2677 substantialis
2195 2656 2302 2678 rerum
2326 2656 2392 2678 non
2417 2656 2495 2688 pen-

1425 2698 1511 2721 satur
1530 2700 1567 2721 ex
1586 2690 1748 2728 extraneis,
1766 2691 1820 2721 sed
1838 2700 1875 2721 ex
1890 2690 2037 2731 propriis.
2062 2691 2102 2722 Et
2117 2698 2283 2732 propterea
2293 2701 2366 2723 ‚non
2384 2701 2496 2732 pensa-

1425 2742 1476 2766 tur
1499 2745 1536 2766 ex
1559 2735 1727 2771 connexis,
1752 2745 1834 2776 quae
1858 2742 1932 2766 sunt
1956 2742 2040 2766 extra
2063 2735 2200 2767 rationes
2226 2744 2347 2767 rerum:
2379 2735 2435 2766 sed
2457 2745 2496 2767 ex

1425 2779 1560 2820 propriis
1584 2779 1776 2811 substantiis.
1801 2779 1842 2811 Et
1866 2786 2033 2820 propterea
2057 2779 2172 2811 dicitur
2186 2780 2286 2822 quod,
2307 2789 2382 2811 cum
2402 2779 2497 2822 culpa

1425 2834 1506 2865 quae
1530 2831 1576 2855 est
1590 2834 1756 2855 summum
1781 2824 1912 2860 malum,
1930 2834 1997 2855 non
2021 2824 2061 2856 sit
2075 2834 2298 2867 quaecumque
2322 2824 2426 2865 culpa,
2440 2824 2496 2855 sed

1425 2868 1575 2909 opposita
1605 2868 1802 2909 theologicae
1826 2868 1948 2906 virtuti;
1978 2875 2009 2900 et
2031 2869 2090 2900 ista
2117 2869 2158 2901 sit
2180 2876 2265 2900 extra
2294 2869 2425 2900 virtutes
2448 2868 2496 2900 in—

2518 604 2528 613 ·
2541 602 2614 625 Num.
2629 609 2646 625 ι.

2517 1055 2528 1066 ·
2535 1054 2587 1076 md.
2596 1054 2636 1076 m».
2643 1054 2673 1083 11,
2679 1060 2731 1083 cap.

2516 1087 2579 1109 xxxv,
2593 1087 2617 1103 n.
2632 1087 2654 1110 9.

2519 1853 2615 1877 *1⁸11*
2646 1859 2733 1881 tta-vn,

2661 1884 2732 1903 ment.

2584 1859 2665 1934 -.ἓξὲ-

2517 1913 2573 1957 mv·
2574 1912 2735 1962 ,nizam-

2519 1963 2593 1983 ment.
2606 1965 2663 1983 aun

2519 1989 2531 1999 ⁸
2544 1986 2616 2010 Nun.
2630 1992 2656 2009 n.

1425 2913 1618 2944 tellectuales
1648 2920 1678 2945 et
1702 2913 1852 2944 morales:
1884 2923 1981 2953 penes
2005 2913 2266 2946 coniunctionem
2294 2913 2345 2944 vel
2371 2922 2496 2954 separa·
2531 2921 2533 2923 ’

1425 2958 1547 2989 tionem
1575 2959 1614 2989 ab
1639 2958 1693 2988 illa
1723 2968 1789 2989 non
1819 2957 1991 2989 attenditur
2020 2957 2167 2990 nobilitas
2199 2956 2414 2989 substantialis
2435 2957 2496 2988 vir-

1426 3009 1552 3038 tutum,
1577 3003 1632 3033 sed
1656 3002 1804 3034 nobilitas
1837 3002 2014 3033 secundum
2044 3002 2133 3044 quid.
2161 3001 2203 3033 Et
2232 3008 2401 3043 propterea
2424 3001 2498 3032 sim-

1425 3046 1546 3087 pliciter
1570 3054 1702 3088 negetur
1725 3046 1966 3088 consequentia,
1991 3053 2121 3087 propter
2143 3045 2300 3078 rationem
2323 3045 2450 3078 dictam.
2475 3063 2496 3070 -

1426 3091 1582 3129 Quamvis
1607 3092 1646 3122 ad
1669 3091 1846 3128 hominem,
1863 3090 1980 3122 scilicet
1996 3100 2063 3122 non
2086 3097 2247 3123 tenentem
2262 3089 2497 3122 connexionem

1425 3136 1591 3173 virtutum,
1616 3136 1717 3176 possit
1740 3135 1847 3177 negari
1869 3142 2082 3176 assumptum.
2106 3134 2271 3172 Quoniam
2295 3141 2326 3165 et
2349 3144 2424 3166 cum
2447 3134 2495 3165 in-

1425 3180 1606 3217 tellectuali,
1624 3187 1654 3211 et
1679 3190 1753 3212 cum
1769 3180 1882 3211 morali
1905 3179 2043 3220 praecise
2059 3186 2120 3210 stat
2139 3179 2234 3219 culpa
2249 3188 2332 3220 quae
2347 3186 2395 3210 est
2409 3189 2495 3211 sum—

1426 3235 1518 3256 mum
1542 3225 1680 3262 malum,
1704 3224 1822 3256 scilicet
1844 3222 2018 3255 consistens
2041 3223 2075 3255 in
2099 3231 2228 3264 peccato
2253 3230 2362 3254 contra
2386 3223 2496 3255 carita-

1426 3277 1492 3300 tem
1515 3269 1586 3301 Dei.

1482 3314 1533 3345 Ad
1562 3313 1736 3344 secundam
1769 3311 1980 3344 obiectionem
2005 3310 2119 3342 dicitur
2149 3312 2257 3353 quod,
2282 3312 2308 3342 si
2336 3311 2498 3344 moraliter

1425 3358 1599 3399 loquimur,
1624 3357 1656 3388 in
1680 3357 1739 3388 hac
1761 3356 1834 3393 vita,
1858 3355 1943 3387 iuxta
1967 3355 2181 3393 Aristotelem,
2202 3355 2308 3387 minor
2331 3362 2378 3387 est
2401 3355 2495 3388 falsa:

1426 3402 1502 3444 quia
1529 3403 1619 3434 beata
1642 3401 1705 3432 vita
1735 3399 1879 3433 consistit
1901 3400 1934 3430 in
1957 3399 2071 3431 virtute
2104 3400 2307 3432 intellectuali
2337 3409 2420 3442 quae
2450 3406 2497 3432 est

1427 3446 1596 3487 sapientia,
1620 3452 1656 3477 ut
1685 3451 1770 3486 patet
1797 3444 1830 3475 in
1859 3445 1887 3475 X
1911 3444 2015 3475 Ethic.
2033 3444 2050 3463 *
2072 3462 2093 3468 -
2120 3444 2151 3476 Si
2186 3452 2294 3476 autem
2323 3444 2496 3485 loquamur

1426 3490 1615 3530 theologice,
1633 3489 1677 3520 sic
1700 3488 1779 3520 falsa
1802 3488 1897 3519 etiam
1913 3496 1959 3520 est
1983 3489 2102 3519 minor:
2128 3489 2202 3530 quia
2222 3499 2288 3520 non
2304 3488 2494 3526 humilitate,

1426 3535 1481 3566 sed
1505 3534 1630 3565 caritate
1652 3532 1834 3564 immediate
1857 3533 1937 3564 bene
1960 3533 2113 3574 beateque
2137 3533 2188 3565 hic
2210 3533 2334 3564 vivitur.

1481 3579 1534 3610 XI.
1559 3578 1609 3610 Ad
1625 3582 1776 3619 quartum
1796 3577 1937 3615 dubium,
1956 3577 1994 3608 de
2018 3577 2135 3609 iustitia
2152 3577 2246 3618 legali
2260 3577 2287 3615 ¹⁸²,
2311 3577 2390 3608 scito
2407 3576 2496 3619 quod

1424 3622 1543 3655 iustitia
1567 3621 1674 3662 legalis
1698 3628 1802 3662 potest
1825 3621 1908 3652 sumi
1933 3622 2115 3662 dupliciter:
2147 3621 2269 3662 primo,
2294 3620 2436 3662 proprie,
2461 3626 2497 3651 ut

1426 3674 1471 3698 est
1495 3667 1652 3708 quaedam
1681 3665 1822 3706 specialis
1848 3666 1944 3696 virtus
1975 3666 2084 3696 omnia
2114 3666 2146 3696 in
2171 3666 2295 3696 bonum
2323 3673 2495 3696 commune

2522 3448 2586 3498 in?
2591 3453 2672 3502 .le
2685 3447 2735 3496 25·

2523 3579 2533 3590 ⁸
2547 3578 2618 3602 Num.
2634 3584 2664 3601 iv.
