2768 4198
1012 423 1855 511 RESPONSIONES

761 611 1178 677 THOMAE
1238 615 1348 677 DE
1407 615 1581 679 vlo
1638 613 2123 682 CAIETANI'

1099 767 1305 804 ORDINIS
1329 770 1773 808 PRAEDICATORUM

1167 881 1208 921 S.
1233 881 1279 921 R.
1300 881 1339 922 E.
1359 881 1703 925 CARDINALIS

655 995 863 1046 *SUPER
906 996 1370 1034 COMMENTARIIS
1411 999 1468 1034 IN
1514 999 1837 1036 SECUNDAM
1881 1001 2193 1038 SECUNDAE

1020 1127 1861 1155 -,-,..,.,ψςς.ῲ.ΞῃΕ.ᾠ.ῑ-;μ.υμ-

1424 1250 1458 1289 Ι.

778 1347 1090 1423 THOMAE
1129 1370 1566 1424 CARDINALIS
1606 1373 1871 1426 SANCTI
1913 1375 2095 1427 SIXTI

1019 1497 1072 1524 AD
1094 1496 1367 1524 VENERABILEM
1390 1497 1617 1524 MAGISTRUM
1640 1497 1857 1526 CONRADUM

1065 1599 1186 1627 SUPER
1207 1599 1360 1627 SEPTEM
1382 1600 1584 1634 QUAESlTIS
1605 1584 1818 1629 RESl’ONSlO

535 1767 656 1789 trrssnrs
679 1758 753 1795 tuis,
777 1758 869 1789 Pater
891 1758 1088 1796 Venerande,
1113 1759 1295 1800 petentibus
1319 1769 1415 1801 quae-

343 1836 353 1842 „
402 1824 492 1854 xaen—
560 1803 691 1834 damin
715 1802 964 1834 Commentariis
996 1803 1112 1834 nostris
1144 1813 1239 1844 super
1269 1804 1414 1836 Secunda

401 1837 524 1892 ἱβζ
559 1847 736 1886 Secundae,
760 1854 914 1889 tanquam
938 1847 1035 1879 dubia
1059 1858 1115 1879 seu
1139 1848 1285 1885 obscura,
1311 1849 1414 1880 decla-

402 1887 525 1940 Ὡρδχῑῖὶῖ
559 1893 635 1930 rari,
659 1892 767 1924 distuli
790 1892 958 1934 hucusque
982 1893 1224 1934 responsionem
1249 1894 1292 1924 ob
1314 1893 1415 1934 impe-

350 1948 359 1958 ·
511 1939 523 1955 ⁸
559 1937 701 1968 dimenta
717 1937 941 1968 imbecillitatis
954 1944 985 1968 et
997 1937 1247 1978 occupationum
1270 1937 1413 1970 aliarum.

339 1981 460 2013 Nactus
479 1990 555 2013 vero
581 1992 668 2013 nunc
691 1982 812 2023 aliquid
837 1982 904 2018 otii,
925 1981 1181 2013 satisfaciendum
1205 1982 1325 2014 caritati
1343 1990 1415 2014 tuae

341 2025 431 2058 duxi:
455 2032 491 2057 ut
514 2026 653 2063 novitiis,
667 2026 785 2068 quibus
802 2026 880 2058 haec
895 2027 1031 2057 obscura
1054 2026 1212 2066 videntur,
1228 2027 1329 2068 magis
1349 2027 1414 2058 elu-

341 2077 476 2102 cescant.
501 2071 643 2103 Breviter
664 2078 787 2103 tamen:
813 2071 888 2113 quia
912 2081 960 2102 res
985 2071 1086 2102 clarae
1110 2078 1195 2103 sunt.

347 1780 369 1814 ‘³
401 1778 525 1833 fia-:r

395 2161 521 2191 Panum
535 2169 643 2190 roim
657 2169 775 2190 numum
790 2169 983 2191 pnoeosrrmt
998 2168 1070 2190 nsr:
1088 2159 1164 2201 quia
1179 2160 1212 2190 in
1228 2161 1416 2202 quaestione

342 2205 481 2241 decima,
506 2203 640 2235 articulo
669 2211 784 2245 quarto
799 2205 834 2241 ¹⁸,
859 2204 981 2235 dictum
1006 2211 1053 2236 est
1075 2205 1165 2246 quod
1188 2204 1261 2236 licet
1283 2205 1418 2236 vendere

342 2249 466 2282 Iudaeis
482 2259 530 2280 res
547 2249 665 2290 quibus
680 2249 741 2290 ipsi
761 2256 897 2280 utuntur
912 2249 945 2279 in
962 2249 1027 2280 suis
1043 2249 1210 2281 sacrificiis.
1231 2268 1252 2273 —
1268 2250 1303 2281 ln
1319 2260 1418 2292 quae-

340 2295 444 2327 stione
474 2300 582 2325 autem
607 2293 1076 2334 centesimasexagesimanona‚
1101 2295 1234 2326 articulo
1265 2295 1417 2331 secundo,

341 2340 381 2371 ad
405 2345 557 2381 quartum
573 2339 600 2375 *‚
624 2338 747 2370 dictum
771 2345 819 2369 est
840 2349 907 2369 non
930 2339 1024 2370 licere
1048 2340 1212 2380 cooperari
1237 2340 1277 2370 ad
1300 2339 1418 2370 reaedi-

342 2384 523 2416 ficationem
547 2393 728 2425 synagogae
752 2383 956 2414 Iudaeorum.

398 2429 504 2460 Facile
528 2428 741 2468 respondetur
762 2427 794 2458 in
818 2427 924 2469 primo
954 2428 1028 2459 loco
1051 2439 1234 2459 sermonem
1257 2428 1355 2459 fuisse
1380 2429 1418 2459 de

341 2473 390 2505 his
421 2473 515 2504 rebus
538 2483 621 2514 quae
652 2482 716 2502 non
748 2482 805 2513 per
827 2483 860 2503 se
880 2472 1070 2504 ordinantur
1097 2473 1137 2504 ad
1160 2473 1418 2514 superstitionem

342 2517 516 2555 Iudaicam,
540 2517 595 2548 sed
619 2517 658 2548 de
681 2517 775 2548 rebus
798 2516 1067 2555 indifferentibus,
1092 2518 1208 2559 quibus
1227 2525 1335 2548 tamen
1358 2518 1420 2559 ipsi

342 2562 450 2594 ludaei
475 2563 652 2593 abutuntur
673 2561 714 2591 ad
733 2561 993 2602 superstitionem
1017 2572 1120 2593 suam.
1138 2562 1172 2593 In
1197 2563 1339 2593 secundo
1363 2573 1418 2594 au-

342 2614 407 2638 tem
431 2607 504 2637 loco
529 2616 635 2637 sermo
660 2612 707 2636 est
722 2606 761 2636 de
777 2616 949 2647 synagoga,
969 2616 1052 2647 quae
1076 2607 1348 2647 praesupponitur
1362 2618 1420 2647 per

343 2662 376 2682 se
391 2651 537 2682 ordinata
549 2651 588 2680 ad
602 2650 861 2691 superstitionem
877 2650 1049 2681 Iudaicam.
1066 2651 1108 2682 Et
1123 2658 1291 2692 propterea
1307 2652 1418 2682 eadem

344 2695 515 2736 utrobique
538 2701 659 2725 servata
675 2701 723 2725 est
745 2694 915 2726 sententia:
933 2702 969 2726 ut
985 2702 1071 2736 patet
1093 2695 1211 2736 legenti
1234 2703 1419 2737 utrumque.

99 2206 314 2257 :Commemmum

99 2339 314 2365 ’commentitum

99 2372 133 2395 ιι,
147 2373 171 2390 x.

102 2787 113 2798 ⁸
119 2785 252 2809 Commeat.
262 2790 317 2815 post

100 2817 136 2836 m
158 2819 171 2843 3
194 2819 250 2836 mm
273 2819 289 2835 u
400 2784 570 2816 Sscmzmm
582 2794 647 2814 ns’r.
668 2783 703 2814 In
717 2784 904 2825 quaestione
929 2783 1108 2820 undecima,
1122 2783 1256 2814 articulo
1269 2783 1418 2825 quarto*‚

343 2829 459 2860 dicitur
474 2829 564 2870 quod
587 2828 802 2859 occultissima
821 2838 884 2869 per
906 2828 1055 2859 accidens
1072 2828 1237 2859 subiacent
1252 2829 1418 2860 Ecclesiae

343 2875 499 2905 censuris.
523 2891 544 2896 -
568 2873 603 2903 In
631 2872 818 2914 quaestione
847 2883 923 2903 vero
954 2873 1252 2914 sexagesimanona,
1283 2873 1417 2904 articulo

343 2918 497 2959 primo*‚
524 2917 637 2948 dicitur
660 2917 749 2958 quod
779 2924 891 2948 auctor
923 2917 1088 2948 homicidii
1113 2918 1258 2949 occultus
1283 2927 1349 2948 non
1373 2924 1420 2948 est

344 2964 404 2994 sub
428 2962 548 2993 iudicio
572 2962 727 2998 humano,
751 2962 827 3002 quia
850 2972 986 3002 persona
1010 2969 1057 2992 est
1080 2962 1304 2993 occultissima.

400 3007 542 3039 Solvitur
564 3014 596 3038 et
618 3007 680 3037 hoc
696 3006 855 3042 facillime,
880 3006 1070 3037 remittendo
1088 3007 1127 3037 ad
1142 3007 1252 3037 locum
1275 3006 1416 3037 secundo

343 3052 527 3092 allegatum,
551 3052 607 3083 ubi
630 3061 775 3091 expresse
798 3050 912 3082 dicitur
931 3051 1020 3091 quod
1049 3051 1283 3082 occultissimus
1307 3058 1418 3082 auctor

345 3096 463 3127 notorii
485 3096 624 3127 incendii
647 3106 710 3126 non
733 3095 841 3126 subest
862 3095 1004 3126 humano
1031 3095 1147 3126 iudicio
1171 3096 1277 3136 quoad
1299 3095 1359 3126 hoc
1382 3101 1418 3126 ut

345 3145 496 3172 teneamr
515 3151 551 3172 se
568 3140 728 3181 prodere:
751 3141 859 3170 subest
881 3146 989 3170 tamen
1012 3140 1156 3170 humano
1180 3140 1318 3176 iudicio,
1341 3141 1418 3180 quia

339 3190 447 3225 potest
469 3186 759 3222 excommunicari,
785 3192 820 3215 ut
843 3184 962 3215 ibidem
979 3184 1103 3215 dicitur.

102 2923 317 2972 ''gennem-num.

402 3272 550 3303 Tannum
572 3282 637 3304 es'r.
654 3273 689 3303 In
706 3273 892 3314 quaestione
915 3271 1268 3312 septuagesimaoctava,
1285 3272 1417 3303 articulo

106 3320 320 3343 'commem-num-
347 3323 462 3357 quarto
486 3316 520 3353 ²³,
546 3316 676 3347 dicitur:
708 3318 809 3348 Nullo
838 3317 931 3347 modo
962 3318 1035 3348 licet
1056 3317 1209 3348 inducere
1237 3317 1280 3347 ad
1310 3318 1418 3348 minus

106 3353 142 3369 ¹¹¹¹
347 3361 469 3392 malum
493 3361 589 3391 etiam
606 3362 836 3401 paratos.-1n
856 3362 1042 3403 quaestione
1066 3368 1172 3392 autem
1195 3361 1417 3401 nonagesima-

347 3405 469 3446 quinta‚
494 3404 627 3435 articulo
657 3411 782 3442 octavo,
806 3406 838 3436 in
862 3406 974 3447 quinta
997 3416 1091 3437 causa
1114 3405 1211 3436 duelli
1234 3406 1268 3442 *,
1292 3405 1418 3436 videtur

348 3449 408 3480 dici
433 3449 524 3489 quod
545 3449 618 3480 licet
640 3449 790 3480 inducere
814 3458 850 3481 ut
872 3458 982 3491 peccet
1003 3450 1121 3481 minus.

404 3493 545 3524 Solvitur
567 3493 630 3525 hoc
653 3493 790 3524 dubium
805 3494 994 3526 declarando
1015 3494 1220 3526 differentiam
1236 3504 1334 3535 quam
1350 3504 1417 3524 non

348 3543 553 3578 penetrarunt
574 3543 740 3568 moventes
763 3538 826 3568 hoc
849 3538 994 3570 dubium.
1025 3539 1124 3570 Aliud
1148 3546 1194 3570 est
1216 3538 1302 3569 enim
1324 3538 1417 3568 indu-

349 3592 418 3613 cere
441 3582 481 3612 ad
503 3588 610 3612 totum
633 3582 704 3617 hoc,
736 3581 870 3618 scilicet,
893 3584 1002 3614 minus
1026 3583 1248 3624 peccandum:
1279 3589 1309 3613 et
1332 3582 1418 3613 aliud

349 3634 395 3657 est
418 3626 568 3657 inducere
590 3626 799 3658 solummodo
823 3627 863 3657 ad
888 3626 921 3667 ly
941 3628 1058 3659 minus.
1083 3627 1227 3659 Primum
1249 3637 1418 3667 nunquam

350 3678 396 3702 est
417 3670 556 3702 licitum:
582 3677 612 3701 et
634 3670 748 3701 hocin
771 3670 877 3711 primo
904 3670 977 3702 loco
1001 3671 1125 3703 dicitur.
1157 3672 1341 3703 Secundum
1372 3677 1418 3702 est

108 3405 250 3428 'Commenn
255 3411 319 3427 num.

106 3439 139 3456 xi.

1468 1770 1534 1790 non
1559 1761 1666 1791 solum
1690 1760 1822 1798 licitum,
1841 1761 1895 1791 sed
1918 1769 2072 1799 sanctum,
2096 1762 2198 1794 immo
2223 1770 2252 1794 et
2276 1763 2462 1804 angelorum
2486 1765 2534 1795 of-

1469 1803 1594 1836 ficium:
1620 1811 1651 1836 et
1673 1805 1734 1836 hoc
1758 1805 1790 1835 in
1815 1806 1956 1836 secundo
1980 1807 2053 1837 loco
2078 1807 2198 1838 dictum
2215 1814 2270 1839 est.
2288 1809 2328 1839 Et
2351 1809 2424 1840 hinc
2448 1808 2482 1840 fit
2499 1817 2535 1840 ut

1467 1849 1659 1886 adulterum,
1676 1859 1750 1880 cum
1767 1850 1855 1881 aliter
1871 1860 1937 1881 non
1957 1851 2099 1882 valemus
2116 1852 2282 1889 retrahere,
2299 1854 2338 1883 ad
2358 1853 2534 1894 simplicem

1469 1894 1712 1925 fornicationem
1735 1894 1818 1926 licite
1849 1905 2076 1935 provocemus:
2102 1907 2167 1927 non
2198 1897 2355 1928 hortando
2379 1905 2415 1928 ut
2437 1898 2534 1929 forni-

1469 1946 1570 1975 cetur;
1605 1940 1669 1975 sed,
1695 1939 1719 1969 si
1743 1949 1819 1970 suae
1843 1940 1912 1971 vult
1934 1939 2110 1971 satisfacere
2141 1941 2314 1982 voluptati,
2339 1942 2443 1973 alieno
2467 1953 2533 1973 non

1467 1983 1634 2015 iniurietur
1651 1991 1734 2016 toro,
1757 1984 1823 2015 Nec
1839 1991 1945 2015 tamen
1961 1992 2087 2025 oportet
2102 1985 2287 2017 huiusmodi
2305 1987 2533 2017 conditionales

1441 2024 1443 2063 ξ
1469 2038 1594 2069 semper
1617 2028 1805 2069 exprimere:
1831 2029 1884 2059 sed
1908 2028 2022 2060 sufficit
2043 2031 2237 2071 quandoque
2260 2041 2311 2061 eas
2335 2038 2440 2062 mente
2462 2031 2533 2062 reti-

1442 2083 1553 2113 snere,
1570 2083 1629 2113 pro
1645 2073 1719 2104 loco
1736 2081 1766 2104 et
1781 2080 1935 2113 tempore,
1953 2079 1990 2104 ut
2004 2075 2131 2114 sapiens
2146 2075 2297 2106 iudicabit
2310 2075 2336 2107 *.
2362 2076 2433 2106 Hoc
2449 2076 2534 2107 enim
2561 2083 2571 2092 ⁸
2584 2081 2619 2103 Cf.
2632 2081 2729 2103 Ariston
2740 2081 2768 2102 Ε-

1470 2127 1535 2148 non
1567 2125 1613 2148 est
1640 2118 1788 2149 inducere
1812 2119 1851 2148 ad
1882 2118 2020 2155 malum,
2045 2119 2148 2149 maius
2170 2119 2220 2150 vel
2248 2120 2368 2151 minus:
2393 2121 2447 2151 sed
2471 2127 2533 2158 est,
2560 2108 2668 2159 ξῗῗοῇἆζξῖ
2680 2108 2768 2162 1ὲῖῗεῖ

1470 2162 1648 2193 secundum
1671 2172 1754 2198 rem,
1779 2162 1934 2193 retrahere
1958 2174 1976 2193 a
1994 2163 2081 2193 malo
2106 2163 2228 2194 maiori.
2253 2164 2366 2205 Fitque
2391 2165 2534 2206 frequen-
2560 2161 2726 2183 Th.1ect.vn.

1470 2207 1591 2238 tissima
1607 2207 1826 2238 exercitatione
1850 2207 1911 2238 hoc
1927 2218 1944 2238 a
1964 2207 2190 2239 redimentibus
2211 2210 2410 2240 vexationem
2425 2220 2536 2242 suam:

1471 2259 1508 2282 ut
1530 2251 1672 2283 fecerunt
1694 2251 1739 2282 illi
1763 2252 1872 2282 decem
1895 2252 1952 2282 viri
1976 2252 2061 2292 apud
2085 2252 2249 2283 Ieremiam
2264 2253 2291 2284 *.
2562 2245 2697 2293 §.Caput
2712 2251 2768 2266 ΨΒ·

1528 2341 1684 2378 QUARTUM
1707 2350 1770 2371 asr.
1795 2340 1828 2371 In
1860 2340 2046 2381 quaestione
2077 2341 2536 2382 centesimaquadragesimase-

1473 2385 1573 2425 ptima
1587 2384 1605 2404 *
1620 2384 1746 2415 dicitur:
1764 2385 1976 2415 Excusantur
1997 2386 2052 2425 qui
2074 2387 2204 2416 omnino
2220 2388 2383 2417 cenaturis
2398 2392 2538 2428 tempore
2563 2391 2574 2402 ⁸
2591 2392 2641 2413 An.
2659 2398 2683 2417 4,
2701 2391 2768 2412 Com-

1473 2430 1585 2460 ieiunii
1609 2429 1755 2459 exhibent
1779 2439 1902 2459 cenam.
1925 2446 1946 2451 -—
1976 2429 2016 2460 Et
2039 2429 2160 2460 Doctor
2184 2437 2311 2461 sanctus
2335 2431 2410 2462 dicit
2431 2431 2448 2451 *
2471 2442 2537 2463 non
2564 2421 2768 2471 ingif‘qffi'ssi'ii

1471 2474 1565 2505 licere
1589 2473 1733 2504 exhibere
1756 2473 1868 2504 vinum
1892 2473 2012 2504 volenti
2036 2473 2170 2504 omnino
2194 2484 2227 2505 se
2250 2474 2411 2507 inebriare.
2564 2477 2579 2494 ¹·
2595 2470 2623 2492 ⁹⁶
2637 2477 2657 2499 ³·

1527 2518 1669 2550 Solvitur
1698 2518 1759 2548 hoc
1787 2517 1921 2548 dicendo
1952 2518 2040 2558 quod
2072 2518 2219 2549 exhibens
2250 2529 2360 2549 cenam
2384 2520 2539 2552 ministrat

1471 2562 1607 2600 homini,
1628 2573 1694 2593 non
1716 2562 1809 2592 vitio:
1835 2561 1983 2592 exhibens
2007 2569 2114 2593 autem
2146 2562 2257 2593 vinum
2287 2563 2452 2594 manifeste
2475 2565 2536 2595 rni—

1472 2608 1583 2638 nistrat
1604 2607 1693 2638 vitio.
1717 2606 1814 2643 Quod
1837 2613 1923 2646 patet
1946 2616 1983 2636 ex
2006 2605 2177 2636 differentia
2200 2607 2280 2638 inter
2302 2614 2465 2638 vacantem
2490 2619 2536 2640 ce-

1471 2661 1531 2682 nae
1554 2658 1585 2682 et
1606 2658 1771 2682 vacantem
1795 2650 1945 2682 ebrietati.
1969 2651 2051 2680 Nam
2085 2660 2195 2681 vacans
2219 2661 2312 2682 cenae
2342 2659 2431 2683 vacat
2453 2654 2536 2684 actui

1471 2697 1632 2731 humano.
1649 2703 1678 2726 et
1700 2694 1883 2725 deformitas
1906 2694 1973 2726 vitii
1996 2694 2204 2725 solummodo
2228 2705 2260 2725 se
2283 2702 2367 2727 tenet
2390 2707 2426 2727 ex
2450 2704 2537 2737 parte

1471 2740 1722 2772 circumstantiae
1746 2739 1898 2770 cenantis:
1923 2746 1999 2780 puta
2022 2739 2097 2780 quia
2119 2740 2249 2780 quando
2273 2750 2336 2770 non
2362 2741 2464 2780 debet,
2487 2752 2536 2772 ce-

1472 2792 1534 2816 nat.
1565 2786 1689 2815 Vacans
1721 2790 1828 2814 autem
1857 2783 1996 2814 ebrietati
2026 2790 2115 2814 vacat
2143 2783 2226 2814 actui
2249 2794 2305 2823 per
2327 2795 2359 2815 se
2384 2785 2535 2816 deformi:

1470 2830 1603 2861 ebrietas
1627 2828 1713 2859 enim
1732 2828 2002 2869 praesupponitur
2024 2838 2080 2868 per
2102 2838 2135 2858 se
2159 2838 2263 2868 prava.

1526 2918 1674 2955 Qumwm
1702 2927 1766 2948 EST.
1800 2917 1835 2947 In
1863 2916 2048 2957 quaestione
2076 2916 2462 2956 septuagesimasecunda,
2490 2928 2536 2948 ar-

1470 2962 1568 2993 ticulo
1592 2961 1684 2993 tertio
1700 2961 1727 2999 *,
1745 2961 1873 2992 dicitur:
1898 2961 1988 2991 Sicut
2012 2962 2043 2991 in
2059 2961 2135 2991 aliis
2157 2961 2284 2991 iniuriis
2305 2961 2427 3002 sufficit
2446 2963 2536 2992 resti-

1471 3012 1572 3043 tuere,
1597 3011 1628 3037 et
1651 3016 1714 3036 non
1738 3011 1863 3046 oportet
1877 3011 1990 3046 petere
2013 3006 2149 3042 veniam,
2174 3005 2219 3035 ita
2243 3015 2301 3035 nec
2320 3006 2352 3036 in
2377 3011 2523 3037 contume

1470 3052 1526 3082 lia.
1551 3069 1570 3073 —
1594 3051 1629 3081 In
1656 3050 1804 3087 Quolibet
1832 3057 1955 3086 autem,
1980 3049 2164 3090 quaestione
2194 3049 2266 3085 illa,
2293 3050 2344 3080 An
2368 3051 2401 3080 in
2434 3059 2535 3081 usura

1468 3095 1691 3136 transferatur
1705 3094 1882 3125 dominium
1898 3094 1924 3131 *‚
1943 3093 2136 3124 contrarium
2159 3092 2283 3124 videtur
2306 3093 2380 3130 dici,
2397 3094 2452 3124 ubi
2475 3094 2532 3125 ha-

1471 3141 1577 3170 betur:
1613 3139 1751 3176 Quando
1786 3139 1957 3169 translatio
1987 3148 2050 3168 non
2086 3143 2132 3168 est
2165 3138 2294 3168 omnino
2330 3138 2533 3176 voluntaria,

1471 3188 1594 3224 oportet
1617 3193 1680 3213 non
1703 3183 1807 3213 solum
1823 3182 1958 3213 reddere
1974 3183 2116 3222 pretium
2133 3183 2221 3222 agri,
2243 3182 2300 3212 sed
2321 3182 2444 3222 aliquid
2465 3192 2534 3214 cor-

1471 3227 1667 3268 respondens
1696 3227 1744 3257 illi
1774 3227 1948 3257 conditioni
1977 3226 2205 3258 involuntarii:
2234 3227 2317 3257 sicut
2343 3236 2469 3267 semper
2501 3228 2533 3257 in

1471 3271 1723 3303 restitutionibus
1737 3270 1929 3311 faciendum
1954 3276 2009 3301 est.

1526 3315 1666 3346 Solvitur
1679 3315 1741 3345 hoc
1757 3314 1891 3345 dicendo
1908 3315 1997 3354 quod
2011 3321 2116 3354 petere
2136 3314 2261 3344 veniam
2277 3314 2443 3354 dupliciter
2458 3325 2534 3346 con-

1471 3369 1593 3391 currere
1616 3366 1731 3399 potest.
1756 3359 1830 3390 Uno
1853 3359 1963 3394 mode,
1989 3365 2024 3389 ut
2047 3368 2118 3399 pars
2141 3358 2357 3389 restitutionis.
2374 3359 2415 3390 Et
2437 3359 2491 3396 sic,
2509 3359 2534 3390 si

1471 3404 1632 3443 contingat
1655 3404 1696 3433 ad
1713 3403 1946 3434 restitutionem
1960 3402 2092 3433 honoris
2109 3410 2255 3443 oportere
2270 3402 2396 3433 veniam
2418 3410 2533 3444 petere,

1470 3449 1512 3480 ita
1529 3447 1701 3479 necessaria
1716 3454 1763 3478 est
1785 3446 1894 3477 veniae
1910 3447 2021 3487 petitio
2044 3446 2125 3477 sicut
2140 3446 2351 3478 necessarium
2369 3453 2416 3478 est
2430 3448 2535 3488 quod-

1470 3493 1545 3524 libet
1568 3492 1655 3523 aliud
1670 3491 1858 3532 requisitum
1874 3491 1912 3521 ad
1928 3491 2140 3531 integritatem
2163 3490 2392 3522 satisfactionis.
2417 3491 2458 3522 Et
2473 3492 2533 3521 hoc

1471 3546 1637 3577 nunquam
1661 3542 1811 3576 negatum
1835 3542 1890 3566 est.
1909 3535 2071 3572 Quoniam
2095 3545 2220 3575 semper
2243 3535 2396 3566 affirmata
2419 3542 2464 3565 est
2486 3535 2531 3564 in-

1471 3589 1557 3621 tegra
1579 3579 1764 3611 satisfactio:
1789 3590 1870 3620 quae
1901 3580 2014 3620 procul
2037 3579 2134 3610 dubio
2158 3579 2359 3619 intelligenda
2390 3586 2436 3609 est
2458 3588 2531 3608 cum

1472 3625 1621 3656 omnibus
1641 3624 1798 3665 requisitis
1822 3625 1862 3655 ad
1884 3624 1952 3654 eius
1974 3624 2201 3664 integritatem;
2226 3634 2262 3654 ac
2285 3633 2340 3663 per
2363 3623 2432 3658 hoc,
2458 3631 2530 3652 cum

1472 3670 1623 3710 petitione
1647 3669 1765 3705 veniae,
1790 3668 1815 3699 si
1840 3678 1876 3699 ex
1899 3675 1986 3709 parte
2009 3668 2214 3699 restitutionis
2237 3667 2365 3697 honoris
2390 3665 2528 3705 exigitur.

2564 2963 2768 2984 'Commentnum

2562 2995 2587 3010 tt.

2563 3102 2571 3109 '
2594 3099 2715 3121 Tmctatus
2738 3099 2768 3120 De

2564 3126 2648 3152 Usum,
2663 3132 2701 3156 qu.
2712 3131 2721 3147 ι
2732 3125 2768 3151 (0-

2561 3159 2626 3180 pusc.
2637 3153 2717 3176 Catet..
2726 3152 2768 3172 Ve-

2561 3183 2607 3200 net.
2629 3178 2682 3201 16¹2.
2701 3178 2768 3199 Tom.

2560 3206 2589 3231 11,
2609 3205 2686 3227 Tnct.
2706 3205 2768 3226 Vssl),
