2768 4198
22 806 233 834 ·Mat1h.cap.xxu¹‚

21 839 80 854 vers.
87 838 116 859 123
125 832 232 860 Luae-p.

20 865 67 887 xiv,
76 865 135 881 vers.
145 865 172 885 n;
182 864 233 886 eap.

20 892 88 912 xvni,
98 891 157 907 vers.
168 891 199 911 14.

21 914 32 924 ¹⁴
48 912 94 940 Qu.
115 918 175 939 cut,
191 914 233 933 art.

21 945 41 966 2,
57 939 86 961 ad
100 945 119 960 2.

22 1028 31 1038 ⁸
38 1026 106 1055 Reg„
114 1032 164 1054 cap.
172 1031 213 1047 vu.
222 1036 233 1041 -

21 1053 57 1102 gf.
68 1059 105 1081 qu⁴
122 1058 180 1079 cur,
190 1055 232 1074 art.

22 1154 31 1164 ⁸
45 1154 95 1175 Art.
110 1159 129 1175 2.

22 1469 33 1479 ⁸
72 1474 94 1490 u.
114 1474 174 1495 cur,
192 1472 234 1491 art.

22 1500 38 1522 ι,
78 1498 190 1517 omment.
212 1501 234 1517 n.

22 1527 56 1547 ιη
71 1525 112 1543 art.
129 1527 149 1549 2,
164 1520 236 1544 eom-

23 1551 94 1570 ment.
110 1554 134 1570 ιι.
149 1554 183 1570 ιιι.

24 2176 34 2186 ’
53 2173 125 2200 1bid.,
141 2177 182 2195 art.
204 2179 233 2200 v,

23 2201 154 2223 Comment.
170 2206 234 2222 num.

23 2234 77 2249 xxn.

26 2488 36 2498 ⁶
50 2486 159 2509 Conclua.
174 2493 189 2508 ι.

32 3110 41 3119 ⁸
50 3108 98 3136 Qu.
106 3114 191 3137 cxxxii,
200 3114 239 3132 art.

261 284 335 321 312

259 363 406 404 propriae
429 373 582 404 personae
606 362 772 403 dupliciter
795 362 1026 393 consideratur:
1055 366 1091 390 ut
1114 359 1241 390 effectus
1263 358 1326 389 vir·
1351 364 1354 416 ἱ

259 407 345 444 tutis,
363 414 393 438 et
409 407 638 448 cuiuscumque
661 407 787 437 alterius
803 405 959 436 reddentis
976 404 1144 434 habentem
1161 402 1326 443 possiden-

259 459 325 483 tem
349 461 403 482 seu
433 451 599 482 facientem
623 460 785 490 magnum,
810 457 840 480 et
868 449 911 479 sic
942 454 1061 488 spectat
1088 448 1127 477 ad
1151 447 1326 488 quamlibet
1352 442 1353 490 l

259 496 422 532 virtutem;
447 496 509 526 alio
533 496 642 531 modo,
659 502 695 525 ut
718 493 826 525 transit
849 493 881 522 in
905 491 1060 522 rationem
1077 491 1244 522 formalem
1268 491 1326 522 ob·
1352 491 1353 529 ᾗ

260 540 414 576 iectivam,
439 547 470 570 et
493 539 536 570 sic
560 538 723 569 constituit
745 537 936 577 superbiam.
1352 530 1354 583 l

316 585 357 615 Et
376 585 456 614 sicut
480 583 632 614 celsitudo
650 582 697 612 sui
713 587 759 611 est
781 580 949 620 proprium
965 579 1126 610 obiectum
1149 579 1326 619 superbiae,
1352 587 1354 618 ξ

260 629 303 660 ita
327 627 460 658 abiectio
484 627 533 657 sui
556 633 602 657 est
625 625 791 666 proprium
815 624 976 654 obiectum
999 623 1198 654 humilitatis.
1353 663 1354 667 Ἰ

316 672 368 702 VI.
393 672 434 702 Et
457 671 544 711 quod
568 670 644 700 haec
667 669 729 699 sint
744 678 825 705 vera,
843 675 874 699 et
898 668 1075 699 secundum
1098 674 1239 698 mentem
1258 669 1325 698 Au·
1353 676 1354 697 1

261 716 356 747 ctoris
379 722 473 755 atque
497 714 695 749 Sanctorum,
720 718 805 753 patet
828 712 953 753 primo,
978 722 1015 742 ex
1038 711 1170 743 Domini
1194 711 1328 742 auctori-

261 766 332 796 tate,
357 759 412 800 qui
435 758 646 789 humilitatem
670 763 700 787 et
722 756 903 796 superbiam
925 755 1066 787 definivit
1088 766 1144 797 per
1167 763 1255 787 actus
1276 756 1330 786 ha·
1353 768 1354 780 1

261 805 368 835 bentes
392 813 450 843 pro
475 802 598 832 obiecto
627 801 778 841 seipsum,
803 801 938 831 dicendo
954 800 986 831 *ε
1020 801 1085 838 Qui
1111 810 1146 831 se
1167 801 1326 838 humiliat,

264 848 328 885 Qui
350 857 384 877 se
413 846 544 876 exaltat.
568 863 586 868 -
610 845 805 875 Auctoritate
834 845 947 876 deinde
976 844 1148 885 Augustini
1179 845 1272 875 allata
1294 845 1327 875 in
1353 842 1355 862 *¹

260 893 362 922 littera
386 891 472 930 prius
487 890 522 919 *1
551 889 651 920 Aliud
674 894 721 920 est
744 890 853 920 levare
877 899 912 920 se
937 895 1050 920 contra
1074 890 1198 927 Deum,
1224 896 1282 920 etc.
1306 906 1327 912 —

260 935 454 966 Auctoritate
478 943 609 974 quoque
632 933 809 971 Benedicti,
834 934 866 964 in
889 939 977 964 sexto
1002 941 1032 965 et
1061 934 1198 974 septimo
1228 933 1327 973 gradu

260 978 460 1010 humilitatis:
491 978 631 1008 Credere
654 984 684 1009 et
700 980 918 1018 pronuntiare
940 987 975 1009 se
997 979 1143 1010 omnibus
1170 978 1326 1016 viliorem,

263 1023 403 1054 Credere
419 1028 448 1053 et
464 1023 610 1063 confiteri
624 1032 659 1053 se
674 1023 717 1053 ad
732 1024 840 1053 omnia
856 1024 999 1056 inutilem
1024 1028 1054 1054 et
1071 1023 1239 1064 indignum
1255 1022 1282 1053 *.
1307 1040 1328 1046 -

260 1068 295 1098 In
319 1067 419 1098 littera
444 1067 575 1098 demum
598 1069 720 1097 Auctor
743 1067 857 1098 millies
881 1069 1014 1109 explicat
1036 1067 1069 1109 ly
1091 1077 1136 1105 se,
1162 1067 1195 1097 in
1219 1067 1328 1107 primis

260 1112 387 1142 duobus
415 1111 553 1142 articulis
583 1111 778 1152 quaestionis
807 1113 1038 1152 praecedentis,
1063 1112 1102 1143 de
1130 1111 1330 1142 Humilitate.
1354 1111 1356 1137 ἶ

260 1157 301 1187 Et
323 1155 465 1192 tandem,
489 1155 522 1186 in
546 1155 754 1196 responsione
778 1156 818 1186 ad
841 1156 970 1188 tertium
985 1157 1012 1194 *,
1037 1156 1208 1187 clarissime
1237 1156 1328 1187 dicit:
1355 1166 1356 1170 ¹

258 1200 439 1231 Humilitas
448 1200 527 1240 plus
543 1201 690 1240 reprimit
704 1210 792 1240 spem
812 1201 852 1232 de
864 1203 979 1243 seipso,
993 1211 1089 1243 quam
1107 1211 1144 1231 ea
1161 1205 1290 1232 utatur:
1310 1219 1329 1222 —
1355 1196 1356 1204 ¹

260 1245 420 1276 obiectum
445 1244 511 1285 spei
535 1244 612 1275 dixit
633 1246 784 1285 seipsum,
809 1255 875 1276 non
900 1257 983 1287 opus
1007 1253 1062 1276 aut
1085 1245 1205 1286 aliquid
1228 1245 1328 1276 aliud:

260 1289 414 1331 quoniam
439 1298 536 1329 opera
559 1295 589 1319 et
612 1289 672 1320 alia
695 1289 897 1321 materialiter
920 1301 952 1322 se
975 1291 1093 1321 habent
1115 1290 1155 1320 ad
1179 1289 1330 1330 seipsum,

260 1340 296 1365 ut
319 1344 355 1364 ea
377 1343 459 1375 quae
482 1340 557 1364 sunt
580 1333 619 1363 ad
642 1332 740 1364 finem
763 1334 949 1366 ordinantur
972 1335 1013 1366 ad
1035 1334 1143 1365 finem.

317 1378 484 1410 Consonat
506 1384 613 1408 autern
638 1384 669 1408 et
692 1378 813 1419 optime
836 1381 970 1420 quadrat
1002 1379 1110 1420 regula
1133 1377 1330 1415 humilitatis,
1356 1380 1358 1401 ἓ

262 1422 394 1453 scilicet:
418 1423 606 1453 Aestimatio
621 1423 673 1453 sui
696 1432 738 1453 ex
759 1423 930 1455 collatione
953 1425 1022 1455 eius
1044 1423 1129 1464 quod
1153 1432 1247 1453 suum
1271 1427 1329 1460 est,

261 1467 304 1498 ad
326 1468 430 1497 Deum
455 1471 485 1497 et
505 1466 548 1497 ad
570 1466 603 1497 id
618 1466 703 1508 quod
717 1468 780 1498 Dei
803 1474 850 1499 est
863 1469 890 1500 *.
915 1468 1001 1499 Huic
1017 1468 1103 1498 enim
1119 1467 1331 1498 aestimationi
1357 1474 1358 1505 ξ

262 1511 437 1542 conformis
461 1510 619 1552 appetitus
642 1518 689 1542 est
704 1511 862 1552 appetitus
886 1513 935 1544 sui
959 1512 1057 1553 ipsius
1082 1519 1116 1543 ut
1132 1511 1260 1549 subditi,
1276 1512 1332 1553 qui
1357 1508 1359 1525 ¹*

262 1562 308 1587 est
330 1555 516 1586 humilitatis
539 1555 624 1596 quod
646 1556 724 1596 quid
746 1562 810 1595 est;
834 1557 1010 1589 contrarius
1029 1567 1085 1598 per
1108 1566 1271 1587 excessum
1286 1564 1333 1588 est

262 1600 422 1641 appetitus
445 1599 495 1634 sui
516 1599 616 1640 ipsius
640 1607 676 1631 ut
700 1600 788 1637 celsi,
813 1601 869 1642 qui
892 1602 924 1632 in
947 1602 1032 1643 quod
1054 1601 1131 1642 quid
1154 1605 1200 1632 est
1224 1610 1332 1641 super·
1357 1602 1359 1631 5

261 1644 330 1675 biae
354 1644 502 1680 habetur;
527 1644 704 1675 contrarius
720 1651 827 1676 autem
851 1656 908 1686 per
931 1646 1091 1677 defectum
1111 1652 1157 1676 est
1173 1645 1332 1685 appetitus

262 1688 312 1719 sui
336 1689 436 1729 ipsius
459 1695 496 1719 ut
518 1688 612 1725 nimis
636 1689 764 1720 subditi.
789 1690 830 1720 Et
852 1691 1008 1731 quoniam
1031 1689 1138 1720 divina
1161 1689 1332 1720 reverentia
1357 1692 1359 1731 ᾗ

261 1733 349 1763 radix
372 1739 418 1763 est
441 1732 638 1769 humilitatis,
656 1733 894 1765 subaudiendus
918 1742 964 1766 est
980 1735 1013 1765 in
1029 1734 1078 1764 his
1103 1734 1183 1764 ordo
1208 1733 1331 1764 divinae

261 1777 467 1808 reverentiae:
500 1776 542 1807 ita
566 1784 601 1807 ut
625 1777 786 1808 humilitas
815 1778 854 1809 sit
879 1779 975 1810 virtus
1000 1788 1064 1819 qua
1087 1777 1202 1814 homo,
1228 1787 1265 1808 ex
1288 1777 1332 1808 di·
1357 1788 1358 1791 ¹

261 1821 335 1852 vina
365 1821 554 1857 reverentia,
579 1831 611 1851 se
635 1821 800 1852 conferens
830 1823 919 1859 Deo,
944 1823 976 1853 in
1003 1822 1154 1853 omnibus
1182 1831 1215 1851 se
1238 1822 1333 1852 habet

262 1872 298 1896 ut
312 1865 471 1901 subditus;
496 1865 642 1906 superbia
665 1876 751 1902 vero,
768 1866 881 1897 vitium
902 1876 968 1907 quo
989 1866 1100 1902 homo,
1118 1865 1224 1896 divina
1248 1865 1331 1896 abie-
1357 1894 1358 1897 ,

261 1916 311 1940 cta
333 1909 514 1946 reverentia,
538 1909 571 1939 in
593 1909 763 1946 omnibus,
788 1921 844 1941 seu
869 1911 1098 1947 communiter,
1123 1920 1156 1940 se
1179 1909 1274 1941 habet
1297 1917 1333 1941 ut

261 1953 379 1990 celsus;
408 1953 541 1984 abiectio
569 1963 643 1984 vero
673 1961 719 1985 est
741 1954 854 1985 vitium
885 1966 951 1996 quo
984 1955 1071 1996 quis,
1102 1954 1242 1984 divinam
1266 1964 1331 1985 non

261 2008 396 2039 sequens
419 1997 634 2035 reverentiam,
659 2009 692 2029 se
716 1999 811 2030 habet
830 2006 865 2030 ut
888 2000 1028 2030 abiectus
1050 2009 1106 2030 seu
1130 1998 1211 2029 vilis.

317 2042 379 2073 Ubi
403 2049 489 2082 patet
512 2042 607 2073 etiam
635 2043 724 2084 quod
748 2044 879 2074 materia
902 2044 1090 2075 humilitatis
1113 2050 1144 2074 et
1167 2043 1331 2084 superbiae

939 281 1207 329 QUAESTIO
1237 281 1392 327 CLXII,
1422 282 1720 320 ARTICULUS
1750 284 1764 319 Ι

1379 360 1455 400 quia
1478 362 1600 392 Auctor
1629 367 1704 401 post
1726 362 1822 393 istum
1847 362 2032 399 articulum,
2057 363 2220 403 subiungit
2247 363 2353 394 statim
2377 362 2450 394 arti-

1352 420 1353 439 ;
1381 404 1510 441 culum,
1533 406 1585 435 An
1609 406 1759 446 superbia
1781 407 1823 437 sit
1845 407 1983 447 speciale
2000 413 2190 448 peccatum:
2221 407 2311 448 quasi
2335 417 2391 447 per
2414 416 2452 437 ea

1380 458 1462 489 quae
1485 449 1536 479 hic
1560 449 1645 488 dicit,
1663 460 1729 480 non
1745 450 1848 481 adhuc
1864 450 2070 482 manifestum
2086 451 2125 483 sit
2144 452 2183 482 de
2200 451 2364 492 superbiae
2381 460 2450 492 spe-

1381 492 1515 523 cialitate
1538 493 1647 533 quoad
1671 501 1846 534 peccatum.

1437 536 1498 567 Sed
1522 537 1677 577 quoniam
1703 538 1880 569 secundum
1900 539 2065 570 veritatem
2087 540 2126 570 de
2145 539 2293 580 superbia
2316 546 2352 570 ut
2376 546 2452 569 con-

1381 579 1531 611 dividitur
1553 580 1621 611 aliis
1644 582 1796 621 peccatis,
1819 582 2019 614 verificantur
2042 594 2078 614 ea
2105 594 2187 625 quae
2210 583 2261 614 hic
2285 583 2449 619 dicuntur,

1352 646 1354 658 ,
1381 634 1464 665 quae
1494 631 1541 655 est
1571 625 1718 665 superbia
1746 626 1874 666 proprie
1897 634 2040 668 accepta;
2071 634 2102 659 et
2124 635 2212 659 actus
2235 628 2309 664 iste,
2333 627 2452 658 scilicet

1381 669 1508 699 tendere
1533 678 1627 709 supra
1650 669 1683 699 id
1706 670 1796 710 quod
1819 677 1881 707 est,
1906 672 2074 712 proprium
2097 679 2204 703 actum
2228 682 2264 703 ac
2289 672 2451 703 obiectum

1382 712 1546 753 superbiae
1562 712 1712 750 continet,
1734 721 1770 744 ut
1788 720 1875 754 patet
1889 725 1925 745 ex
1940 715 2029 746 dictis
2043 716 2074 746 *z
2099 716 2171 747 ideo
2192 726 2250 757 pro
2267 715 2451 747 definitione
2478 723 2487 733 ⁸

1381 757 1527 787 sustineri
1551 763 1665 797 potest.
1697 758 1738 788 Et
1765 765 1933 798 propterea
1956 760 2216 800 respondendum
2240 767 2286 791 est
2309 760 2450 791 obiectis.

1353 834 1355 840 y
1381 801 1422 832 Et
1446 801 1485 832 ad
1509 801 1651 841 primum
1674 801 1788 832 dicitur
1811 803 1901 843 quod
1924 804 2072 844 superbia
2096 811 2142 835 est
2169 814 2233 845 qua
2256 805 2328 845 quis
2351 804 2452 835 tendit

1381 855 1476 886 supra
1495 845 1528 875 id
1544 846 1634 886 quod
1650 853 1696 877 est
1718 846 1786 886 ipse
1802 846 2002 887 simpliciter:
2026 849 2244 889 praesumptio
2261 856 2379 886 autem,
2397 859 2453 880 su-

1382 899 1438 964 }rta
1447 890 1494 964 sii}
1514 890 1674 964 ggoziiliiZSt
1698 891 1874 922 secundum
1891 891 1978 932 quid,
2003 891 2065 923 hoc
2082 898 2129 923 est
2151 894 2328 924 secundum
2344 903 2450 934 opera.

1437 978 1489 1009 Ad
1505 979 1682 1009 secundum
1700 978 1813 1009 dicitur
1833 980 1922 1020 quod
1938 979 2086 1020 superbia
2102 987 2149 1011 est
2171 990 2235 1021 qua
2258 981 2330 1021 quis
2353 980 2454 1012 tendit

1382 1022 1415 1052 in
1438 1022 1516 1053 haec
1540 1023 1650 1053 omnia
1673 1029 1703 1053 et
1723 1029 1833 1060 cetera,
1858 1030 1894 1054 ut
1917 1024 2083 1055 materiam
2106 1031 2214 1056 tamen
2237 1025 2287 1055 sui
2310 1024 2453 1056 formalis

1383 1121 1547 1152 personae.
1572 1129 1593 1135 -
1617 1112 1658 1142 Et
1681 1121 1756 1142 cum
1780 1119 1889 1143 contra
1909 1112 1982 1150 hoc,
2007 1112 2096 1154 quasi
2121 1113 2249 1144 tertium
2272 1113 2455 1144 membrum

1382 1166 1459 1186 suae
1490 1155 1717 1193 distinctionis,
1742 1157 1860 1197 arguit:
1894 1157 2008 1188 dicitur
2037 1157 2127 1198 quod
2155 1157 2310 1198 superbus
2337 1156 2454 1194 tendit,

1382 1200 1469 1231 iuxta
1492 1199 1712 1232 definitionem
1735 1201 1906 1241 Augustini
1922 1201 1953 1239 *‚
1978 1201 2011 1232 in
2035 1202 2139 1242 ipsam
2162 1201 2211 1232 sui
2234 1201 2454 1233 celsitudinem

1356 1243 1357 1281 ζ
1378 1255 1580 1285 perversam,
1598 1255 1696 1286 quam
1716 1252 1839 1277 constat
1862 1256 1929 1277 non
1945 1246 2005 1277 nisi
2020 1246 2132 1277 vitiose
2155 1245 2262 1287 appeti
2285 1255 2390 1287 posse.
2414 1245 2456 1277 Et

1356 1327 1357 1330 Ἴ
1383 1289 1456 1320 ideo
1481 1289 1597 1320 falsum
1617 1289 1730 1321 dicitur
1753 1291 1843 1331 quod
1862 1291 2017 1322 celsitudo
2034 1290 2147 1327 maior,
2164 1297 2200 1321 ut
2218 1290 2372 1327 habenda,
2396 1300 2455 1331 po-

1356 1331 1358 1372 ]'
1384 1340 1444 1364 test
1473 1333 1556 1364 licite
1585 1334 1702 1375 appeti.
1732 1334 1897 1366 Celsitudo
1921 1335 2080 1376 siquidem
2110 1344 2192 1376 quae
2218 1344 2255 1365 ex
2277 1334 2456 1366 maioritate

1385 1378 1503 1409 claudit
1526 1378 1770 1419 perversitatem,
1792 1389 1857 1410 non
1880 1386 1985 1420 potest
2008 1379 2092 1410 licite
2108 1378 2224 1420 appeti,
2250 1385 2285 1410 ut
2304 1379 2330 1409 si
2353 1379 2454 1409 homo

1357 1453 1358 1469 ÷
1384 1429 1511 1463 appetat
1530 1432 1563 1453 se
1584 1432 1650 1453 esse
1675 1433 1771 1464 supra
1787 1424 1966 1464 superiores
1982 1433 2075 1455 suos:
2101 1424 2178 1455 haec
2192 1422 2279 1454 enim
2295 1422 2456 1454 majoritas

1384 1466 1550 1498 manifeste
1574 1467 1692 1498 claudit
1715 1467 1748 1498 in
1772 1478 1804 1498 se
1829 1469 2075 1509 perversitatem.
2106 1469 2147 1499 Et
2169 1467 2271 1499 simile
2295 1467 2374 1509 quid
2404 1477 2455 1498 ac·

1385 1511 1460 1542 cidit
1482 1511 1515 1541 in
1539 1511 1629 1542 omni
1653 1511 1795 1552 appetitu
1819 1523 1982 1553 perversae
2007 1512 2201 1544 celsitudinis
2224 1512 2388 1553 propriae:
2419 1518 2456 1544 ut

1385 1561 1471 1596 patet
1494 1555 1698 1587 discurrendo
1723 1566 1779 1597 per
1801 1557 1921 1597 species
1945 1557 2111 1598 superbiae
2124 1557 2152 1588 *-

1441 1600 1491 1631 111.
1518 1600 1553 1631 In
1570 1601 1684 1631 eodem
1699 1600 1842 1638 articulo,
1865 1601 1898 1632 in
1918 1602 2125 1643 responsione
2148 1601 2188 1632 ad
2211 1601 2350 1637 tertium,
2373 1601 2456 1632 Mar-

1357 1651 1359 1685 3'
1384 1644 1469 1675 tinus
1494 1644 1630 1676 occurrit
1652 1645 1700 1675 bis
1724 1652 1834 1676 contra
1856 1646 2032 1677 doctrinam
2055 1646 2152 1677 huius
2174 1645 2392 1686 responsionis
2411 1643 2456 1676 di-

1384 1695 1466 1719 recte
1491 1695 1521 1720 et
1545 1689 1746 1726 nominatim,
1771 1700 1861 1721 more
1884 1701 1955 1728 suo,
1980 1701 2123 1732 arguens.
2147 1690 2255 1721 Primo
2267 1689 2295 1726 *‚
2314 1689 2347 1720 in
2367 1699 2421 1731 qu.
2439 1700 2450 1720 1

1385 1733 1424 1763 de
1447 1733 1636 1764 Humilitate
1651 1734 1677 1770 *,
1702 1734 1757 1764 ubi
1781 1734 1857 1765 dicit
1880 1735 1969 1776 quod
1993 1734 2104 1776 opinio
2129 1734 2187 1766 ista
2211 1733 2315 1765 deficit
2333 1735 2455 1774 primo,

1384 1776 1417 1807 in
1446 1777 1670 1817 distinguendo
1702 1778 1916 1810 humilitatem
1945 1789 1964 1810 a
1994 1779 2264 1820 magnanimitate.
2298 1778 2383 1816 Quia
2416 1778 2456 1808 ad

1386 1831 1485 1851 unam
1508 1828 1651 1861 spectant
1673 1821 1751 1853 haec
1773 1822 1934 1860 virtutem,
1958 1830 1994 1854 ut
2017 1824 2188 1864 probatum
2212 1829 2258 1854 est
2272 1823 2298 1854 ⁴¹.

1442 1864 1554 1896 Deficit
1568 1865 1720 1904 secundo,
1738 1866 1771 1896 in
1786 1866 2011 1907 distinguendo
2028 1867 2208 1908 superbiam
2232 1873 2330 1908 prout
2351 1875 2456 1907 asper-

1386 1915 1479 1939 natur
1501 1908 1742 1946 subiectionem,
1766 1917 1796 1941 et
1819 1918 1916 1951 prout
1934 1911 2144 1942 immoderate
2159 1910 2260 1942 tendit
2275 1910 2315 1941 ad
2330 1920 2456 1951 magna,

1385 1953 1427 1984 ita
1455 1953 1544 1994 quod
1573 1953 1677 1993 primo
1702 1955 1801 1984 modo
1825 1955 2016 1994 humilitati,
2040 1955 2181 1986 secundo
2205 1953 2459 1995 magnanimitati

1358 2025 1359 2032 ,
1385 1997 1570 2038 opponitur.
1592 1997 1633 2028 Et
1651 1998 1805 2038 probatur
1821 1999 1936 2040 primo,
1952 2000 2042 2041 quod
2061 1999 2210 2041 superbia
2225 2005 2261 2030 ut
2275 2004 2460 2039 aspernatur

1385 2041 1627 2078 subiectionem,
1645 2043 1822 2084 opponitur
1837 2044 2102 2085 magnanimitati.
2126 2044 2334 2085 Quicumque
2351 2042 2458 2084 digni-

261 2086 445 2117 universalis
470 2093 530 2117 est:
559 2087 634 2127 quia
658 2087 697 2117 ad
721 2098 835 2128 magna
860 2095 890 2119 et
913 2089 1012 2119 ardua
1035 2088 1214 2119 secuudum
1244 2098 1276 2119 se
1300 2098 1332 2118 se
1358 2079 1359 2123 l
1375 2086 1462 2128 ficat
1483 2096 1518 2118 se
1541 2088 1671 2128 magnis
1694 2087 1809 2128 quibus
1830 2098 1893 2120 non
1910 2094 1957 2120 est
1979 2089 2111 2131 dignus,
2135 2095 2183 2120 est
2205 2087 2376 2130 oppositus
2390 2097 2458 2118 ma—

261 2131 409 2162 extendit.
433 2131 474 2162 Et
489 2131 619 2162 humilis
634 2132 765 2172 quidem
790 2133 829 2163 ad
853 2133 962 2164 omnia
976 2141 1012 2164 ut
1034 2133 1142 2169 ardua,
1159 2139 1195 2163 ut
1211 2132 1331 2163 dictum
1358 2128 1359 2169 l
1385 2130 1603 2206 gngnirnitati:
1636 2138 1671 2162 ut
1701 2138 1787 2182 patet
1809 2132 1842 2163 in
1866 2133 1909 2164 IV
1931 2133 2037 2164 Ethic.
2057 2133 2074 2152 *
2105 2132 2166 2164 Sed
2193 2132 2254 2208 qu‘il
2274 2138 2460 2218 asphernatur
2483 2134 2495 2146 ⁸

1386 2186 1423 2206 su
1447 2182 1634 2212 rectionem,
1661 2185 1797 2207 maxime
1829 2184 1974 2218 respectu
1998 2187 2208 2218 magnorum,
2254 2177 2325 2218 igni
2348 2181 2402 2208 cat
2422 2185 2459 2208 se
2503 2177 2510 2183 '

262 2182 308 2207 est
322 2175 348 2212 *‚
365 2175 480 2206 tendit:
510 2176 665 2216 superbus
695 2187 770 2207 vero
801 2177 849 2208 sui
879 2177 1116 2214 celsitudinem,
1140 2187 1222 2218 quae
1252 2177 1333 2208 inter

262 2221 347 2251 bona
362 2230 528 2251 summum
544 2221 719 2252 arduorum
741 2221 874 2259 videtur,
891 2222 1021 2263 appetit.
1047 2222 1122 2253 Ideo
1139 2222 1219 2253 circa
1243 2222 1331 2252 ardui

262 2265 339 2295 boni
363 2265 554 2305 appetitum,
579 2265 634 2306 qui
658 2276 730 2306 spes
753 2273 901 2303 vocatur,
927 2274 1103 2308 ponuntur.

319 2309 474 2350 Deinceps
487 2310 527 2340 ad
542 2309 688 2350 specialia
700 2310 796 2341 dubia
812 2321 902 2342 more
914 2311 1010 2343 solito
1023 2311 1263 2352 procedendum
1275 2317 1331 2342 est.

1358 2353 1359 2372 ι

268 2408 315 2471 IN
339 2397 470 2428 articulo
499 2398 603 2438 primo
629 2398 770 2430 eiusdem
794 2400 990 2442 quaestionis
1015 2399 1330 2439 centesimaesexage—
1358 2386 1360 2425 l

297 2441 572 2479 simaesecundae,
602 2443 736 2474 dubium
767 2454 803 2475 ex
833 2444 970 2476 Martino
1003 2444 1156 2480 occurrit,
1181 2443 1214 2474 in
1237 2454 1292 2485 qu.
1315 2455 1323 2474 1

265 2487 303 2517 de
320 2486 473 2527 Superbia
491 2488 517 2523 ²⁸¹,
543 2487 657 2518 directe
681 2495 791 2519 contra
805 2491 980 2520 Auctorem
997 2489 1119 2520 dicente
1143 2488 1233 2529 quod
1256 2488 1332 2519 haec
1359 2508 1360 2532 ζ

265 2530 376 2572 opinio
409 2541 474 2562 non
503 2531 627 2562 videtur
652 2532 684 2562 in
713 2539 782 2564 toto
811 2544 893 2565 vera.
925 2534 966 2565 Et
993 2533 1099 2574 primo
1128 2532 1218 2573 ponit
1243 2533 1332 2574 quod
1359 2534 1360 2559 ἶ

265 2575 425 2615 superbia,
450 2575 553 2606 stricte
577 2583 720 2617 accepta,
745 2587 811 2608 non
836 2585 882 2609 est
906 2577 1065 2609 definitive
1089 2578 1248 2618 appetitus
1271 2587 1332 2618 quo
1359 2566 1361 2616 l

264 2621 335 2660 quis
358 2620 458 2651 tendit
479 2629 579 2660 supra
604 2621 637 2651 id
658 2621 744 2662 quod
766 2627 823 2653 est.
847 2623 1012 2653 Probatur.
1041 2621 1263 2662 Praesumptio
1287 2629 1333 2652 est
1359 2623 1361 2659 j

265 2674 328 2706 qua
351 2664 422 2705 quis
442 2665 541 2695 tendit
564 2675 660 2706 supra
675 2665 707 2696 id
727 2667 817 2706 quod
833 2674 888 2704 est,
905 2667 1013 2708 quoad
1029 2666 1332 2703 administrationes;

264 2708 407 2745 ambitio,
432 2709 539 2750 quoad
563 2709 712 2747 honores,
729 2717 787 2741 etc.
812 2711 908 2751 Ergo.

309 2754 480 2790 Praeterea,
497 2753 522 2783 si
539 2754 686 2794 superbia
705 2761 751 2786 est
773 2754 932 2786 definitive
955 2765 1019 2796 qua
1034 2755 1106 2796 quis
1122 2754 1223 2785 tendit
1238 2765 1332 2795 supra
1360 2753 1361 2787 l

264 2797 295 2827 id
320 2797 409 2838 quod
425 2804 481 2833 est,
501 2805 556 2828 aut
579 2798 641 2829 hoc
658 2805 704 2829 est
727 2800 835 2840 quoad
859 2799 980 2840 aliquid
1004 2799 1254 2841 praedictorum;
1279 2806 1334 2830 aut
1360 2801 1361 2813 ¹

265 2842 372 2882 quoad
397 2841 505 2872 omnia
530 2842 644 2879 simul;
674 2850 729 2874 aut
759 2844 867 2884 quoad
895 2843 1016 2885 aliquid
1040 2843 1126 2874 aliud
1149 2844 1188 2874 ab
1213 2843 1271 2874 his.
1300 2843 1333 2874 Si
1360 2822 1361 2877 l

266 2886 417 2926 primum,
435 2896 509 2926 ergo
531 2893 577 2917 est
606 2887 725 2928 aliquid
748 2887 982 2928 praedictorum
1006 2887 1168 2919 vitiorum.
1186 2905 1207 2911 -
1231 2887 1263 2919 Si
1288 2898 1334 2919 se·
1360 2889 1361 2917 1

266 2931 418 2967 cundum,
443 2940 518 2970 ergo
543 2931 600 2962 erit
623 2939 827 2972 aggregatum
851 2942 888 2963 ex
907 2932 1067 2964 omnibus.
1093 2950 1114 2956 -
1138 2932 1171 2963 Si
1194 2932 1332 2970 tertium,

266 2981 341 3006 tunc
357 2975 483 3006 nullum
499 2975 560 3006 tale
575 2975 698 3006 videtur
714 2976 774 3006 nisi
791 2977 983 3008 excellentia.
1006 2977 1047 3007 Et
1062 2984 1149 3013 tunc,
1165 2983 1220 3007 aut
1235 2976 1335 3008 tendit
1361 2995 1362 2998 =

266 3019 298 3049 in
320 3019 536 3050 excellentiam
553 3019 707 3050 maiorem
730 3030 829 3061 quam
851 3021 961 3052 habet:
986 3028 1041 3052 aut
1057 3021 1089 3051 in
1106 3020 1333 3052 manifestatio-

268 3073 351 3094 nem.
375 3064 452 3094 Non
474 3063 505 3094 in
530 3063 837 3095 manifestationem:
862 3065 938 3106 quia
961 3065 1039 3102 hoc,
1064 3065 1241 3096 secundum
1264 3075 1333 3096 san-

268 3115 354 3138 ctum
378 3108 542 3138 Thomam
556 3108 583 3145 *‚
608 3115 727 3149 spectat
749 3109 789 3139 ad
813 3109 940 3140 inanem
963 3109 1108 3150 gloriam.
1133 3109 1218 3150 Ergo
1235 3109 1268 3140 in
1284 3119 1334 3140 ex·
1361 3101 1362 3151 ᾗ

269 3152 445 3183 cellentiam
466 3152 631 3183 maiorem.
656 3153 728 3184 Hoc
744 3153 851 3184 autem
872 3164 938 3184 non
954 3154 1078 3186 videtur
1093 3154 1152 3184 nisi
1168 3153 1335 3194 dupliciter
1361 3155 1363 3195 l,

269 3206 362 3235 posse
386 3196 527 3236 intelligi.
551 3197 676 3229 Scilicet
699 3198 788 3239 quod
812 3199 919 3229 tendat
942 3199 980 3229 ad
1005 3197 1222 3230 excellentiam
1237 3198 1336 3229 maio-
1361 3201 1362 3236 ξ

269 3250 336 3270 rem
359 3240 552 3271 habendam:
579 3248 609 3272 et
633 3241 694 3272 hoc
718 3252 783 3273 non
808 3250 854 3274 est
876 3242 952 3274 vitii.
985 3243 1043 3274 Vel
1067 3243 1156 3284 quod
1180 3242 1335 3275 existimet
1361 3269 1362 3293 ¹

271 3293 303 3314 se
326 3283 438 3315 habere
462 3285 615 3316 maiorem
641 3286 868 3318 excellentiam.
899 3287 940 3318 Et
967 3287 1028 3318 hoc
1052 3287 1183 3328 quidem
1207 3294 1253 3318 est
1276 3287 1335 3318 ini·

271 3328 352 3358 tium
376 3329 555 3368 superbiae:
581 3337 611 3361 et
630 3331 778 3362 convenit
793 3332 931 3372 superbo
948 3339 977 3363 et
994 3332 1102 3363 multis
1119 3331 1197 3369 aliis,
1218 3331 1335 3363 scilicet

271 3380 546 3412 praesumthOSO,
560 3374 740 3412 ambitioso,
757 3385 856 3413 vano;
874 3376 906 3406 hi
924 3376 1009 3407 enirn
1026 3386 1138 3407 omnes
1155 3375 1334 3408 existimant
1362 3373 1363 3409 l

273 3424 305 3445 se
329 3415 463 3446 maiores
486 3427 583 3458 quam
606 3419 667 3450 sint
689 3420 720 3450 in
744 3420 808 3450 suis
826 3420 972 3457 materiis,
997 3421 1114 3452 scilicet
1137 3420 1335 3452 administra—

273 3458 423 3494 tionibus.
447 3460 630 3499 honoribus,
655 3463 763 3502 gloria.

329 3503 366 3533 11.
391 3503 440 3533 Ad
458 3503 518 3534 hoc
534 3505 678 3543 dubium,
696 3508 871 3539 secundum
886 3509 1035 3540 Auctoris
1055 3519 1251 3550 processum,
1269 3519 1335 3540 non

274 3554 434 3586 oporteret
456 3549 654 3587 respondere.
679 3551 766 3581 Turn
783 3552 856 3592 quia
880 3563 945 3583 non
970 3553 1044 3584 dicit
1067 3553 1148 3584 hanc
1169 3564 1236 3585 esse
1260 3552 1335 3584 defi·
1362 3557 1364 3599 ᾖ

274 3590 429 3622 nitionem
442 3592 617 3631 superbiae:
636 3594 689 3624 sed
706 3603 927 3634 argumentum
944 3607 979 3628 ex
993 3597 1211 3629 nominatione
1228 3597 1335 3634 sumit,
1362 3601 1363 3613 ¹

275 3634 398 3666 dicens:
427 3635 582 3676 Superbia
603 3639 789 3669 nominatur
812 3649 853 3669 ex
875 3640 943 3678 hoc,
962 3648 1018 3671 etc.
1035 3659 1055 3664 —
1069 3642 1157 3672 Tum
1177 3641 1334 3678 secunde,
1362 3637 1363 3674 l

1386 2221 1517 2261 magnis
1538 2220 1653 2261 quibus
1681 2230 1744 2251 non
1767 2226 1815 2252 est
1840 2222 1969 2263 dignus.
1997 2222 2093 2262 Ergo.
2118 2240 2140 2246 -
2163 2222 2319 2253 Probatur
2342 2221 2458 2253 minor.

1386 2264 1471 2302 Quia
1495 2263 1655 2304 dignificat
1678 2274 1711 2295 se
1735 2275 1850 2306 magna
1872 2266 2024 2303 libertate,
2041 2277 2105 2308 qua
2128 2276 2195 2297 non
2218 2272 2265 2297 est
2287 2265 2412 2306 dignus.

1442 2309 1565 2340 Deinde
1589 2309 1742 2350 probatur
1765 2310 1854 2351 quod
1875 2311 2023 2352 superbia
2046 2311 2225 2342 secundum
2244 2310 2334 2351 quod
2357 2309 2459 2342 tendit

1358 2375 1359 2383 1
1386 2353 1596 2384 immoderate
1616 2353 1648 2383 in
1666 2363 1790 2394 magna.
1815 2355 1992 2395 opponitur
2014 2354 2196 2386 humilitati.
2220 2355 2295 2385 Non
2319 2360 2380 2385 stat
2401 2353 2459 2385 ali-

1387 2408 1485 2439 quem
1507 2398 1634 2428 tendere
1658 2397 1690 2428 in
1707 2408 1822 2439 magna
1838 2399 2056 2436 immoderate,
2074 2406 2104 2430 et
2119 2409 2187 2430 esse
2203 2398 2370 2430 humilem.
2395 2397 2458 2429 Sed

1358 2452 1360 2485 ζ
1387 2449 1447 2473 stat
1470 2443 1653 2473 tendentem
1676 2442 1885 2474 immoderate
1909 2443 1942 2474 in
1958 2453 2071 2484 magna
2096 2453 2163 2474 non
2179 2442 2338 2484 aspernari
2354 2442 2458 2474 subie-

1387 2486 1527 2518 ctionem
1540 2496 1653 2518 eorum
1669 2487 1786 2528 quibus
1802 2494 1926 2519 tenetur
1941 2498 2008 2519 esse
2024 2487 2195 2519 subiectus.
2212 2487 2297 2528 Ergo
2311 2486 2459 2526 superbia

1388 2539 1423 2563 ut
1447 2531 1579 2562 tendens
1603 2531 1812 2563 immoderate
1835 2532 1869 2562 in
1893 2542 2018 2573 magna,
2043 2532 2110 2563 sine
2133 2531 2329 2563 adminiculo
2353 2540 2458 2572 asper-

1388 2582 1478 2607 natae
1503 2575 1717 2612 subiectionis,
1742 2576 1919 2617 opponitur
1941 2577 2123 2608 humilitati.

1444 2619 1558 2651 Deficit
1585 2621 1679 2651 tertio
1698 2620 1732 2657 *,
1764 2621 1990 2661 distinguendo
2021 2620 2315 2662 pusillanimitatem
2349 2626 2384 2651 ut
2413 2625 2460 2651 est

1387 2664 1528 2696 defectus
1552 2675 1570 2695 a
1593 2664 1818 2706 prosecutione
1842 2675 2044 2706 magnorum,
2065 2673 2096 2696 et
2115 2672 2151 2697 ut
2166 2671 2213 2696 est
2229 2663 2399 2706 applicatio
2419 2663 2459 2695 ad

1360 2740 1361 2747 ,
1387 2709 1499 2740 viliora
1516 2719 1614 2750 quam
1635 2709 1775 2746 deceant,
1793 2716 1824 2741 et
1847 2710 1937 2751 quod
1953 2710 2058 2751 primo
2075 2710 2174 2741 modo
2198 2709 2375 2750 opponitur
2390 2718 2460 2739 ma-

1387 2753 1595 2794 gnanimitati,
1621 2754 1762 2784 secundo
1778 2764 1853 2785 vero
1877 2754 2058 2786 humilitati.
2083 2754 2124 2786 Et
2147 2753 2363 2794 multipliciter
2385 2762 2459 2794 pro-

1387 2799 1480 2829 batur
1503 2798 1591 2839 quod
1616 2797 1839 2838 pusillanimus
1863 2805 1899 2830 ut
1921 2799 2059 2840 applicat
2075 2809 2108 2830 se
2131 2799 2171 2829 ad
2186 2797 2261 2829 vilia
2276 2796 2460 2829 dedecentia

1387 2843 1505 2884 ipsum,
1530 2842 1706 2883 opponitur
1725 2843 1943 2883 magnanimo.
1966 2844 2085 2875 Primo.
2110 2842 2354 2884 Magnanimitas
2370 2840 2458 2873 suffi-

1388 2887 1505 2919 cienter
1527 2887 1657 2918 inclinat
1680 2887 1719 2918 ad
1743 2886 1932 2928 fugiendum
1951 2898 1988 2919 ea
2010 2898 2092 2930 quae
2115 2897 2175 2928 pro
2191 2897 2248 2918 sua
2262 2886 2380 2918 vilitate
2404 2885 2458 2917 de-

1389 2933 1509 2963 decent.
1543 2931 1627 2972 Ergo
1652 2931 1896 2972 pusillanimitas
1923 2933 1964 2963 ad
1987 2932 2060 2963 vilia
2084 2930 2266 2963 dedecentia
2288 2930 2457 2968 inclinans,

1387 2977 1432 3007 illi
1456 2976 1641 3017 opponitur.
1666 2976 1822 3007 Probatur
1838 2977 2038 3008 antecedens:
2064 2976 2140 3018 quia
2155 2985 2221 3006 non
2237 2981 2297 3006 stat
2312 2974 2458 3006 animum

1388 3031 1455 3052 esse
1479 3030 1643 3060 magnum,
1660 3028 1726 3052 tarn
1750 3021 1859 3052 habitu
1883 3031 1982 3062 quam
2006 3027 2096 3058 actu,
2121 3027 2151 3051 et
2180 3019 2338 3060 applicare
2361 3028 2394 3050 se
2418 3018 2458 3049 ad

1361 3083 1362 3095 l
1388 3065 1462 3096 talia
1491 3065 1573 3096 vilia.
1603 3082 1624 3088 —
1651 3064 1809 3097 Secundo.
1844 3065 2087 3106 Magnanimitas
2117 3063 2248 3095 inclinat
2281 3064 2320 3094 ad
2351 3070 2458 3095 conte-

1390 3110 1568 3141 mnendum
1591 3119 1706 3150 parvos
1729 3109 1884 3141 honores:
1914 3116 1950 3141 ut
1979 3115 2065 3150 patet
2087 3108 2120 3139 in
2144 3108 2187 3140 IV
2206 3108 2311 3139 Ethic.
2327 3107 2344 3127 '⁸‘
2371 3108 2458 3148 Ergo

1390 3162 1420 3185 et
1443 3154 1483 3185 ad
1506 3153 1778 3185 contemnendum
1801 3153 1884 3186 vilia.
1915 3171 1937 3178 -
1973 3154 2089 3185 Tertio.
2121 3152 2346 3193 Magnanimus
2369 3151 2457 3184 incli-

1390 3206 1482 3230 natur
1510 3198 1686 3229 secundum
1717 3207 1814 3229 suum
1841 3197 1987 3230 habitum
2014 3198 2054 3229 ad
2081 3207 2152 3228 vere
2182 3196 2390 3228 iudicandum
2418 3196 2459 3228 de

1389 3243 1437 3274 his
1461 3253 1543 3284 quae
1566 3248 1709 3283 spectant
1724 3242 1764 3272 ad
1780 3242 1964 3283 dignitatern
1980 3241 2130 3278 hominis,
2155 3248 2186 3272 et
2208 3241 2248 3272 ad
2271 3240 2459 3272 huiusmodi

1389 3287 1543 3318 iudicium
1567 3286 1777 3328 sequendum.
1801 3286 1887 3326 Ergo
1909 3286 2131 3326 magnanimus
2148 3295 2184 3316 ex
2200 3285 2310 3316 habitu
2334 3295 2394 3317 suo
2410 3284 2458 3317 in-

1390 3332 1523 3363 clinatur
1539 3332 1579 3362 ad
1595 3330 1783 3371 fugiendum
1798 3330 1881 3362 vilia.
1905 3331 2103 3361 Antecedens
2123 3337 2208 3370 patet
2227 3330 2270 3361 1v
2284 3329 2389 3362 Ethic.
2403 3328 2422 3349 *
2435 3347 2458 3354 -

1393 3376 1529 3414 Quarto.
1553 3374 1796 3416 Magnanimitas
1814 3374 1944 3406 inclinat
1962 3374 2001 3406 ad
2021 3374 2261 3416 despiciendum
2277 3384 2374 3405 omne
2389 3383 2457 3416 quo

1362 3415 1363 3459 J
1390 3421 1490 3452 homo
1514 3419 1550 3451 fit
1571 3419 1691 3450 minor:
1716 3425 1751 3450 ut
1773 3425 1860 3460 patet
1882 3418 1914 3449 in
1939 3419 1981 3450 1v
1996 3419 2100 3450 Ethic.
2117 3418 2134 3438 *
2157 3419 2253 3459 Ergo.
2278 3418 2320 3450 Et
2343 3417 2457 3450 confir-

1362 3479 1363 3497 :
1391 3471 1511 3496 matur:
1536 3463 1612 3505 quia
1635 3462 1867 3505 magnanimus,
1893 3470 1928 3494 ut
1951 3470 2036 3504 patet
2060 3463 2102 3495 IV
2118 3463 2221 3494 Ethic.
2238 3462 2265 3500 ¹⁸,
2290 3464 2458 3494 immemor

1391 3514 1438 3540 est
1460 3507 1702 3549 beneficiorum,
1727 3517 1766 3539 eo
1790 3506 1879 3548 quod
1902 3506 2034 3538 minoris
2058 3514 2105 3539 est
2128 3507 2265 3548 recipere
2287 3505 2455 3543 beneficia;

1390 3563 1465 3593 ergo
1490 3551 1659 3593 applicatio
1683 3552 1722 3582 ad
1746 3551 1835 3588 vilia,
1860 3561 1934 3582 cum
1958 3552 2061 3584 multo
2085 3552 2244 3584 minorem
2267 3551 2376 3583 reddat
2398 3550 2456 3582 ho-

1389 3596 1520 3633 minem,
1545 3595 1645 3636 magis
1669 3595 1789 3637 fugitur
1812 3606 1828 3625 a
1851 3596 2067 3636 magnanimo.
2091 3614 2112 3620 -
2140 3595 2270 3634 Quinto.
2294 3594 2457 3636 Magnani-

1390 3640 1482 3671 mitas
1506 3640 1635 3671 inclinat
1658 3640 1696 3670 ad
1719 3639 1925 3671 iudicandum
1949 3640 1980 3670 id
2001 3641 2107 3671 solum
2131 3650 2197 3671 esse
2221 3640 2344 3670 bonum
2368 3638 2455 3680 quod

2511 721 2643 744 Commeat.
2666 721 2691 743 in

2478 752 2520 770 m.
2531 754 2539 770 ι
2550 751 2572 770 et
2586 753 2598 770 2
2612 747 2691 774 simul.

2478 781 2541 797 num.
2556 780 2583 797 m
2597 780 2648 802 sqq.

1354 1093 1356 1105 ι
1383 1066 1508 1103 obiecti,
1532 1067 1622 1108 quod
1646 1075 1692 1098 est
1715 1067 1802 1098 aliud
1826 1068 1864 1098 ab
1886 1068 1963 1105 istis,
1988 1068 2106 1099 scilicet
2129 1068 2283 1100 celsitudo
2307 1069 2453 1109 propriae
2480 1068 2482 1073 '

2481 1207 2492 1219 ⁸
2501 1208 2537 1231 ef.
2553 1212 2616 1236 resp.
2629 1207 2659 1230 ad
2671 1213 2693 1230 2.

2482 1554 2636 1582 ‘Gan-4.

2482 1691 2492 1702 ⁸
2506 1689 2543 1713 Cf.
2557 1695 2622 1714 nam.
2636 1696 2659 1712 v.

2482 1739 2494 1751 ⁶
2507 1738 2618 1763 eandm.
2631 1745 2648 1762 ι.

2480 1829 2490 1839 ·
2507 1821 2543 1845 Cf.
2558 1821 2615 1844 ibid.

2484 2621 2495 2632 ⁸
2509 2620 2545 2644 Cf.
2559 2625 2624 2643 num.
2638 2626 2670 2642 vr.

2484 3103 2698 3154 scisma·

2483 3326 2578 3377 said?
2584 3333 2628 3376 12²0}
2635 3332 2676 3376 ”ni
2685 3337 2697 3343 “

2485 3417 2495 3427 ·
2507 3415 2606 3444 ibid-,m
2620 3420 2650 3444 ¹7.
2665 3415 2696 3443 18,

2483 3441 2636 3496 exau?
2651 3440 2696 3464 ¹³¹·

2483 3497 2493 3508 ·
2507 3495 2576 3523 lbra..
2590 3501 2614 3518 a.
2633 3501 2665 3524 ²5·
2685 3505 2697 3512 -

2483 3522 2508 3546 S.
2523 3521 2568 3545 Τὴ.
2583 3522 2635 3544 bet.
2649 3526 2674 3544 ι.
