2768 4198
71 624 80 634 ⁸
93 622 152 650 Cep.
164 628 186 650 v,
200 627 223 644 n.
237 628 253 644 ι.

65 1261 77 1272 ”
90 1259 148 1288 Cap.
162 1265 195 1288 vi,
210 1266 233 1282 n.
249 1265 279 1282 η.

970 272 1239 318 QUAESTlO
1270 273 1444 320 CXLIV,
1474 273 1773 310 ARTICULUS
1806 273 1852 308 lll

311 350 526 388 voluntarii.
556 351 606 387 Et
628 352 736 399 haec,
758 351 911 400 proprie
936 351 1145 411 loquendo,
1167 364 1246 389 non
1270 352 1413 390 habet

311 403 498 440 rationem
528 403 619 441 mali
646 405 774 442 ardui:
805 404 910 452 quod
940 405 1042 441 enim
1072 405 1110 442 in
1139 406 1220 442 sola
1248 406 1384 442 volun-

310 464 385 493 tate
415 457 592 504 consistit,
623 470 701 494 non
721 458 872 495 videtur
895 470 978 494 esse
999 459 1162 496 arduum
1195 466 1230 495 et
1259 460 1384 496 eleva-

311 517 392 546 tum
429 522 544 559 supra
576 511 740 548 hominis
774 518 1023 560 potestatem,
1055 520 1090 548 et
1122 520 1278 561 propter
1309 513 1384 549 hoc

310 575 390 600 non
409 564 708 612 apprehenditur
736 565 807 602 sub
828 565 974 601 ratione
1002 565 1188 602 terribilis.
1219 567 1268 602 Et
1296 578 1382 615 pro-

309 624 392 665 pter
419 617 494 654 hoc
522 617 780 667 Philosophus
810 618 918 664 dicit,
950 620 987 655 in
1018 620 1048 655 II
1075 620 1184 656 Rhet.
1211 619 1248 666 ³⁸,
1279 620 1382 668 quod

1410 696 1411 703 ι
1439 673 1563 709 ctione
1592 681 1721 710 autem
1750 673 1896 710 virtutis
1926 673 2106 721 contingit
2144 672 2249 722 quod
2283 672 2418 721 aliquis
2445 684 2512 708 v-e

309 671 449 707 horum
480 671 671 708 malorum
700 684 779 708 non
809 680 864 708 est
892 672 1017 709 timor.

361 723 447 761 Alia
466 732 596 761 autem
626 732 681 762 est
709 725 904 774 turpitudo
934 725 1041 774 quasi
1061 726 1252 774 poenalis:
1283 739 1382 774 quae
1410 767 1411 770 Ἰ

309 776 464 824 quidem
502 777 672 814 consistit
708 778 746 815 in
774 778 1054 830 vituperatione
1088 779 1259 826 alicuius,
1290 779 1411 817 sicut·

309 830 499 879 quaedam
523 831 670 869 claritas
698 832 840 880 gloriae
866 833 1034 869 consistit
1062 832 1101 869 in
1128 833 1382 870 honoratione

308 883 474 921 alicuius.
505 885 555 921 Et
574 885 663 933 quia
682 886 904 923 huiusmodi
923 886 1155 935 vituperium
1180 886 1296 923 habet
1325 899 1382 923 ra-

307 1151 418 1188 betur
444 1151 559 1197 vitio,
594 1153 690 1190 sicut
723 1153 850 1189 honor
882 1152 1028 1199 virtuti,
1059 1151 1146 1188 ideo
1183 1151 1296 1188 etiam
1337 1165 1382 1189 ex

308 1205 559 1252 consequenti
582 1205 817 1243 verecundia
846 1205 997 1254 respicit
1024 1204 1298 1253 turpitudinem
1328 1206 1383 1242 vi-

307 1257 458 1294 tiosam.
480 1258 604 1305 Unde,
621 1258 717 1295 sicut
733 1258 991 1307 Philosophus
1010 1257 1110 1304 dicit,
1127 1258 1163 1294 in
1182 1259 1211 1294 lI
1229 1258 1338 1295 Rhet.
1350 1258 1382 1306 ²¹²,

268 1342 276 1344 .
306 1309 584 1348 minushomo
612 1312 895 1348 verecundatur
916 1311 964 1349 de
985 1311 1196 1348 defectibus
1216 1311 1282 1359 qui
1303 1324 1382 1349 non

61 2117 75 2130 ⁸
86 2117 144 2146 Cup.
159 2123 192 2146 vn,
209 2123 231 2140 n.
247 2123 276 2140 ιη.

307 1375 352 1400 ex
382 1363 463 1401 eius
493 1365 604 1413 culpa
631 1365 875 1414 proveniunt.

360 1417 530 1466 Respicit
563 1426 692 1455 autem
719 1417 954 1455 verecundia
988 1418 1141 1466 culpam
1172 1417 1380 1466 dupliciter.
1410 1425 1412 1458 l

305 1471 393 1509 Uno
422 1471 557 1518 modo,
589 1479 628 1508 ut
656 1471 792 1520 aliquis
817 1471 964 1509 desinat
983 1470 1121 1508 vitiosa
1141 1483 1266 1519 agere,
1296 1483 1384 1519 pro-

305 1531 389 1574 pter
416 1524 595 1562 timorem
625 1525 814 1574 vituperii.
845 1525 932 1562 Alio
961 1524 1094 1572 modo,
1125 1533 1166 1561 ut
1194 1525 1314 1561 homo
1345 1525 1384 1562 in
1411 1520 1412 1566 ξ

306 1577 478 1627 turpibus
497 1590 597 1627 quae
616 1578 691 1627 agit
710 1579 803 1616 vitet
826 1578 1002 1628 publicos
1023 1586 1264 1627 conspectus,
1294 1591 1383 1627 pro-

304 1639 390 1682 pter
408 1631 587 1670 timorem
605 1632 795 1682 vituperii.
826 1632 1006 1679 Quorum
1036 1632 1218 1681 primum,
1249 1644 1384 1670 secun-

306 1900 627 1950 ingloriationem.

361 1955 422 1990 An
441 1966 580 1991 Palmum
595 1965 695 1991 ERGO
710 1965 897 1991 met-:NDUM
916 1952 1022 2001 quod
1042 1952 1276 1990 verecundia
1295 1965 1383 2001 pro-

2443 272 2511 317 143

1441 352 1643 399 virtutem,
1674 353 1866 390 virtuosus
1895 351 2053 411 quidem
2083 353 2313 398 contemnit,
2343 351 2431 400 quia
2462 351 2514 388 in-

1412 412 1413 445 ἶ
1441 405 1553 454 digne
1582 405 1653 442 sibi
1682 406 1912 454 irrogantur:
1943 405 2038 442 sicut
2067 405 2113 442 de
2143 404 2397 453 magnanimis
2426 405 2513 441 Phi-

1411 452 1625 508 flosophus
1660 460 1767 506 dicit,
1799 460 1836 496 in
1867 459 1918 496 1V
1942 459 2060 495 Ethic.
2086 458 2127 505 *3
2167 467 2202 495 et
2238 458 2285 495 de
2319 459 2513 507 Apostolis

1440 512 1574 549 dicitur
1601 513 1683 550 Act.
1711 525 1734 548 v
1752 512 1793 559 *,
1823 512 1929 561 quod
1967 513 2073 549 ibant
2102 513 2274 560 Apostoli
2304 512 2513 561 gaudentes

1438 577 1462 602 a
1492 572 1689 614 conspectu
1723 567 1901 612 Concilii,
1931 566 2112 619 quoniam
2145 566 2256 615 digni
2285 565 2403 602 hahiti
2428 571 2517 601 sunt

1438 631 1511 667 pro
1541 620 1693 656 nomine
1719 621 1806 656 Iesu
1835 612 2100 656 contumeliam
2124 620 2218 667 pati.
2249 619 2307 656 Ex
2335 618 2512 667 imperfe-

1439 726 1668 763 recundetur
1711 727 1757 763 de
1796 726 2013 786 opprobriis
2055 738 2155 775 quae
2193 726 2264 763 sibi
2301 726 2514 762 inferuntur

1438 787 1594 828 propter
1623 780 1820 816 virtutem:
1851 779 1940 828 quia
1969 788 2111 828 quanto
2142 780 2277 828 aliquis
2307 787 2363 816 est
2391 779 2510 827 magis

1437 833 1643 881 virtuosus,
1673 841 1777 870 tanto
1806 833 1925 881 magis
1955 833 2166 870 contemnit
2194 833 2380 870 exteriora
2410 833 2512 870 bona

1409 910 1411 938 J
1437 887 1500 922 vel
1529 887 1642 923 mala.
1682 887 1793 923 Unde
1827 886 1962 923 dicitur
1991 887 2110 924 Isaiae
2135 899 2168 923 L1
2192 886 2229 924 *τ
2259 887 2356 924 Noli
2381 887 2513 923 timere
2540 895 2549 904 ⁴
2589 900 2612 915 er

307 936 452 974 tionem
482 937 572 974 mali
601 939 731 986 ardui,
761 940 857 976 sicut
892 940 1018 976 honor
1050 939 1166 976 habet
1195 939 1382 977 rationem
1409 942 1411 976 Ξ

309 990 400 1027 boni
430 991 560 1038 ardui;
589 993 839 1040 verecundia,
870 1005 968 1041 quae
999 1000 1054 1029 est
1082 992 1197 1029 timor
1224 993 1381 1041 turpitu-
1409 981 1411 1023 i

308 1043 424 1091 dinis,
454 1044 580 1093 primo
615 1054 651 1083 et
685 1046 940 1095 principaliter
973 1045 1124 1094 respicit
1151 1045 1382 1094 vituperium
1410 1051 1411 1094 ζ

308 1109 376 1134 seu
396 1098 662 1147 opprobrium.
693 1100 742 1136 Et
769 1100 859 1147 quia
878 1098 1112 1147 vituperium
1141 1098 1296 1147 proprie
1316 1099 1380 1136 de·

1410 1157 1412 1171 ⁵
1438 1151 1615 1196 lentiam;
1646 1151 1695 1188 ita
1720 1151 1833 1188 etiarn
1851 1151 2099 1200 vituperium,
2121 1153 2298 1201 quamvis
2329 1154 2512 1190 debeatur

1439 940 1683 987 opprobrium
1712 940 1920 976 hominum.

1491 994 1550 1029 AD
1579 1004 1772 1029 SECUNDUM
1801 1004 1986 1029 DICENDUM
2020 993 2127 1040 quod
2160 993 2255 1030 sicut
2287 994 2434 1038 honor,
2472 1001 2512 1029 ut

1439 1045 1584 1093 supra*
1605 1045 1779 1082 habitum
1801 1053 1866 1091 est,
1889 1046 2065 1094 quamvis
2080 1051 2095 1073 Υ
2116 1058 2195 1083 non
2215 1047 2400 1084 debeatur
2418 1058 2511 1083 vere

1438 1098 1508 1135 nisi
1538 1098 1607 1135 soli
1634 1099 1781 1145 virtuti,
1812 1098 1963 1147 respicit
1999 1106 2130 1135 tamen
2166 1100 2361 1148 quandam
2392 1101 2511 1137 excel-

1438 1204 1590 1253 proprie
1610 1205 1679 1241 soli
1701 1206 1848 1253 culpae,
1880 1205 2031 1253 respicit
2058 1213 2199 1252 tamen,
2230 1206 2279 1243 ad
2309 1207 2434 1243 minus
2455 1219 2511 1243 se·

1411 1267 1412 1272 ¹
1439 1258 1608 1294 eundum
1639 1258 1863 1306 opinionem
1893 1258 2110 1305 hominum,
2136 1271 2421 1309 quemcumque
2448 1260 2511 1297 de·

1410 1333 1412 1365 3
1438 1311 1592 1347 fectum.
1623 1312 1672 1348 Et
1692 1311 1779 1349 ideo
1801 1311 1847 1348 de
1873 1319 2096 1360 paupertate
2131 1320 2167 1349 et
2191 1312 2423 1360 ignobilitate
2444 1311 2456 1334 δ
2479 1321 2514 1350 et

1410 1399 1412 1417 ἢ
1438 1364 1630 1411 servitute,
1653 1372 1689 1401 et
1709 1365 1789 1402 aliis
1808 1364 2044 1411 huiusmodi,
2065 1365 2198 1414 aliquis
2218 1367 2511 1404 verecundatur.

1490 1419 1549 1454 Ao
1569 1429 1731 1455 τεκτιυΜ
1751 1430 1937 1455 DICENDUM
1958 1419 2064 1466 quod
2094 1419 2142 1456 de
2167 1419 2348 1468 operibus
2367 1420 2512 1457 virtuo-

1439 1471 1488 1508 sis
1518 1471 1555 1508 in
1585 1483 1625 1508 se
1656 1471 1905 1509 consideratis
1934 1484 2013 1509 non
2048 1479 2103 1508 est
2135 1473 2379 1511 verecundia.
2412 1474 2514 1510 Con-

1437 1524 1544 1573 tingit
1572 1532 1701 1562 tamen
1731 1537 1800 1574 per
1820 1524 1999 1562 accidens
2023 1526 2128 1574 quod
2149 1526 2283 1575 aliquis
2304 1527 2352 1564 de
2373 1527 2426 1564 eis
2446 1540 2514 1564 ve-

1439 1578 1690 1616 recundetur:
1725 1580 1787 1616 vel
1820 1578 2049 1628 inquantum
2085 1579 2274 1617 habentur
2305 1588 2347 1617 ut
2377 1580 2515 1618 vitiosa

1411 1662 1412 1678 ὶ
1439 1633 1654 1670 secundum
1683 1633 1887 1669 hominum
1918 1632 2164 1681 opinionem;
2194 1634 2257 1670 vel
2286 1633 2512 1683 inquantum

272 1708 276 1712 ·
307 1686 402 1723 dum
428 1685 659 1734 Gregorium
680 1686 904 1734 Nyssenum
923 1685 954 1733 *‚
984 1685 1147 1735 pertinet
1175 1685 1225 1722 ad
1253 1687 1384 1723 erube·

303 1739 497 1786 scentiam,
528 1740 743 1778 secundum
773 1740 823 1777 ad
845 1740 1126 1777 verecundiam.
1161 1739 1274 1776 Unde
1302 1740 1384 1788 ipse
1410 1743 1412 1788 ζ

306 1793 395 1830 dicit
432 1794 538 1842 quod
574 1794 641 1842 qui
670 1794 969 1839 verecundatur,
999 1793 1163 1830 occultat
1192 1804 1232 1830 se
1261 1793 1298 1829 in
1326 1794 1384 1830 his
1410 1795 1412 1840 ξ

305 1858 404 1896 quae
435 1847 541 1897 agit:
578 1847 645 1896 qui
669 1859 761 1884 vero
789 1847 992 1893 erubescit,
1021 1847 1125 1883 timet
1150 1846 1316 1883 incidere
1342 1847 1381 1884 in
1409 1863 1411 1868 ¹

1439 1686 1559 1723 homo
1585 1686 1720 1734 refugit
1739 1686 1774 1723 in
1797 1686 1979 1735 operibus
1999 1686 2148 1724 virtutis
2168 1695 2299 1724 notam
2329 1689 2375 1725 de
2404 1700 2513 1737 prae-

1439 1739 1672 1788 sumptione,
1702 1748 1767 1776 aut
1796 1740 1908 1776 etiam
1940 1739 1986 1777 de
2016 1740 2272 1778 simulatione.

1491 1795 1552 1830 AD
1574 1804 1749 1835 QUARTUM
1769 1805 1955 1830 mcENDUM
1983 1794 2090 1842 quod
2110 1795 2346 1843 quandoque
2367 1795 2513 1832 contin-

1437 1845 1489 1894 git
1517 1845 1643 1894 aliqua
1670 1847 1849 1895 graviora
1877 1855 2034 1895 peccata
2062 1847 2191 1884 minus
2221 1860 2304 1884 esse
2328 1860 2513 1886 verecun-

1439 1899 1589 1946 dabilia,
1619 1901 1682 1937 vel
1711 1900 1800 1949 quia
1828 1900 1971 1937 habent
2000 1900 2127 1937 minus
2157 1901 2204 1938 de
2223 1901 2370 1939 ratione
2398 1902 2512 1952 turpi·

1438 1953 1599 1999 tudinis,
1629 1953 1725 1990 sicut
1759 1961 1917 2002 peccata
1945 1953 2151 2002 spiritualia
2180 1967 2298 2004 quam
2328 1956 2511 1993 carnalia:

304 2006 386 2057 prie
416 2007 568 2056 respicit
597 2007 904 2055 ingloriationem
938 2006 1152 2043 secundum
1182 2006 1288 2055 quod
1318 2007 1382 2043 de-
1409 2034 1411 2051 .
1436 2007 1500 2043 vel
1529 2007 1617 2056 quia
1646 2007 1685 2044 in
1713 2007 1884 2067 quodam
1914 2019 2072 2044 excessu
2100 2008 2322 2057 temporalis
2350 2009 2443 2046 boni
2472 2022 2513 2046 se

305 2061 417 2098 betur
436 2062 583 2110 culpae,
605 2073 704 2110 quae
725 2068 782 2098 est
801 2061 970 2098 defectus
989 2060 1242 2097 voluntarius.
1270 2060 1411 2097 Unde
1437 2061 1592 2107 habent,
1622 2061 1718 2098 sicut
1737 2061 1858 2109 magis
1877 2061 2159 2098 verecundatur
2187 2062 2308 2098 homo
2339 2062 2386 2099 de
2415 2063 2513 2100 timi-

305 2114 565 2164 Philosophus
594 2114 694 2162 dicit,
724 2114 762 2151 in
789 2115 820 2150 II
841 2115 950 2152 Rhet.
971 2113 1002 2161 ²¹¹,
1033 2114 1139 2161 quod
1168 2113 1297 2150 omnia
1318 2113 1382 2151 illa
1409 2112 1411 2149 l
1438 2113 1554 2150 ditate
1588 2126 1705 2162 quarn
1742 2115 1789 2151 de
1823 2114 2005 2161 audacia,
2037 2122 2073 2151 et
2106 2115 2153 2152 de
2183 2116 2281 2152 furto
2316 2128 2433 2164 quam
2463 2118 2510 2154 de

304 2169 419 2206 homo
439 2169 565 2219 magis
583 2168 863 2206 verecundatur
890 2179 1054 2216 quorum
1073 2168 1151 2216 ipse
1171 2173 1227 2204 est
1252 2178 1381 2204 causa.
1410 2185 1411 2192 ι

305 2222 528 2272 Opprobria
555 2229 683 2259 autem
721 2233 820 2270 quae
849 2221 1061 2258 inferuntur
1088 2220 1200 2257 alicui
1227 2228 1385 2269 propter

354 2355 382 2389 γ)
401 2354 533 2388 quamvis.
544 2367 563 2373 —
581 2354 620 2379 ita
639 2354 720 2379 etiam
740 2353 902 2386 vituperium
921 2353 1044 2386 quamvis
1063 2353 1201 2381 BEFKLa,
1221 2361 1276 2380 om.
1295 2354 1327 2378 A.

1438 2167 1581 2215 rapina,
1612 2175 1768 2216 propter
1797 2167 1992 2216 quandam
2022 2168 2191 2216 speciem
2221 2169 2428 2218 potestatis.
2465 2171 2514 2207 Et

1439 2220 1560 2257 simile
1591 2229 1646 2257 est
1674 2221 1713 2257 in
1742 2220 1833 2258 aliis.

1486 2352 1511 2385 ὃ)
1532 2353 1710 2386 tgnobilitate.
1723 2367 1744 2372 -
1761 2353 1929 2378 innobilitate
1948 2353 2058 2378 ACFIK.

979 2433 1318 2466 Commentaria
1340 2433 1594 2467 cardinalis
1616 2434 1822 2467 Caietam

260 2521 263 2524 ’
304 2526 351 2589 ΙΝ
375 2515 509 2546 articulo
526 2515 668 2545 secundo
685 2514 828 2545 eiusdem
853 2514 1060 2555 quaestionis,
1078 2515 1192 2555 collige
1212 2514 1379 2545 materiam

60 3178 70 3188 ⁸
85 3177 142 3205 Cap.
157 3182 190 3204 vt,
203 3182 225 3198 n.
236 3182 272 3203 24.

331 2559 540 2591 verecundiae
569 2559 733 2599 propriam
764 2569 831 2590 esse
854 2559 1065 2599 vituperium,
1092 2566 1123 2590 et
1146 2567 1379 2600 consequenter

301 2612 408 2635 actum
439 2611 567 2644 turpem
597 2604 647 2634 vel
676 2603 852 2634 defectum:
883 2604 1039 2644 quoniam
1070 2604 1243 2644 despicitur
1272 2604 1378 2644 primo

301 2650 411 2690 culpa;
436 2655 467 2679 et
491 2648 577 2688 apud
596 2648 755 2684 homines,
771 2647 913 2679 defectus
936 2648 1153 2688 ignobilitatis,
1182 2649 1379 2690 paupertatis

301 2701 332 2725 et
355 2693 553 2724 huiusmodi.
578 2693 743 2733 Vituperia
767 2700 875 2724 autem
899 2700 1029 2734 propter
1052 2693 1184 2725 virtutes
1214 2703 1281 2724 non
1305 2699 1381 2724 sunt
1404 2695 1407 2725 3

1431 2514 1563 2545 materia
1586 2515 1804 2551 verecundiae,
1822 2525 1904 2556 quae
1929 2523 1975 2546 est
1995 2515 2094 2546 timor
2115 2515 2298 2546 laudabilis:
2324 2517 2379 2547 sed
2402 2517 2511 2556 potius

1431 2559 1555 2590 timoris
1578 2559 1806 2600 vituperabilis,
1823 2561 1879 2601 qui
1904 2570 1970 2590 non
1987 2559 2182 2600 significatur
2205 2561 2337 2591 nomine
2360 2571 2511 2592 verecun-

1431 2604 1512 2640 diae,
1536 2611 1572 2634 ut
1595 2612 1681 2644 patet
1706 2605 1731 2635 ll
1755 2605 1860 2636 Ethic.
1876 2605 1909 2641 *‚
1938 2605 1991 2635 ubi
2015 2605 2205 2635 verecundia
2236 2605 2317 2636 inter
2339 2605 2510 2636 laudabilia
2538 2606 2547 2614 ⁴

1433 2658 1507 2679 corn
1533 2655 1651 2680 utatur.

1488 2659 1530 2724 ΕΞ
1543 2693 1621 2724 haec
1634 2693 1792 2725 sufficiant
1809 2704 1867 2734 pro
1883 2693 2090 2734 sequentibus
2103 2694 2198 2724 etiarn
2216 2694 2343 2724 duobus
2360 2694 2509 2726 articulis.

1110 2866 1433 2908 ARTICULUS
1462 2866 1693 2908 TERTIUS

688 2959 845 2990 UTRUM
870 2958 1001 2990 HOMO
1025 2958 1158 2990 MAG1s
1182 2959 1542 2992 VERECUNDETUR
1565 2963 1594 2991 A
1619 2959 1825 2991 PERsoNJs
1850 2959 2116 2991 CONIUNCTlS

470 3092 636 3151 homo
663 3126 742 3151 non
761 3113 882 3173 magis
903 3118 920 3134 ‘²
948 3113 1231 3150 verecundetur
1250 3125 1271 3149 a
1290 3125 1375 3162 per-

320 3198 340 3225 ί·
356 3188 479 3261 fit&
471 3213 485 3241 N

335 3158 364 3211 γ’
380 3184 438 3210 v
440 3147 481 3209 ’ἓ
515 3167 619 3205 sonis
635 3167 856 3204 coniunctis.
871 3166 1017 3204 Dicitur
1033 3166 1134 3203 enim
1150 3166 1230 3203 inIl
1243 3166 1402 3204 ΕΜΔ*
1401 3164 1403 3185 ³

415 3081 447 3102 ι
450 3084 487 3125 «
514 3073 538 3098 ι)
556 3071 719 3098 manum
739 3071 793 3097 Slc
812 3071 1056 3096 PROCEm'rUR.
1086 3059 1246 3096 Videtur
1269 3059 1375 3108 quod
1401 3059 1404 3091 ί
1432 3060 1479 3097 cti
1509 3061 1574 3109 qui
1602 3068 1690 3097 sunt
1718 3059 1899 3097 similium
1938 3072 2112 3109 operum.
2153 3061 2229 3097 Sed
2267 3061 2387 3097 homo
2426 3072 2503 3097 non

1401 3098 1403 3135 }
1431 3113 1620 3151 erubescit
1648 3114 1695 3150 de
1724 3126 1794 3150 suo
1823 3121 1982 3162 peccato
2011 3114 2059 3150 ab
2088 3113 2147 3150 his
2175 3126 2274 3161 quos
2303 3113 2372 3150 scit
2393 3113 2503 3150 simili

1429 3175 1588 3216 peccato
1609 3167 1825 3204 subiacere:
1857 3167 1947 3215 quia
1967 3167 2064 3204 sicut
2088 3166 2250 3203 dicitur
2242 3179 2279 3204 in
2301 3168 2332 3203 II
2349 3168 2458 3204 Rhet.
2470 3166 2501 3215 *,

486 3222 619 3271 quod
648 3221 819 3258 homines
845 3221 972 3270 magis
993 3220 1217 3257 erubescunt
1233 3220 1283 3256 ab
1303 3220 1375 3257 illis
1401 3221 1402 3258 3
1429 3231 1528 3268 quae
1562 3221 1646 3268 quis
1683 3221 1761 3269 ipse
1785 3221 1907 3268 facit,
1937 3221 2030 3257 haec
2059 3221 2252 3268 proximis
2287 3232 2362 3258 non
2392 3226 2501 3258 vetat.

301 3285 326 3310 a
355 3273 489 3321 quibus
514 3275 648 3312 volunt
673 3275 711 3311 in
740 3274 992 3311 admiratione
1018 3274 1161 3310 haberi.
1193 3273 1270 3310 Sed
1299 3274 1375 3310 hoc
1400 3290 1402 3320 g
1429 3274 1532 3333 Ergo
1561 3274 1682 3310 homo
1716 3285 1796 3310 non
1825 3273 1945 3322 magis
1972 3273 2255 3311 verecundatur
2283 3286 2305 3310 a
2334 3274 2501 3311 maxime

302 3326 467 3364 maxime
499 3328 642 3376 appetit
677 3329 797 3365 homo
827 3340 849 3365 a
877 3327 1121 3374 melioribus,
1152 3327 1216 3376 qui
1254 3339 1374 3376 quan-

303 3379 430 3439 doque
451 3392 530 3417 non
549 3389 637 3418 sunt
655 3382 774 3430 magis
795 3381 999 3419 coniuncti.
1029 3382 1133 3429 Ergo
1153 3381 1273 3418 horno
1294 3393 1373 3417 non
1400 3398 1401 3423 i

302 3433 424 3481 magis
454 3434 642 3470 erubescit
670 3434 717 3472 de
746 3435 868 3483 magis
897 3434 1120 3472 coniunctis.

358 3499 393 3524 2.
423 3487 658 3533 PRAETEREA‚
679 3487 728 3524 illi
746 3488 925 3526 videntur
953 3501 1036 3526 esse
1065 3488 1186 3536 magis
1216 3487 1373 3524 coniun-

1400 3345 1402 3362 ξ
1430 3327 1653 3364 coniunctis.

1485 3382 1520 3417 3.
1550 3381 1787 3427 PRAETEREA,
1816 3380 2073 3429 Philosophus
2103 3380 2201 3428 dicit,
2223 3380 2262 3418 in
2287 3382 2318 3417 ΙΙ
2339 3382 2448 3418 Rhet.
2469 3381 2500 3428 ²¹²,

1400 3434 1534 3489 quod
1562 3435 1675 3471 homo
1704 3434 1830 3483 magis
1857 3434 2135 3471 verecundatur
2162 3435 2211 3471 ab
2238 3434 2296 3471 his
2323 3435 2390 3483 qui
2410 3447 2501 3483 pro-

1400 3482 1560 3537 palant
1585 3487 1710 3524 multis
1737 3488 1839 3536 quod
1863 3487 2003 3533 sciunt,
2031 3488 2128 3525 sicut
2152 3494 2241 3525 sunt
2267 3489 2440 3525 irrisores
2468 3495 2501 3524 et

355 3620 383 3653 α)
404 3627 455 3645 non
475 3620 570 3653 magis.
583 3635 601 3639 -
619 3620 708 3653 magis
731 3627 784 3645 non
803 3620 922 3652 EHIKL,
942 3629 995 3646 non
1015 3622 1103 3655 magis
1128 3629 1180 3647 non
1204 3621 1255 3646 BF.
1269 3635 1288 3640 -
1306 3622 1374 3646 Ante
1392 3621 1541 3647 coniunctis
1560 3621 1579 3645 P
1599 3621 1669 3646 addit
1688 3621 1785 3654 magis.

2542 466 2683 546 §cxliii
2639 493 2658 514 le
2660 474 2694 514 ci
2707 500 2737 515 ix.

2532 3178 2542 3187 ⁸
2556 3177 2623 3203 Ibid„
2640 3183 2662 3198 n.
2678 3184 2708 3205 ¹9-

2530 3391 2538 3398 ⁸
2553 3390 2619 3413 lbid..
2636 3397 2649 3411 n
2677 3396 2712 3411 20.
