2768 4198
206 849 264 864 *¹0¹⁵-
295 839 440 875 mortis.
473 840 574 887 Quia
603 851 720 888 super
748 838 839 875 illud
869 838 1014 875 Psalmi
1034 838 1076 884 ⁸⁸,
1105 837 1218 874 Beati
1244 850 1375 874 omnes

183 3200 258 3220 um,
287 3188 440 3237 supra*
468 3188 643 3225 habitum
684 3196 750 3225 est.
787 3189 889 3236 Ergo
927 3187 1044 3225 timor
1082 3200 1161 3225 non
1196 3195 1252 3225 est
1278 3199 1367 3237 pec-

256 1119 262 1125 ·
292 1105 429 1143 Glossa
449 1106 469 1128 '¹‘
497 1107 603 1156 quod
641 1107 774 1156 triplex
813 1115 868 1144 est
903 1108 1028 1144 malus
1066 1106 1203 1152 timor,
1233 1106 1374 1143 scilicet
1399 1127 1401 1132 ·

254 3478 259 3484 -
288 3455 438 3492 dolosus
467 3461 519 3492 est
547 3463 635 3501 etc.,
666 3456 755 3493 dicit
784 3457 921 3493 Glossa
940 3456 960 3478 *
989 3456 1095 3504 quod
1129 3456 1280 3492 timidus
1312 3462 1366 3492 est

939 281 1208 328 QUAEsrio
1240 278 1399 326 cxxv,

1433 280 1735 317 ARTICULUS
1765 281 1810 327 11,
1832 282 1881 318 111

1088 387 1409 430 ARTICULUS
1439 387 1744 432 SECUNDUS

795 483 951 515 UTRUM
975 481 1216 538 PaccATuM
1241 480 1422 512 Tmolus
1446 480 1716 514 OPPONATUR
1739 484 2028 522 FORTlTUDJNl

330 591 391 621 χῷ»
418 598 487 621 JK»
511 588 533 612 D
553 586 745 612 SECUNDUM
760 585 813 609 sm
830 582 1073 608 pnocamrun.
1093 570 1254 607 Videtur
1269 570 1375 618 quod
1401 601 1403 617 ‹

327 605 486 677 {5553}
511 635 710 677 peccatum
740 625 886 662 timoris
916 636 994 661 non
1025 632 1246 673 opponatur
1271 624 1376 660 forti·
1401 643 1403 664 ;

313 664 641 724 ⁴fsxr'tudini.
664 679 862 716 Fortitudo
886 678 988 714 enim
1011 685 1068 714 est
1087 678 1186 714 circa
1206 677 1375 726 pericula
1401 672 1403 723 ξ

324 732 327 735 ’
352 710 449 770 (Ἀθ)
465 726 497 769 N
510 734 653 778 mortis,
670 740 710 769 ut
730 744 846 780 supra
861 731 881 753 ’¹‘
900 731 1074 768 habitum
1097 739 1164 768 est.
1188 730 1264 768 Sed
1287 742 1375 780 pec-
1400 725 1403 768 l

296 795 421 822 catum
453 787 600 823 timoris
630 798 706 822 non
736 797 890 833 semper
927 785 1090 834 pertinet
1119 785 1166 821 ad
1205 784 1374 833 pericula
1399 815 1402 835 Ι

293 893 360 940 qui
386 892 516 929 timent
532 893 756 937 Dominum,
788 892 877 929 dicit
906 893 1045 930 Glossa
1064 891 1084 913 '¹‘
1113 891 1218 940 quod
1238 892 1374 928 huma·
1399 887 1402 924 l

293 958 363 982 nus
391 946 504 982 timor
531 952 585 983 est
611 958 686 994 quo
715 946 891 983 timemus
924 946 1009 994 pati
1027 945 1204 994 pericula
1233 945 1373 991 carnis,
1400 964 1401 995 i

291 999 351 1035 vel
372 1000 535 1046 perdere
568 999 702 1036 mundi
728 1001 841 1036 bona.
883 1000 931 1036 Et
960 1011 1076 1048 super
1105 998 1196 1035 illud
1236 999 1372 1035 Matth.

291 1064 373 1088 xxvi
394 1052 424 1097 ²⁸,
461 1054 594 1090 Oravit
611 1053 718 1090 tertio
745 1054 906 1090 eundem
931 1065 1147 1090 sermonem
1169 1059 1254 1096 etc.,
1284 1052 1375 1089 dicit
1399 1052 1401 1088 ζ

290 1159 404 1195 timor
423 1161 566 1207 mortis,
583 1161 697 1197 timor
715 1161 879 1206 vilitatis,
900 1166 936 1197 et
962 1161 1077 1197 timor
1095 1159 1249 1197 doloris.
1279 1158 1372 1196 Non
1398 1163 1401 1211 l

290 1225 380 1261 ergo
400 1223 603 1263 peccatum
633 1214 779 1251 timoris
801 1214 1011 1263 opponitur
1034 1213 1255 1251 fortitudini.

345 1278 379 1304 2.
402 1269 638 1314 PRAETEREA,
657 1269 908 1318 praecipuum
938 1269 1044 1316 quod
1075 1266 1374 1304 commendatur

289 1320 326 1357 in
358 1321 576 1360 fortitudine
607 1330 663 1359 est
691 1324 796 1371 quod
818 1322 975 1371 exponit
1003 1334 1043 1358 se
1064 1321 1240 1371 periculis
1270 1333 1373 1358 mor·
1398 1317 1400 1324 '

288 1375 347 1411 tis.
388 1377 465 1414 Sed
495 1376 732 1426 quandoque
766 1377 902 1425 aliquis
931 1388 977 1412 ex
1005 1375 1144 1412 timore
1179 1374 1372 1412 servitutis
1398 1377 1400 1427 ζ

288 1429 351 1466 vel
380 1431 615 1479 ignominiae
646 1429 801 1479 exponit
829 1443 869 1467 se
899 1429 1035 1466 morti:
1067 1429 1163 1466 sicut
1191 1428 1372 1477 Augusti-

289 1495 375 1530 nus,
405 1485 478 1522 inI
508 1485 555 1522 de
587 1484 667 1521 Civ.
698 1484 774 1521 Dei
790 1483 825 1530 *,
857 1491 985 1521 narrat
1014 1484 1061 1520 de
1092 1483 1260 1530 Catone,
1291 1483 1371 1532 qui,

289 1546 329 1575 ut
358 1551 436 1576 non
466 1538 674 1576 incurreret
709 1538 882 1575 Caesaris
911 1537 1155 1584 servitutem,
1186 1537 1302 1574 morti
1331 1549 1372 1574 se

288 1592 453 1630 tradidit.
493 1593 597 1641 Ergo
626 1600 829 1641 peccatum
871 1591 1019 1629 timoris
1053 1603 1132 1628 non
1162 1591 1374 1640 opponitur

288 1646 519 1694 fortitudini,
549 1646 619 1684 sed
651 1646 772 1695 magis
807 1646 925 1684 habet
961 1644 1252 1683 similitudinem
1282 1658 1371 1682 cum

288 1701 383 1750 ipsa.

345 1756 378 1792 3.
409 1755 655 1800 PRAETEREA,
687 1753 815 1791 omnis
845 1753 1063 1802 desperatio
1094 1764 1139 1789 ex
1170 1751 1300 1801 aliquo
1330 1753 1372 1789 ti-
1398 1753 1400 1803 ξ

288 1821 397 1845 more
436 1808 620 1858 procedit.
671 1807 748 1845 Sed
790 1806 1007 1855 desperatio
1046 1818 1125 1842 non
1163 1805 1400 1856 opponitur}

287 1862 522 1908 fortitudini,
553 1862 620 1898 sed
660 1860 781 1909 magis
810 1860 913 1909 spei,
944 1867 984 1896 ut
1013 1871 1129 1908 supra
1147 1858 1169 1881 '⁸'
1195 1860 1371 1898 habitum
1398 1864 1400 1906 i

288 1925 354 1953 est.
386 1916 488 1964 Ergo
519 1927 645 1964 neque
674 1913 822 1952 timoris
843 1921 1045 1963 peccatum
1068 1914 1278 1962 opponitur
1298 1915 1372 1952 for-

286 1969 448 2008 titudini.
1398 2004 1400 2022 ³

341 2024 416 2061 SED
447 2034 595 2060 CONTRA
625 2034 691 2059 asr
729 2021 836 2071 quod
875 2020 1148 2070 philosophus,
1180 2020 1217 2058 in
1241 2021 1308 2058 ΙΙ*
1337 2031 1372 2060 et
1398 2046 1400 2075 5

139 2061 222 2130 {⁸⁰1¹
240 2092 258 2102 ··
288 2079 336 2115 111
361 2078 381 2100 ’¹‘
408 2077 552 2123 Ethic.,
582 2075 823 2114 timiditatem
859 2075 969 2125 ponit
1003 2074 1213 2112 fortitudini
1250 2088 1373 2126 oppo-
1398 2086 1400 2091 ·

1398 2130 1400 2149 ³
1424 2129 1612 2181 procedit.
1641 2129 1735 2167 Non
1764 2137 1894 2167 autem
1924 2137 2078 2179 oportet
2097 2130 2202 2180 quod
2222 2133 2416 2181 quaelibet
2443 2134 2509 2174 de-

287 2140 413 2169 sitam.

343 2187 570 2222 Respoumzo
594 2195 781 2222 mcermum
806 2184 926 2232 quod,
956 2182 1053 2220 sicut
1081 2195 1198 2232 supra
1218 2183 1238 2205 *
1266 2184 1373 2221 habi·
1399 2215 1400 2224 ,

190 2223 259 2240 ’ω’
287 2248 370 2277 tum
401 2248 468 2285 est,
489 2238 617 2275 omnis
646 2237 763 2275 timor
792 2250 837 2274 ex
857 2249 991 2274 amore
1021 2237 1215 2286 procedit:
1246 2238 1373 2275 nullus
1398 2227 1400 2280 l

288 2293 392 2331 enim
412 2294 521 2330 timet
537 2292 609 2330 nisi
630 2291 864 2329 contrarium
883 2290 963 2327 eius
984 2290 1090 2340 quod
1113 2299 1229 2328 amat.
1250 2293 1374 2329 Amor
1398 2293 1401 2342 l

287 2357 417 2385 autem
447 2360 526 2384 non
566 2345 843 2384 determinatur
878 2344 927 2382 ad
956 2344 1115 2394 aliquod
1150 2357 1273 2393 genus
1301 2345 1374 2382 vir·
1399 2344 1401 2383 l

287 2402 375 2439 tutis
403 2403 467 2438 vel
495 2399 595 2448 vitii,
625 2401 693 2438 sed
723 2412 835 2437 amor
864 2399 1064 2437 ordinatus
1102 2398 1308 2436 includitur
1337 2399 1374 2436 in
1399 2388 1401 2435 l

287 2455 458 2506 qualibet
490 2454 653 2500 virtute,
692 2453 852 2503 quilibet
891 2453 992 2490 enim
1031 2452 1230 2490 virtuosus
1272 2461 1375 2490 amat

341 2573 367 2603 α)
388 2570 550 2603 cupidinem.
562 2583 582 2589 -
599 2569 775 2601 cupiditatem
796 2567 875 2598 CHK,
896 2567 1093 2600 turpitudinem
1109 2569 1139 2598 L,
1152 2568 1304 2601 captionem
1318 2568 1365 2593 Pa.
1392 2570 1395 2583 ἴ

341 2607 365 2640 β)
386 2606 465 2639 quod.
479 2619 497 2625 —
516 2607 584 2631 Ante
594 2606 705 2631 alterum
715 2605 784 2631 sicut
794 2609 895 2637 ponunt
905 2604 982 2636 ΑΒΕ,
992 2610 1106 2637 utroque
1117 2604 1176 2629 loco
1187 2604 1295 2629 DFt-tsc
1304 2609 1330 2630 et
1338 2611 1366 2630 a.
1392 2622 1394 2635 ζ

1431 571 1632 620 proprium
1672 573 1820 610 bonum
1855 574 2026 621 virtutis;
2064 587 2175 612 amor
2213 583 2340 613 autem
2369 577 2511 615 inordi-

1431 632 1544 662 natus
1571 625 1778 663 includitur
1805 627 1844 664 in
1878 628 2050 677 quolibet
2085 637 2262 678 peccato,
2294 642 2338 667 ex
2376 643 2511 667 amore

1430 677 1534 714 enim
1576 678 1795 717 inordinato
1837 682 2012 729 procedit
2054 682 2268 720 inordinata
2311 684 2509 733 cupiditas.

1429 731 1542 769 Unde
1581 732 1751 769 similiter
1792 733 2032 772 inordinatus
2074 736 2190 774 timor
2232 737 2435 775 includitur
2472 738 2512 775 in

1429 785 1603 833 quolibet
1630 793 1812 834 peccato:
1843 788 1941 825 sicut
1964 801 2104 826 avarus
2123 789 2232 827 timet
2259 791 2510 829 amissionem

1428 838 1629 887 pecuniae,
1650 839 1925 888 intemperatus
1953 842 2204 880 amissionem
2232 845 2453 894 voluptatis,
2476 853 2512 882 et

1428 891 1483 928 sic
1513 892 1561 929 de
1590 892 1682 930 aliis.
1723 893 1802 930 Sed
1829 893 1946 932 timor
1973 895 2203 945 praecipuus
2237 905 2293 935 est
2320 899 2510 948 periculo-

1400 996 1401 999 Ἴ
1429 958 1515 982 rum
1537 946 1683 994 mortis,
1706 953 1747 983 ut
1764 948 1952 996 probatur
1970 948 2008 985 in
2029 949 2079 985 III
2098 949 2220 987 Ethic.
2239 950 2261 972 *
2280 952 2330 988 Et
2348 951 2437 990 ideo
2456 961 2511 990 ta·
2538 966 2549 977 ·

1400 1001 1401 1007 ’
1427 999 1471 1036 lis
1500 999 1650 1037 timoris
1679 1000 1911 1038 inordinatio
1938 1001 2148 1051 opponitur
2166 1003 2386 1053 fortitudini,
2411 1018 2510 1056 quae
2558 1009 2563 1014 '

1428 1062 1484 1090 est
1522 1053 1622 1090 circa
1655 1054 1827 1103 pericula
1854 1055 2001 1092 mortis.
2038 1055 2088 1092 Et
2114 1065 2274 1106 propter
2299 1059 2376 1095 hoc
2403 1068 2510 1097 anto-

1427 1108 1641 1144 nomastice
1671 1107 1807 1146 dicitur
1834 1108 2017 1146 timiditas
2046 1109 2254 1148 fortitudini
2283 1112 2441 1161 opponi.

1479 1162 1541 1198 An
1559 1172 1699 1199 ramum
1719 1174 1820 1199 ERGO
1844 1174 2034 1200 mCENDuM
2063 1164 2169 1212 quod
2194 1165 2440 1203 auctoritates
2469 1166 2510 1204 il·

1425 1215 1485 1252 lae
1514 1216 1724 1265 loquuntur
1753 1216 1800 1253 de
1829 1216 1968 1253 timore
1997 1216 2214 1254 inordinato
2253 1219 2512 1258 communiter

1425 1277 1596 1318 sumpto,
1627 1269 1693 1318 qui
1723 1269 1883 1307 diversis
1912 1270 2117 1307 virtutibus
2142 1272 2289 1320 opponi
2318 1281 2455 1322 potest.

1479 1325 1539 1360 An
1559 1335 1753 1361 SECUNDUM
1773 1335 1962 1361 DlCENDUM
1979 1324 2085 1373 quod
2101 1333 2208 1362 actus
2223 1325 2384 1364 humani
2403 1339 2511 1376 prae-

1426 1377 1538 1427 cipue
1569 1377 1825 1415 diiudicantur
1859 1389 1905 1414 ex
1932 1377 2032 1424 fine,
2061 1386 2104 1415 ut
2136 1391 2182 1416 ex
2211 1391 2327 1429 supra
2346 1380 2367 1402 '⁸‘
2402 1380 2511 1419 dictis

1425 1438 1542 1480 patet.
1576 1431 1638 1469 Ad
1667 1431 1806 1468 fortem
1835 1438 1965 1468 autem
2003 1433 2167 1480 pertinet
2196 1440 2236 1470 ut
2264 1445 2305 1471 se
2343 1442 2512 1484 exponat

1425 1485 1604 1535 periculis
1632 1484 1766 1522 mortis
1795 1491 1952 1534 propter
1979 1486 2146 1523 bonum:
2177 1485 2245 1524 sed
2279 1486 2342 1526 ille
2369 1487 2436 1537 qui
2468 1501 2509 1527 se

1424 1538 1603 1589 periculis
1632 1538 1766 1576 mortis
1796 1538 1952 1588 exponit
1978 1546 2020 1576 ut
2048 1539 2165 1589 fugiat
2194 1541 2418 1580 servitutem
2445 1544 2510 1582 vel

1425 1593 1569 1643 aliquid
1597 1592 1854 1640 laboriosum,
1884 1605 1906 1630 a
1935 1592 2074 1631 timore
2101 1593 2283 1643 vincitur,
2314 1596 2421 1644 quod
2455 1605 2512 1635 est

1398 1646 1636 1696 zfortitudini
1671 1645 1918 1684 contrarium.
1958 1647 2071 1684 Unde
2108 1646 2369 1699 Philosophus
2406 1649 2508 1699 dicit,

1398 1697 1400 1727 ἕ
1426 1701 1464 1738 in
1486 1701 1535 1737 Ill
1564 1700 1687 1737 Ethic.
1707 1699 1739 1746 ²¹⁸,
1771 1699 1877 1749 quod
1901 1701 2005 1738 mori
2017 1701 2240 1751 fugientem
2259 1703 2430 1752 inopiam
2447 1705 2511 1743 vel
2538 1718 2546 1724 ·

1426 1754 1640 1804 cupidinem
1661 1758 1678 1775 ⁴²
1706 1753 1767 1790 vel
1794 1754 1940 1803 aliquid
1965 1754 2079 1801 triste,
2109 1766 2184 1793 non
2213 1761 2269 1793 est
2281 1758 2415 1806 sortis,
2443 1759 2511 1797 sed

1426 1808 1554 1858 magis
1582 1807 1722 1844 timidi:
1753 1807 1926 1845 mollities
1944 1808 2045 1845 enim
2065 1813 2120 1845 est
2131 1809 2283 1860 fugere
2301 1810 2506 1851 laboriosa.

1479 1863 1539 1898 Aa
1567 1871 1731 1898 Tannum
1760 1872 1947 1899 mci-:noun
1966 1861 2073 1912 quod
2093 1859 2120 1910 θ,
2150 1861 2249 1900 sicut
2267 1875 2384 1914 supra
2402 1864 2424 1888 ³
2453 1866 2508 1904 di-

1398 1914 1400 1921 ⁴
1426 1923 1529 1952 ctum
1561 1921 1630 1960 est,
1651 1913 1749 1951 sicut
1776 1926 1865 1963 spes
1895 1922 1951 1952 est
1977 1914 2209 1965 principIum
2238 1916 2437 1967 audaciae,
2458 1918 2508 1960 ita

1398 1989 1400 1998 ι
1425 1969 1541 2006 timor
1560 1975 1617 2005 est
1636 1967 1867 2017 principium
1893 1967 2180 2017 desperationis.
2210 1969 2324 2008 Unde
2343 1973 2441 2011 sicut
2458 1974 2509 2013 ad

1425 2023 1579 2068 fortem,
1600 2021 1667 2070 qui
1694 2021 1811 2059 utitur
1834 2021 1996 2059 audacia
2021 2021 2234 2070 moderate,
2254 2025 2510 2076 praeexigitur

1426 2088 1526 2126 spes,
1557 2076 1606 2113 ita
1636 2088 1657 2112 e
1687 2087 1878 2113 converso
1910 2074 2126 2125 desperatio
2148 2089 2194 2114 ex
2213 2077 2341 2127 aliquo
2370 2079 2508 2120 timore

1426 2183 1592 2234 speratio
1622 2183 1807 2232 procedat
1836 2195 1881 2221 ex
1911 2183 2082 2233 quolibet
2110 2183 2261 2233 timore,
2287 2187 2357 2226 sed
2386 2200 2431 2226 ex
2461 2195 2508 2228 eo

1427 2237 1492 2288 qui
1521 2244 1577 2274 est
1605 2237 1663 2274 sui
1692 2236 1853 2286 generis.
1890 2238 2121 2286 Desperatio
2149 2247 2280 2277 autem
2310 2234 2508 2294 quae'op-

1426 2291 1583 2342 ponitur
1611 2290 1705 2340 spei,
1736 2291 1785 2329 ad
1813 2290 1916 2328 aliud
1945 2303 2067 2340 genus
2096 2292 2268 2342 refertur,
2298 2295 2440 2334 scilicet
2457 2298 2507 2336 ad

1427 2358 1488 2383 res
1513 2344 1676 2392 divinas,
1697 2356 1816 2394 quam
1836 2343 1953 2382 timor
1972 2345 2038 2394 qui
2058 2345 2267 2396 opponitur
2287 2348 2506 2395 fortitudini,

1426 2398 1491 2448 qui
1510 2397 1673 2448 pertinet
1692 2403 1708 2426 Υ
1737 2397 1785 2436 ad
1805 2397 1975 2447 pericula
2004 2399 2149 2438 mortis.
2179 2400 2292 2439 Unde
2314 2402 2408 2441 ratio
2428 2417 2507 2444 non

1426 2460 1611 2503 sequitur.

1476 2568 1502 2602 γ)
1522 2575 1603 2602 quam
1623 2567 1734 2594 timor...
1752 2567 1800 2601 qut·
1821 2567 1983 2600 pertinet.-
2000 2575 2080 2601 quam
2107 2568 2215 2594 timor...
2235 2577 2303 2603 quae
2324 2573 2445 2604 pertinet
2464 2574 2507 2603 Bc

1422 2604 1511 2635 EHIL,
1531 2604 1616 2630 timor
1632 2606 1752 2630 autem...
1767 2603 1888 2636 pertinet
1910 2603 1939 2629 P.
2461 2606 2468 2618 ι’

1097 2733 1420 2776 ARTlcutus
1448 2707 1683 2777 TER'Ttus

931 2827 1089 2858 UTRUM
1113 2826 1255 2859 TlMOR
1280 2827 1348 2859 SIT
1372 2826 1614 2859 PECCATUM
1640 2826 1854 2858 MORTALE

325 2935 379 2968 ‘fs-¹
409 2940 476 2980 fl«
499 2931 522 2956 D
548 2929 711 2955 TER‘HUM
736 2929 790 2954 sm
816 2928 1060 2955 PRocamrua.
1086 2917 1247 2955 Videtur
1263 2917 1370 2967 quod

330 2968 368 3024 'ss'
383 2980 405 3018 t.
423 2970 471 3031 ²3¹}
500 2972 615 3010 timor
635 2983 713 3008 non
734 2971 780 3008 sit
800 2979 1003 3021 peccatum
1024 2973 1199 3009 mortale.
1231 2971 1371 3009 Timor

308 3058 327 3070 .,
347 3024 352 3030 ‘
372 3022 426 3066 ‘n
450 3030 470 3065 (z
487 3022 617 3073 enirn,
640 3033 680 3062 ut
708 3037 824 3075 supra
843 3025 863 3047 *
892 3025 1037 3063 dictum
1057 3033 1125 3072 est,
1147 3034 1203 3063 est
1230 3025 1268 3063 in
1298 3026 1369 3063 ira·

296 3091 303 3100 '
349 3072 442 3106 -'''³'¹·'¹
460 3071 633 3126 scibili,
663 3091 763 3128 quae
794 3087 849 3117 est
877 3091 965 3128 pars
994 3079 1258 3117 sensualitatis.
1290 3080 1368 3117 Sed

287 3135 324 3172 in
353 3134 598 3172 sensualitate
629 3141 685 3170 est
713 3142 862 3171 tantum
892 3141 1095 3183 peccatum
1125 3134 1297 3179 veniale,
1327 3142 1370 3171 ut

289 3250 415 3279 catum
444 3242 617 3279 mortale.

344 3307 378 3332 2.
409 3296 650 3343 ΡκΑΕτΕκΕΑ,
682 3308 799 3332 omne
838 3303 1040 3345 peccatum
1081 3295 1241 3332 mortale
1271 3302 1366 3332 tota-

289 3349 368 3385 liter
406 3361 473 3385 cor
509 3350 644 3386 avertit
673 3362 694 3386 a
728 3351 827 3387 Deo.
868 3350 955 3386 Hoc
993 3357 1122 3386 autern
1162 3361 1239 3386 non
1278 3348 1393 3386 facit·

288 3401 419 3438 timor:
455 3402 544 3450 quia
578 3415 692 3451 super
721 3403 810 3440 illud
840 3403 959 3440 Iudic.
988 3415 1035 3439 vu
1059 3402 1096 3449 *‚
1131 3402 1207 3444 Qui
1220 3403 1365 3451 formi-

287 3509 354 3558 qui
360 3508 489 3557 primo
509 3514 659 3557 aspectu
679 3521 924 3559 congressum
949 3509 1120 3558 trepidat,
1142 3521 1216 3546 non
1238 3514 1362 3545 tamen
1389 3505 1391 3517 ¹

342 3631 369 3663 α)
389 3631 521 3663 opibus.-
541 3630 665 3663 operibus
685 3630 827 3655 PEHKLa.

1423 2918 1538 2954 corde
1552 2923 1726 2964 terretur,
1741 2917 1808 2954 sed
1820 2917 1999 2966 reparari
2015 2923 2049 2954 et
2067 2918 2238 2956 animari
2243 2924 2378 2968 potest.
2400 2921 2502 2970 Ergo

1422 2970 1540 3008 timor
1568 2983 1647 3008 non
1677 2980 1735 3008 est
1761 2978 1966 3021 peccatum
1995 2971 2169 3009 mortale.

1478 3026 1513 3063 3.
1542 3026 1788 3073 PRAETEREA,
1824 3032 2028 3074 peccatum
2064 3026 2226 3063 mortale
2259 3037 2340 3064 non
2373 3028 2500 3066 solum

1422 3080 1577 3117 retrahit
1595 3092 1618 3116 a
1638 3079 1885 3128 perfectione,
1906 3078 1975 3117 sed
1996 3078 2111 3117 etiarn
2131 3091 2153 3117 a
2171 3088 2392 3130 praecepto.
2423 3082 2501 3120 Sed

1422 3133 1538 3171 timor
1567 3146 1645 3171 non
1671 3133 1826 3170 retrahit
1844 3145 1866 3170 a
1886 3141 2106 3183 praecepto,
2127 3133 2195 3171 sed
2225 3134 2352 3171 solum
2373 3147 2395 3172 a
2415 3147 2501 3184 per-

1421 3186 1608 3224 fectione:
1646 3186 1737 3236 quia
1775 3198 1890 3237 super
1923 3186 2014 3224 illud
2042 3187 2154 3224 Deut.
2183 3198 2231 3224 xx
2250 3186 2290 3234 ¹⁸⁸,
2325 3188 2417 3230 Quis
2448 3195 2504 3228 est

1420 3241 1534 3278 homo
1567 3239 1843 3290 formidolosus
1879 3246 1916 3278 et
1949 3240 2065 3278 corde
2094 3239 2238 3289 pavido
2276 3249 2370 3289 etc.,
2411 3242 2502 3282 dicit

1421 3294 1560 3332 Glossa
1579 3294 1619 3332 ¹⁸¹:
1659 3295 1781 3331 Docet
1807 3306 1882 3331 non
1905 3305 2018 3343 posse
2045 3305 2274 3343 quemquam
2298 3297 2500 3345 perfectio-

1419 3360 1506 3385 nem
1534 3347 1860 3396 contemplationis
1886 3347 1947 3384 vel
1973 3347 2129 3385 militiae
2162 3348 2368 3396 spiritualis
2400 3351 2498 3388 acci-

1391 3387 1392 3398 *
1412 3413 1508 3450 pere
1535 3402 1602 3450 qui
1627 3401 1752 3438 adhuc
1779 3401 1920 3438 nudari
1946 3401 2104 3438 terrenis
2127 3402 2259 3450 opibus
2279 3407 2296 3424 α
2318 3404 2496 3452 pertime-

1417 3455 1496 3492 scit.
1527 3455 1630 3502 Ergo
1660 3454 1774 3491 timor
1802 3466 1880 3491 non
1910 3462 1967 3491 est
1994 3462 2195 3503 peccatum
2226 3458 2400 3495 mortale.

1473 3509 1548 3545 SED
1577 3518 1736 3554 CONTRA,
1758 3519 1829 3556 pro
1858 3508 1942 3544 solo
1967 3516 2126 3557 peccato
2156 3510 2307 3548 mortali
2335 3510 2496 3549 debetur

2529 3196 2658 3221 'Vema-

2527 3304 2610 3327 ⁴01³.
2629 3304 2686 3329 tou.
