2768 4198
93 441 101 449 ⁸
113 439 135 461 S.
147 439 191 460 Th.
201 439 251 460 lect.
259 444 304 459 xi.—

93 466 143 487 Did.
173 465 211 486 lib.
237 465 303 491 vm,

91 498 140 520 cap.
155 499 178 518 x,
193 497 215 513 n.
229 498 248 520 5.

93 2633 102 2642 ·
113 2629 260 2656 Hom X1V5
275 2630 303 2651 al.

92 2658 132 2679 lib.
151 2657 178 2683 11,
199 2657 262 2679 hom.
279 2662 303 2678 u.

246 3057 267 3072 n.
283 3052 305 3078 ὁ,

95 3053 178 3100 geng-
193 3058 237 3099 ᾖ.
253 3078 304 3099 lect.

95 3111 124 3126 Vl.

97 3162 105 3171 ⁸
119 3161 185 3183 Vers.
203 3167 230 3182 12.

196 3210 210 3243 β

99 3422 108 3430 ·
127 3419 190 3442 Vers.
210 3426 238 3448 30
258 3426 308 3448 sqq.

330 274 406 319 432

332 351 499 392 spoliando
524 351 733 392 quidditatem
753 360 770 379 a
789 348 972 390 quidditate.
998 348 1038 377 Et
1052 347 1085 376 in
1099 346 1158 376 hac
1182 345 1397 386 speculatione

331 406 397 426 non
421 403 467 426 est
491 405 591 431 error,
617 395 671 425 sed
695 401 749 424 aut
772 400 877 423 totum
908 399 962 422 aut
986 391 1064 420 nihil
1092 390 1267 430 attingitur,
1294 396 1329 420 ut
1353 389 1397 419 di-

331 440 411 471 citur
433 440 465 470 in
490 440 533 470 IX
556 439 739 479 Metaphys.
755 437 773 456 *
795 437 835 466 Et
851 435 1006 476 quoniam
1029 435 1062 464 in
1085 434 1148 464 hoc
1171 434 1280 474 gradu,
1297 443 1397 474 quan-

331 492 400 515 tum
425 485 464 514 ad
487 483 689 524 propositum
713 487 841 521 spectat,
866 479 1079 519 principaliter
1108 478 1325 509 consideratur
1347 487 1397 507 ex-

331 529 430 559 clusio
456 529 631 558 discursus:
656 527 727 556 ideo
744 527 867 555 Auctor
886 523 1105 563 exemplariter
1121 522 1288 553 declaravit
1311 522 1397 552 hunc

330 573 463 613 gradum
494 573 526 602 in
551 570 732 611 cognitione
758 568 923 608 complexa
951 568 1130 608 primorum
1156 566 1396 607 principiorum,
1424 595 1425 599 ,

330 619 362 647 in
387 627 451 657 qua
475 623 520 646 est
535 616 616 646 clara
640 613 795 644 evidentia
811 612 1054 643 sinediscursu.
1079 630 1099 634 -
1122 612 1199 642 Post
1214 611 1274 641 hos
1290 618 1398 641 autem

331 662 413 691 duos
443 661 574 700 gradus,
600 658 708 689 tertius
739 657 886 697 ponitur,
912 656 944 686 in
976 666 1042 697 quo
1066 656 1134 697 ipsa
1168 655 1397 695 contemplatio
1424 667 1426 691 ς

331 705 454 736 divinae
477 703 614 734 veritatis
639 701 790 737 consistit,
809 702 987 731 secundum
1011 700 1273 731 assimilationem
1296 700 1335 730 ad
1351 699 1396 729 vi-

330 750 454 780 sionem
478 758 541 788 qua
565 746 667 786 angeli
691 746 799 776 vident
822 745 938 776 Deum.

386 793 437 823 lV.
462 792 524 823 Sed
540 792 646 822 statim
663 790 775 822 accidit
790 790 840 820 hic
864 790 1009 825 dubium,
1026 798 1092 829 quo
1108 795 1201 829 pacto
1219 788 1329 819 tertius
1345 788 1397 819 hic

329 837 443 878 gradus
464 836 653 867 attribuatur
668 836 750 866 vitae
766 834 1032 875 contemplativae
1048 833 1172 864 homini
1190 833 1221 863 in
1243 833 1301 863 hac
1315 833 1395 863 vita:

330 891 403 912 cum
427 891 493 911 non
517 881 680 920 possimus
704 881 786 911 ultra
811 880 980 910 ascendere
1010 888 1107 919 quam
1136 878 1295 908 secundus
1326 887 1396 917 gra-

329 927 388 956 dus
405 926 512 956 donet.
534 924 671 956 Constat
686 925 771 955 enim
789 925 878 963 quod
896 933 1061 954 summum
1077 922 1110 953 in
1127 922 1398 962 contemplatione
1423 931 1425 943 ³

329 978 436 1001 nostra
458 970 593 1010 gradum
617 970 739 1000 obtinet
763 979 837 1002 cum
860 969 982 1004 anima,
1008 966 1214 1007 exspoliando
1239 966 1397 1007 quiddita-

329 1023 393 1045 tem
423 1024 440 1044 a
467 1014 660 1055 quidditate‚
691 1015 729 1044 ad
760 1013 936 1054 simplicem
969 1011 1180 1054 quidditatem
1210 1011 1397 1042 intuendam

329 1059 479 1100 pervenit.
504 1059 659 1097 Quamvis
683 1069 740 1089 nec
764 1069 820 1100 per
843 1058 905 1089 hoc
925 1057 1102 1098 pertingere
1125 1056 1227 1097 possit
1243 1056 1282 1086 ad
1306 1056 1398 1096 quid-

329 1103 456 1134 ditative
479 1103 722 1144 intelligendum
746 1104 887 1144 aliquam
911 1101 1121 1132 substantiam
1144 1107 1336 1141 separatam:
1362 1108 1398 1131 ut

330 1148 441 1179 diffuse
461 1148 556 1179 habes
579 1148 613 1179 in
636 1148 677 1179 111
705 1148 827 1179 Contra
854 1147 958 1184 Gent.,
983 1156 1051 1187 cap.
1075 1156 1145 1176 va.

384 1193 435 1223 Ad
458 1193 521 1223 hoc
545 1193 658 1223 dicitur
680 1193 770 1234 quod
793 1192 934 1223 doctrina
964 1191 1023 1222 ista
1046 1189 1226 1230 theologica
1253 1196 1315 1226 est,
1341 1200 1398 1221 nec
1423 1215 1425 1226 .

329 1237 409 1268 sistit
424 1237 456 1267 in
474 1237 561 1278 puris
578 1237 783 1273 naturalibus,
802 1238 856 1268 sed
880 1237 919 1267 de
935 1243 1047 1266 natura
1062 1241 1168 1265 nostra
1188 1241 1223 1265 ut
1239 1233 1399 1274 perficitur

329 1281 427 1321 gratia
458 1282 582 1312 divinae
609 1282 870 1317 illuminationis,
900 1287 1020 1311 tractat.
1050 1279 1091 1310 Et
1120 1285 1303 1319 propterea,
1327 1279 1399 1310 licet

331 1326 513 1357 naturaliter
535 1337 601 1357 non
632 1327 794 1367 possimus
818 1324 1066 1366 contemplando
1095 1333 1190 1363 supra
1220 1325 1398 1354 secundum

329 1371 463 1411 gradum
487 1372 670 1409 ascendere,
693 1371 872 1402 secundum
894 1377 1000 1401 tamen
1025 1368 1123 1399 divini
1146 1367 1277 1399 luminis
1307 1369 1399 1408 parti-

330 1415 524 1456 cipationem
540 1415 633 1447 altius
649 1426 739 1446 mens
756 1416 896 1446 humana
912 1412 1111 1445 conscendit:
1136 1423 1202 1443 non
1218 1413 1285 1443 sine
1301 1413 1399 1453 phan-

330 1460 516 1491 tasmatibus
545 1467 662 1492 tamen.
694 1461 735 1491 Et
765 1461 809 1491 sic
834 1467 941 1490 motus
973 1458 1147 1494 circularis,
1172 1457 1234 1488 hoc
1258 1465 1304 1488 est
1329 1458 1398 1488 uni-

331 1504 442 1535 formis
465 1505 524 1536 Dei
549 1505 792 1545 contemplatio,
818 1515 892 1536 cum
916 1502 1186 1543 contemplatione
1210 1509 1317 1532 nostra
1340 1502 1399 1533 sal-

330 1555 432 1580 vatur.

386 1594 495 1625 Potest
518 1602 548 1625 et
578 1594 666 1625 aliter
697 1594 775 1630 dici,
804 1594 892 1635 quod
926 1591 1084 1623 secundus
1112 1590 1229 1630 gradus
1257 1589 1358 1621 differt
1382 1601 1399 1621 a

332 1639 423 1669 tertio
447 1639 479 1669 in
495 1639 557 1670 hoc
574 1639 663 1680 quod
687 1638 849 1669 obiectum
864 1636 994 1668 secundi
1010 1642 1057 1666 est
1072 1635 1302 1675 quodcumque
1324 1636 1398 1666 sitn-

332 1683 402 1723 plex
425 1683 620 1724 intelligibile
643 1684 682 1713 ad
707 1683 795 1724 quod
819 1682 1011 1713 intuendum
1036 1679 1143 1720 figitur
1165 1679 1232 1710 sine
1256 1679 1399 1710 discursu

330 1727 458 1767 aliquo:
483 1728 645 1758 obiectum
669 1734 775 1758 autern
800 1726 881 1757 tertii
905 1732 960 1761 est,
982 1734 1047 1754 non
1072 1724 1302 1764 quodcumque
1325 1724 1400 1754 sim-

959 268 1226 316 QUAESTIO
1257 267 1450 313 CLXXX,
1481 267 1780 305 ARTICULUS
1808 268 1877 305 Vll

1451 345 1523 385 plex
1545 345 1751 386 intelligibile,
1769 346 1823 376 sed
1846 345 1935 376 solus
1959 345 2054 376 Deus.
2075 344 2233 376 Naturalis
2253 352 2360 376 autem
2381 354 2523 385 progres-

1452 399 1507 419 sus
1538 397 1584 420 est
1615 390 1781 420 ascendere
1807 400 1824 419 a
1855 399 2063 430 quocumque
2094 389 2283 429 intelligibili
2315 389 2450 429 simplici
2482 388 2522 419 ad

1451 434 1558 464 Deum
1581 433 1699 474 ipsum.
1730 434 1771 464 Et
1794 433 1838 464 sic
1867 434 1976 465 tertius
2006 434 2123 474 gradus
2147 433 2278 474 ponitur
2307 434 2452 474 superior
2475 442 2521 463 se-

1452 478 1559 508 cundo
1590 478 1672 508 sicut
1704 478 1823 508 habens
1856 478 2019 509 obiectum
2049 478 2295 509 determinatum
2325 477 2521 519 simplicissi-

1452 532 1553 558 mum,
1575 529 1644 558 etc.,
1665 529 1807 562 respectu
1828 522 1972 553 habentis
1990 522 2153 554 obiectum
2177 523 2427 554 indeterminate.
2444 540 2465 546 -
2481 522 2523 552 Et

1451 566 1529 597 haec
1554 567 1719 606 responsio
1736 566 1892 604 subtilior,
1911 574 1941 598 et
1963 568 2065 607 magis
2081 577 2224 598 consona
2247 567 2367 598 litterae
2382 567 2521 598 videtur:

1451 611 1607 651 quoniam
1624 611 1656 641 in
1672 611 1813 641 secundo
1829 612 1929 652 gradu
1944 611 2185 643 indeterminate
2201 613 2332 652 ponitur
2348 612 2522 650 obiectum,

1451 655 1484 685 in
1509 655 1601 686 tertio
1617 665 1693 685 vero
1713 655 1928 687 determinate.
1954 655 2092 696 Oportet
2111 664 2217 687 tamen
2236 657 2423 688 huiusmodi
2448 667 2522 688 con-

1450 699 1694 740 templationem
1711 699 1770 730 Dei
1785 699 1891 730 divina
1915 700 2149 731 illuminatione
2174 701 2295 732 fulciri:
2321 701 2464 742 alioquin
2481 702 2522 732 si-

1451 744 1640 774 militudinis
1664 743 1822 784 angelicae
1845 744 1976 775 visionis
2000 754 2109 785 expers
2133 753 2223 776 esset.

1507 789 1546 819 V.
1573 789 1607 819 In
1631 789 1746 819 eodem
1770 789 1916 826 articulo,
1931 789 1965 819 in
1989 790 2198 829 responsione
2221 791 2260 820 ad
2284 791 2414 823 tertium
2427 798 2457 821 et
2476 801 2523 822 se-

1451 834 1595 864 cundum
1618 833 1724 868 simul.
1750 834 1885 864 dubium
1902 833 2038 865 occurrit
2061 834 2142 866 circa
2160 834 2382 866 sufficientiam
2405 835 2522 867 horum

1451 885 1602 908 motuum
1627 878 1916 918 contemplationis.
1950 878 2114 916 Quoniam
2138 880 2378 919 praetermissus
2399 879 2524 911 videtur

1451 930 1560 953 motus
1584 933 1650 964 quo
1675 922 1782 953 anima
1805 933 1822 953 a
1845 922 1946 964 magis
1970 922 2220 963 intelligibilibus
2243 925 2284 955 ad
2307 925 2414 956 minus
2433 925 2524 956 intel-

1450 966 1601 1007 ligibilia,
1626 977 1681 997 seu
1706 967 1875 1004 sensibilia,
1897 967 2147 1008 contemplando
2170 967 2323 1009 procedit.
2352 969 2393 1000 Et
2416 976 2523 1000 tamen

1423 1008 1425 1029 ²
1451 1019 1575 1042 constat
1606 1012 1695 1052 quod
1725 1011 1912 1042 huiusmodi
1941 1012 2169 1053 contemplatio
2193 1019 2277 1044 recta
2304 1019 2363 1044 est:
2389 1021 2420 1044 et
2442 1013 2523 1045 forte

1451 1056 1657 1097 frequentior.
1683 1057 1781 1094 Quod
1805 1063 1914 1088 autem
1938 1057 1978 1087 sit
1993 1056 2233 1097 praetermissus
2252 1064 2361 1089 motus
2384 1058 2452 1095 iste,
2469 1069 2524 1099 pa-

1450 1107 1495 1132 tet
1514 1111 1551 1131 ex
1575 1111 1614 1132 eo
1634 1102 1723 1142 quod
1747 1111 1804 1132 nec
1821 1109 1868 1133 est
1890 1108 2000 1132 motus
2023 1102 2184 1143 obliquus,
2202 1102 2278 1143 quia
2300 1102 2380 1134 nihil
2402 1111 2449 1134 est
2473 1103 2524 1134 hic

1423 1186 1425 1188 q
1451 1146 1576 1176 divinae
1599 1145 1821 1182 informitatis;
1852 1156 1910 1177 nec
1941 1146 2109 1183 circularis,
2134 1154 2171 1177 ut
2197 1154 2300 1188 patet;
2329 1157 2387 1178 nec
2410 1154 2523 1185 rectus,

1450 1191 1526 1232 quia
1549 1197 1653 1221 rectus
1677 1197 1724 1221 est
1747 1201 1764 1221 a
1788 1190 1988 1222 sensibilibus
2012 1191 2051 1221 ad
2075 1191 2295 1232 intelligibilia.

1506 1235 1557 1266 Ad
1581 1235 1642 1266 hoc
1666 1235 1780 1266 dicitur
1803 1235 1902 1276 quod,
1927 1235 2002 1277 quia
2025 1235 2210 1276 imperfecta
2232 1236 2266 1267 in
2289 1236 2397 1277 aliqua
2419 1235 2524 1277 specie

1451 1289 1507 1310 seu
1530 1289 1644 1320 genere
1661 1280 1858 1311 reducuntur
1873 1280 1912 1310 ad
1929 1279 2106 1320 perfectum
2122 1280 2216 1317 illius,
2233 1281 2306 1311 ideo
2326 1287 2435 1312 motus
2453 1280 2523 1318 iste,

1450 1331 1604 1365 tanquam
1628 1324 1832 1365 imperfectus
1855 1324 1888 1354 in
1913 1334 2026 1365 genere
2050 1333 2159 1356 motus
2182 1325 2276 1362 recti,
2301 1325 2462 1357 reducitur
2484 1326 2524 1357 ad

1451 1376 1579 1400 motum
1610 1375 1746 1400 rectum:
1779 1376 1810 1400 et
1833 1379 1898 1400 non
1922 1377 1969 1400 est
1991 1369 2248 1410 praetermissus,
2272 1371 2327 1401 sed
2354 1371 2414 1402 sub
2437 1377 2524 1402 recto

1451 1413 1702 1454 comprehensus
1726 1414 1895 1445 reductive.
1926 1414 2035 1445 Motus
2064 1414 2151 1446 enim
2173 1421 2277 1446 rectus
2310 1414 2525 1456 principaliter

1451 1458 1595 1489 consistit
1609 1458 1642 1488 in
1666 1469 1797 1489 ascensu
1821 1469 1839 1489 a
1863 1458 2063 1490 sensibilibus
2080 1459 2120 1490 ad
2142 1458 2362 1500 intelligibilia,
2378 1459 2436 1502 qui
2450 1469 2524 1500 pro-

1451 1503 1518 1543 prie
1535 1509 1643 1533 motus
1666 1510 1713 1534 est
1728 1504 1768 1533 ad
1785 1503 2029 1544 perfectionem;
2055 1503 2243 1535 secundario
2265 1511 2374 1534 autem
2388 1504 2429 1535 ad
2449 1513 2525 1535 eum

1451 1554 1572 1588 spectat
1594 1547 1725 1587 regredi,
1750 1548 1839 1589 quod
1864 1548 1997 1578 minoris
2021 1547 2223 1588 perfectionis
2246 1549 2387 1580 videtur:
2413 1555 2449 1580 ut
2470 1548 2525 1585 sie,

1451 1599 1487 1623 ut
1510 1592 1542 1622 in
1574 1591 1658 1623 calce
1690 1591 1811 1623 litterae
1827 1592 1845 1612 *
1868 1598 1962 1633 patet,
1984 1593 2214 1633 contemplatio
2238 1593 2412 1625 discursive
2435 1603 2525 1624 com-
2556 1599 2567 1610 ⁴

1425 1654 1427 1664 ι
1451 1637 1558 1667 munis
1583 1637 1623 1667 sit
1646 1637 1750 1667 motui
1779 1637 1914 1678 obliquo
1938 1643 1969 1668 et
1993 1644 2095 1674 recto;
2130 1638 2185 1668 sed
2208 1638 2242 1669 in
2270 1638 2406 1679 obliquo
2428 1638 2524 1670 habet

1453 1691 1512 1722 pro
1537 1681 1657 1712 ratione
1681 1689 1712 1712 et
1734 1681 1891 1722 principio
1915 1681 2055 1712 divinam
2079 1682 2359 1719 illuminationem,
2383 1682 2416 1714 in
2439 1689 2531 1714 recto*

1453 1731 1561 1756 autem
1584 1726 1644 1756 soli
1669 1725 1784 1756 rationi
1808 1726 1942 1757 naturali
1966 1725 2121 1758 innititur.

1119 1877 1440 1921 ARTICULUS
1469 1877 1738 1922 SEPTIMUS

855 1972 1011 2004 UTRUM
1036 1971 1384 2004 CONTEMPLArlo
1408 1973 1787 2005 DELECTArioNEM
1812 1975 1991 2006 HABEAT

755 2052 778 2076 1·
798 2051 854 2081 11⁸⁰,
874 2059 918 2084 qu.
937 2058 974 2080 111.
994 2056 1040 2076 art.
1063 2050 1092 2081 5;
1113 2059 1157 2083 qu.
1176 2058 1278 2082 xxxvnr,
1299 2057 1344 2077 art.
1364 2059 1394 2083 4;
1416 2052 1457 2077 De
1477 2053 1616 2083 Hebdom„
1638 2053 1756 2086 Prolog.;
1776 2054 1799 2078 X
1820 2053 1916 2083 Ethic„
1937 2054 1994 2080 lect.
2013 2062 2037 2086 x,
2056 2062 2090 2080 ιι.

360 2148 370 2173 )
394 2150 423 2167 »¹
443 2151 517 2200 μζ(

347 2244 384 2300 55
407 2256 469 2296 «ξς
484 2230 511 2283 ²6
543 2243 752 2279 Delectatio
774 2252 875 2277 enlm
892 2241 941 2277 ad
954 2252 1036 2277 vim
1052 2248 1299 2289 appetmvam
1314 2252 1398 2289 per-

387 2269 485 2326 5⁴4²&
500 2284 533 2328 N
543 2295 648 2331 tinet.
666 2294 743 2331 Sed
759 2293 1031 2342 contemplatio
1043 2293 1299 2343 principaliter
1309 2305 1399 2331 con-

331 2349 423 2386 sistit
451 2347 489 2384 in
518 2348 718 2385 intellectu.
749 2348 851 2395 Ergo
881 2346 1032 2383 videtur
1065 2347 1170 2395 quod
1200 2347 1398 2384 delectatio

333 2415 411 2440 non
439 2402 623 2450 pertineat
651 2401 699 2438 ad
729 2400 1104 2448 contemplationem.

387 2467 421 2492 2.
444 2455 678 2501 PRAETEREA,
700 2454 825 2491 omnis
855 2453 1047 2490 contentio
1077 2460 1114 2490 et
1142 2465 1259 2490 omne
1284 2461 1402 2490 certa-

333 2521 423 2546 rnen
453 2507 613 2557 impedit
645 2507 948 2545 delectationem.
985 2507 1061 2544 Sed
1094 2506 1133 2544 in
1167 2507 1402 2556 contempla-

332 2562 434 2600 tione
465 2569 520 2598 est
549 2560 741 2598 contentio
763 2568 799 2598 et
819 2567 1034 2598 certamen:
1064 2559 1153 2598 dicit
1173 2559 1276 2597 enim
1306 2560 1400 2597 Gre-

331 2615 472 2664 gorius,
491 2627 605 2663 super
630 2615 764 2664 Erech.
781 2613 812 2661 ²¹²,
842 2614 948 2662 quod
967 2614 1111 2660 anima,
1131 2625 1218 2651 cum
1238 2619 1400 2650 contem-

327 2669 431 2718 plari
458 2669 584 2706 Deum
612 2668 762 2714 nititur,
791 2667 894 2704 velut
927 2667 964 2704 in
994 2667 1159 2716 quodam
1196 2667 1402 2704 certamine

326 2723 467 2772 posita,
496 2722 609 2759 modo
639 2721 749 2771 quasi
774 2726 993 2769 exsuperat,
1023 2721 1129 2770 quia,
1160 2720 1400 2770 intelligendo

332 2782 368 2814 et
402 2775 612 2821 sentiendo,
642 2775 688 2812 de
724 2774 1045 2823 incircumscripto
1082 2774 1224 2811 lumine
1260 2773 1404 2822 aliquid

332 2830 525 2880 degustat.-
564 2829 675 2866 modo
703 2828 926 2875 succumbit,
956 2828 1045 2876 quia
1078 2827 1311 2877 degustando
1340 2827 1402 2864 ite-

333 2895 418 2920 rum
446 2882 571 2930 deficit
588 2886 617 2918 α.
648 2882 750 2930 Ergo
769 2882 848 2918 vita
867 2881 1166 2930 contemplativa
1185 2893 1264 2918 non
1287 2881 1403 2918 habet

334 2936 638 2974 delectationem.

541 2147 563 2172 D
579 2146 759 2172 SEPTIMUM
780 2145 833 2170 sic
849 2144 1091 2170 PROCEmTUR.
1112 2132 1273 2170 Videtur
1290 2133 1397 2181 quod
1424 2138 1425 2155 ³

543 2186 814 2236 contemplatio
836 2186 1126 2224 delectationem
1147 2199 1226 2224 non
1244 2187 1396 2224 habeat.
1424 2187 1425 2218 ἶ

389 2990 422 3027 3.
453 2989 689 3035 Pamisum,
711 2987 910 3025 delectatio
940 2986 1110 3037 sequitur
1137 2986 1401 3036 operationem

334 3043 552 3092 perfectam,
581 3049 623 3078 ut
651 3040 784 3078 dicitur
811 3041 848 3078 in
876 3041 911 3077 X
936 3040 1056 3078 Ethic.
1077 3039 1098 3062 '⁸‘
1126 3041 1202 3078 Sed
1233 3046 1402 3077 contem-

333 3095 448 3145 platio
477 3095 563 3133 viae
593 3102 649 3132 est
676 3094 918 3144 imperfecta:
949 3093 1160 3132 secundum
1191 3093 1281 3131 illud
1310 3094 1323 3130 l
1353 3094 1405 3131 ad

339 3150 426 3187 Cor.
454 3147 572 3186 x111*:
614 3148 789 3186 Videmus
821 3159 922 3186 nunc
952 3159 1023 3196 per
1053 3147 1246 3196 speculum
1274 3147 1311 3184 in
1339 3159 1402 3184 ae-

335 3203 503 3252 nigmate
521 3199 548 3238 Ρ.
578 3202 680 3250 Ergo
700 3201 852 3239 videtur
876 3202 980 3250 quod
1000 3201 1079 3239 vita
1108 3201 1403 3250 contemplativa

335 3255 627 3293 delectationem
657 3266 735 3292 non
764 3255 914 3292 habeat.

386 3320 423 3355 4.
453 3309 697 3355 PRAETEREA,
727 3307 845 3345 laesio
875 3307 1083 3357 corporalis
1112 3307 1403 3345 delectationem
1429 3325 1430 3328 ¹

336 3361 503 3410 impedit.
534 3361 611 3399 Sed
632 3361 903 3410 contemplatio
925 3360 1069 3399 inducit
1089 3360 1298 3398 laesionem
1320 3373 1401 3398 cor-

337 3415 525 3462 poralem:
554 3414 657 3452 unde
690 3415 783 3452 Gen.
813 3427 909 3452 xxxii
928 3414 948 3436 '¹‘
977 3414 1112 3452 dicitur
1139 3414 1244 3463 quod
1275 3415 1402 3461 Iacob,

392 3532 420 3564 α)
440 3531 534 3565 deficit.
546 3546 564 3551 -
582 3532 651 3557 desit
669 3533 854 3565 ADEFLpBK,
874 3533 973 3559 deserit
992 3534 1059 3564 CsK.
1080 3533 1180 3560 desinit
1198 3534 1215 3560 l.

392 3566 418 3600 β)
437 3568 596 3601 aenigmate.
607 3581 627 3588 -·
649 3568 724 3594 Unde
736 3572 762 3594 et
777 3569 810 3594 de
829 3569 906 3594 Iacob
925 3570 1024 3603 legitur
1040 3571 1106 3595 Gen.
1121 3569 1238 3594 XXXII
1247 3569 1320 3602 quod
1330 3572 1404 3601 post-

1452 2142 1658 2184 postquam
1689 2134 1843 2183 dixerat,
1875 2151 1894 2169 ‹
1924 2136 2008 2174 Vidi
2034 2137 2242 2174 Dominum
2259 2137 2372 2186 facie
2391 2138 2444 2177 ad
2456 2140 2527 2189 fa-

1451 2188 1546 2225 ciem
1574 2204 1614 2235 »,
1643 2188 1880 2226 claudicabat
1901 2189 2017 2238 pede,
2048 2202 2093 2227 eo
2121 2191 2224 2239 quod
2249 2191 2414 2242 tetigerit
2439 2204 2524 2230 nen-

1425 2273 1426 2278 ,
1452 2253 1542 2279 vum
1562 2242 1732 2290 femoris
1767 2242 1847 2279 eius
1882 2249 1919 2280 et
1953 2244 2193 2292 obstupuerit.
2234 2245 2337 2293 Ergo
2374 2245 2527 2284 videtur

1425 2313 1427 2319 ¹
1452 2294 1559 2344 quod
1588 2295 1626 2332 in
1645 2295 1725 2332 vita
1745 2297 2041 2346 contemplativa
2070 2309 2149 2334 non
2178 2298 2223 2335 sit
2253 2298 2466 2337 delectatio.

1509 2348 1583 2385 SED
1620 2360 1766 2386 CONTRA
1802 2361 1868 2386 EST
1902 2351 2007 2399 quod
2037 2350 2084 2387 de
2114 2351 2438 2401 contemplatione
2467 2365 2524 2390 sa-

1455 2401 1618 2450 pientiae
1644 2401 1790 2449 dicitur,
1811 2403 1899 2452 Sap.
1924 2415 1985 2440 vm
2007 2403 2048 2440 ¹⁸¹:
2086 2404 2178 2442 Non
2206 2406 2320 2442 habet
2343 2407 2526 2444 amaritu-

1455 2455 1580 2492 dinem
1615 2457 1849 2493 conversatio
1883 2456 2001 2503 illius,
2031 2469 2100 2494 nec
2133 2458 2297 2496 taedium
2336 2459 2526 2498 convictus

1454 2509 1556 2546 eius:
1574 2509 1641 2546 sed
1658 2509 1836 2547 laetitiam
1855 2515 1893 2547 et
1906 2511 2106 2560 gaudium.
2128 2511 2176 2549 Et
2196 2511 2403 2561 Gregorius
2423 2513 2524 2562 dicit,

2551 2417 2563 2429 ⁸
2576 2416 2644 2440 ven.
2658 2417 2690 2440 1⁶.

1453 2574 1567 2611 super
1592 2563 1728 2611 Ezech.
1749 2562 1780 2610 ²¹²,
1810 2564 1916 2612 quod
1936 2564 2225 2613 contemplativa
2252 2566 2330 2603 vita
2351 2567 2526 2606 amabilis
2553 2575 2564 2587 ·

1454 2616 1564 2653 valde
1591 2616 1747 2653 dulcedo
1775 2622 1839 2654 est.

1508 2670 1737 2707 Respoumzo
1757 2682 1942 2708 mesanum
1963 2671 2070 2720 quod
2098 2672 2224 2721 aliqua
2253 2674 2524 2725 contemplatio

1453 2731 1579 2773 potest
1608 2735 1690 2760 esse
1711 2723 1942 2762 delectabilis
1962 2725 2174 2774 dupliciter.
2204 2726 2291 2764 Uno
2313 2727 2444 2776 modo,
2465 2738 2523 2765 ra-

1454 2776 1556 2814 tione
1587 2777 1703 2827 ipsius
1732 2778 1980 2827 operationis:
2011 2778 2101 2827 quia
2129 2779 2335 2830 unicuique
2364 2780 2525 2819 delecta-

1455 2830 1539 2868 bilis
1569 2839 1623 2868 est
1643 2831 1813 2879 operatio
1843 2831 1913 2869 sibi
1934 2832 2169 2872 conveniens
2195 2833 2407 2872 seeundum
2436 2846 2524 2883 pro-

1455 2884 1576 2933 priam
1598 2892 1773 2922 naturam
1794 2885 1855 2922 vel
1874 2885 2060 2924 habitum.
2091 2886 2375 2936 Contemplatio
2395 2895 2524 2926 autem

1453 2937 1621 2975 veritatis
1651 2938 1834 2987 competit
1861 2939 2008 2976 homini
2038 2939 2252 2977 secundum
2281 2952 2391 2978 suam
2416 2949 2524 2979 natu-

1456 3004 1551 3039 ram,
1572 3000 1687 3040 prout
1707 2999 1762 3029 est
1781 2991 1922 3030 animal
1945 2992 2140 3030 rationale.
2162 2993 2220 3030 Ex
2235 3005 2312 3042 quo
2343 2993 2525 3044 contingit

1456 3045 1562 3095 quod
1581 3057 1711 3083 omnes
1724 3046 1895 3084 homines
1912 3057 1963 3083 ex
1976 3051 2140 3084 natura*
2153 3046 2250 3084 scire
2268 3046 2523 3086 desiderant·:

1457 3107 1492 3136 et
1512 3111 1581 3148 per
1600 3111 1841 3148 consequens
1859 3099 1899 3136 in
1918 3098 2134 3148 cognitione
2148 3099 2316 3138 veritatis
2336 3101 2526 3140 delectan-

1455 3160 1527 3190 tur.
1566 3153 1615 3190 Et
1642 3152 1768 3190 adhuc
1796 3151 1918 3201 magis
1945 3151 1989 3190 fit
2015 3152 2090 3190 hoc
2119 3153 2340 3191 delectabile
2368 3154 2525 3193 habenti

1455 3206 1628 3243 habitum
1668 3205 1875 3255 sapientiae
1903 3212 1941 3242 et
1968 3205 2162 3254 scientiae,
2203 3219 2247 3244 ex
2276 3219 2354 3256 quo
2391 3208 2527 3246 accidit

1457 3259 1562 3309 quod
1591 3259 1671 3296 sine
1701 3258 1919 3296 difficultate
1949 3258 2082 3308 aliquis
2112 3261 2403 3311 contemplatur.

1509 3312 1595 3351 Alio
1624 3313 1743 3351 modo
1778 3312 2049 3362 contemplatio
2088 3313 2258 3353 redditur
2293 3314 2526 3357 delectabilis

1457 3378 1502 3404 ex
1531 3374 1636 3415 parte
1665 3364 1824 3408 obiecti,
1858 3365 2083 3414 inquantum
2113 3367 2253 3406 scilicet
2280 3368 2414 3418 aliquis
2441 3380 2524 3407 rem

1456 3426 1625 3457 amatam
1654 3419 1951 3468 contemplatur:
1982 3419 2078 3457 sicut
2107 3421 2220 3458 etiam
2246 3421 2380 3459 accidit
2406 3421 2445 3459 in
2467 3421 2524 3459 vi-

1456 3540 1536 3593 qug-»n
1556 3533 1643 3593 αἰξίε,
1667 3532 1727 3558 Vidi
1743 3533 1886 3558 Dominum
1898 3534 1974 3567 jacie
1991 3534 2029 3559 ad
2040 3535 2152 3568 faciem,
2166 3535 2337 3561 claudicabat
2346 3536 2417 3568 pede
2431 3535 2526 3563 addunt

1457 3576 1488 3594 oo
1507 3575 1560 3593 icen
1579 3575 1593 3592 e
1623 3575 1648 3593 a.

1509 3604 1537 3637 γ)
1556 3610 1594 3628 ex
1612 3607 1719 3629 natura.
1731 3618 1750 3623 -
1768 3605 1932 3630 naturaliter
1951 3606 1983 3636 Η,
2003 3609 2106 3631 natura
2125 3606 2187 3632 PCI.

2548 3115 2570 3184 ——3-'3
2553 3083 2563 3095 o

2620 3168 2629 3185 ,
2615 3125 2620 3131 .

2680 3109 2708 3158 ,⁰¹:-

2689 3081 2765 3105 ἓ

2713 3114 2765 3158 Ξῑὲ
