2768 4198
82 1745 89 1753 ¹
104 1744 138 1766 Cf.
162 1750 224 1766 num.
239 1750 289 1771 vni,

323 291 397 327 252

377 369 472 399 Forte
496 368 650 399 diceretur
678 366 780 407 quod,
805 365 880 405 quia
905 370 951 394 est
974 362 1050 393 utile
1074 361 1114 391 ad
1136 360 1387 400 generationem,

322 413 372 444 vel
395 420 430 443 ut
453 412 605 443 adiuvans
629 420 736 442 semen
752 409 819 445 viri,
837 419 874 438 ex
892 417 958 448 quo
983 413 1030 436 est
1052 405 1086 435 in
1109 414 1223 444 genere
1247 402 1386 439 seminis,

321 457 372 488 vel
402 463 438 487 ut
468 455 677 487 con-materia
709 453 879 487 menstrui;
911 451 953 481 ita
986 450 1093 490 quod,
1128 448 1317 479 declinando
1351 457 1388 477 ex

321 501 512 542 perfectione
536 499 673 535 seminis,
694 498 766 528 licet
781 506 846 526 non
871 496 961 525 cadat
975 494 1008 524 in
1028 493 1194 524 materiam
1210 491 1386 522 necessario
1413 511 1414 531 3

321 545 514 586 requisitam,
539 544 620 574 cadit
643 550 748 573 tamen
772 541 805 570 in
829 538 1071 570 con-materiam
1094 537 1207 567 utilem
1230 537 1270 566 ad
1293 545 1387 575 gene-

321 590 491 625 rationem;
515 589 587 618 ideo
612 587 729 617 abusus
753 585 819 615 eius
844 591 890 614 est
912 589 1080 622 peccatum
1103 581 1248 611 mortale.

376 633 435 665 Vel
457 633 577 662 dicetur
600 630 698 671 quod,
723 628 798 669 quia
822 627 935 658 mulier
958 634 1005 657 est
1021 626 1102 656 sicut
1122 635 1191 656 mas
1213 625 1386 664 impotens,

320 677 486 708 seminatio
502 675 642 706 mulieris
657 679 761 714 potest
778 671 944 712 dupliciter
961 669 1163 701 considerari.
1185 670 1258 700 Uno
1274 668 1385 704 modo,

311 722 495 752 ‘secundum
519 719 675 750 rationem
699 726 774 747 suae
797 716 928 756 speciei:
960 722 990 746 et
1013 714 1074 751 sic,
1099 714 1175 755 quia
1207 714 1386 744 secundum

320 776 351 796 se
375 765 538 795 ordinatur
560 763 599 792 ad
622 761 867 802 generationem,
885 759 967 790 sicut
982 758 1150 790 seminatio
1174 757 1308 788 masculi
1330 767 1386 787 na·

319 809 458 841 turaliter
486 806 671 847 impotentis
693 814 858 845 generare,
881 805 954 834 ideo
978 811 1025 834 est
1053 810 1220 843 peccatum
1250 801 1386 832 mortale

318 855 434 885 abusus
458 852 527 883 talis
551 849 779 881 seminationis,
803 849 877 879 Alio
902 848 1013 884 modo,
1038 854 1135 888 prout
1151 854 1197 878 est
1220 857 1238 877 a
1261 846 1316 877 tali
1339 845 1386 875 in·
1411 865 1413 887 ἶ

318 898 457 933 dividuo,
483 895 599 926 scilicet
620 895 798 934 impotente
821 894 999 934 decoquere
1023 902 1141 923 semen.
1166 892 1207 922 Et
1230 890 1285 927 sic,
1310 890 1387 931 quia
1411 890 1412 927 ξ

317 943 377 973 hoc
393 948 439 972 est
461 950 517 980 per
532 940 685 976 accidens,
703 938 784 969 sicut
806 945 893 978 patet
916 937 942 968 si
958 937 1101 968 masculo
1119 947 1156 967 ex
1170 936 1283 976 frigida
1299 945 1385 965 com-
1410 969 1412 978 .

1410 987 1412 991 '
1436 983 1665 1024 vegetabilibus
1689 993 1798 1014 semen
1821 983 1982 1024 integrum
2001 994 2067 1015 non
2091 993 2254 1025 generaret
2276 986 2336 1018 nisi
2352 986 2458 1018 fotum
2481 994 2512 1018 et

317 987 461 1027 plexione
493 984 675 1015 conveniret
704 983 774 1014 talis
797 983 1000 1023 impotentia;
1032 982 1106 1012 ideo
1130 981 1219 1017 hinc,
1242 980 1316 1010 licet
1346 979 1386 1010 sit

315 1031 460 1071 ineptum
483 1039 592 1060 semen
617 1029 656 1059 ad
679 1027 933 1068 generationem,
959 1037 1025 1057 non
1048 1034 1155 1057 tamen
1178 1031 1345 1056 excusatur
1367 1034 1386 1054 a
1410 1046 1411 1069 ἱ

1410 1073 1411 1079 ’
1437 1072 1607 1113 integrum,
1623 1072 1682 1103 viri
1697 1072 1816 1103 scilicet
1831 1079 1862 1104 et
1877 1073 2031 1111 mulieris,
2048 1073 2108 1104 nisi
2131 1074 2237 1106 fotum
2253 1082 2284 1106 et
2299 1075 2412 1106 alitum
2428 1085 2511 1116 puro

315 1083 445 1116 peccato
470 1074 597 1104 mortali
619 1073 704 1103 illius
731 1073 869 1109 abusus,
894 1071 1048 1112 quoniam
1076 1078 1165 1102 actus
1195 1069 1385 1100 iudicandus

316 1127 362 1151 est
386 1119 563 1150 secundum
586 1127 678 1149 suam
702 1117 840 1157 speciem
863 1126 920 1157 per
942 1126 987 1154 se,
1008 1122 1039 1146 et
1062 1125 1128 1146 non
1152 1114 1330 1145 secundum
1352 1113 1385 1143 id
1410 1149 1411 1159 γ

315 1165 405 1205 quod
428 1163 577 1195 convenit
600 1163 628 1193 ei
652 1172 708 1202 per
727 1161 880 1192 accidens.

371 1209 432 1239 Sed
454 1208 529 1239 huic
553 1207 667 1237 rationi
695 1207 822 1237 obstant
845 1206 921 1236 duo.
952 1204 1071 1241 Primo,
1097 1203 1172 1245 quia
1195 1201 1386 1243 impotentia

316 1253 500 1284 concoctiva
523 1251 652 1282 seminis
668 1251 702 1281 in
717 1250 850 1282 muliere
873 1260 939 1280 non
959 1256 1006 1280 est
1021 1259 1077 1289 per
1096 1248 1250 1284 accidens,
1268 1246 1387 1278 scilicet
1410 1257 1412 1277 z

316 1298 436 1330 ratione
459 1296 624 1332 individui,
641 1303 677 1326 ut
700 1295 897 1335 contingeret
911 1294 943 1324 in
959 1294 1027 1324 viro
1045 1303 1082 1324 ex
1096 1291 1221 1323 infirma
1244 1291 1385 1332 comple·
1410 1293 1412 1314 ἓ

314 1343 427 1376 xione:
452 1342 507 1372 sed
523 1348 569 1372 est
584 1350 640 1381 per
658 1351 691 1370 se
707 1350 744 1371 ex
759 1339 894 1371 naturali
913 1338 1017 1379 specie
1036 1347 1128 1368 sexus
1150 1336 1291 1367 feminei.
1314 1336 1385 1366 Dis·
1410 1362 1412 1365 Α

315 1387 469 1427 tinguitur
499 1386 584 1416 enim
612 1385 715 1425 specie
744 1383 862 1415 femina
885 1393 903 1413 a
926 1392 1012 1414 mare
1041 1382 1101 1413 sub
1131 1391 1244 1422 genere
1274 1389 1384 1411 sexus:

316 1431 462 1472 quamvis
485 1431 548 1461 sint
570 1430 713 1460 eiusdem
737 1429 852 1469 speciei
876 1428 908 1459 in
933 1427 1038 1468 specie
1061 1426 1212 1463 hominis,
1229 1425 1263 1456 in
1282 1424 1385 1466 specie

315 1476 427 1512 leonis,
441 1482 498 1506 etc.
516 1475 557 1505 Et
569 1481 736 1516 propterea
751 1483 818 1504 non
835 1479 881 1503 est
897 1472 1008 1503 eadem
1024 1471 1104 1502 ratio
1122 1471 1160 1501 de
1175 1469 1385 1501 seminatione
1410 1472 1412 1490 ³

316 1521 373 1552 viri
397 1520 513 1551 infirmi
537 1529 592 1550 seu
617 1518 728 1555 orbati,
748 1525 779 1548 et
798 1517 949 1548 feminae:
974 1516 1064 1546 istius
1087 1515 1174 1546 enim
1195 1513 1385 1555 impotentia

317 1573 363 1596 est
385 1564 545 1600 naturalis,
570 1563 623 1594 illa
645 1561 846 1593 infirmitatis.
869 1564 917 1592 Ac
940 1571 996 1601 per
1017 1561 1091 1597 hoc,
1114 1559 1251 1590 feminae
1279 1559 1384 1598 impo-

316 1610 413 1641 tentia
436 1615 482 1639 est
501 1618 556 1648 per
579 1616 630 1638 se:
656 1607 750 1637 maris
767 1613 875 1637 autem
891 1605 1080 1646 impotentia
1097 1610 1143 1635 est
1158 1614 1214 1644 per
1230 1603 1383 1634 accidens.

316 1672 336 1677 -
353 1654 467 1685 Obstat
489 1653 630 1683 secundo
654 1651 739 1692 quia,
756 1651 781 1681 si
798 1650 965 1681 seminatio
989 1649 1131 1680 mulieris
1155 1648 1333 1678 secundum
1352 1657 1384 1677 se
1409 1680 1411 1687 ¹

1409 1700 1411 1705 '
1436 1698 1532 1728 etiam
1555 1707 1675 1738 ponere
1699 1703 1735 1727 ut
1758 1707 1968 1738 consequens.
1993 1697 2034 1728 Et
2057 1707 2124 1728 non
2147 1698 2225 1734 duo,
2243 1698 2299 1728 sed
2322 1707 2426 1728 unum
2442 1705 2508 1729 ran-

1409 1745 1410 1763 ³
1435 1749 1507 1772 tum
1530 1741 1662 1782 ponitur
1685 1741 1925 1781 proportionale
1950 1742 2063 1772 semini
2086 1742 2159 1773 viri:
2184 1742 2303 1773 scilicet
2330 1752 2440 1773 semen
2463 1742 2508 1774 fe—

315 1790 382 1818 Aut
405 1787 437 1817 in
461 1786 521 1816 alia
545 1795 690 1825 persona.
714 1784 756 1814 Et
778 1785 822 1814 sic
842 1782 1029 1814 concubitus
1048 1781 1190 1812 mulieris
1214 1790 1289 1811 cum
1312 1790 1383 1811 mu·
1408 1796 1410 1801 ·

314 1832 389 1862 liere
413 1841 478 1861 non
503 1836 583 1860 esset
611 1835 777 1869 peccatum
805 1827 955 1858 mortale:
981 1826 1056 1867 quia
1079 1825 1123 1855 ibi
1153 1831 1328 1855 servaretur
1350 1824 1383 1854 id
1408 1837 1410 1851 ;

317 1699 481 1730 ordinatur
503 1698 542 1728 ad
562 1696 809 1736 generationem,
825 1701 952 1735 oportet
975 1694 1064 1735 quod
1087 1693 1251 1723 ordinetur
1274 1701 1383 1722 secun-

317 1743 396 1773 dum
412 1752 445 1773 se
461 1742 501 1772 ad
516 1741 743 1781 generandum,
761 1746 816 1770 aut
830 1739 864 1769 in
880 1747 929 1769 se:
955 1745 985 1768 et
998 1737 1079 1768 redit
1097 1736 1208 1777 opinio
1229 1736 1341 1766 Galeni
1355 1736 1382 1767 *.

315 1876 404 1917 quod
428 1884 483 1915 per
506 1884 538 1904 se
562 1880 681 1913 spectat
704 1873 743 1902 ad
766 1872 912 1902 ordinem
934 1871 1020 1901 illius
1043 1869 1272 1900 seminationis.

369 1919 476 1950 Primo
501 1927 576 1958 ergo
599 1918 710 1952 modo,
735 1917 821 1947 iuxta
843 1915 929 1946 viam
951 1915 1115 1951 Auctoris,
1141 1914 1314 1945 dicendum
1337 1912 1381 1942 vi-
1407 1921 1409 1928 ’

314 1964 405 1995 detur
434 1963 524 2004 quod
554 1961 721 1992 seminatio
753 1960 894 1991 mulieris
923 1966 1007 1990 extra
1026 1959 1203 1990 naturalem
1230 1957 1381 1988 concubi-

314 2016 384 2041 tum
408 2015 453 2039 est
473 2008 590 2037 abusus
615 2006 682 2037 eius
705 2006 795 2046 quod
818 2012 865 2035 est
889 2011 924 2035 ut
944 2004 1020 2034 utile
1040 2013 1095 2034 seu
1120 2010 1251 2044 propter
1266 2002 1382 2033 melius

314 2054 353 2084 ad
376 2051 613 2093 generationem
637 2050 813 2081 naturalem
836 2048 1030 2080 ordinatum.

369 2097 554 2129 Secundum
577 2102 685 2126 autem
702 2094 814 2126 Galeni
836 2094 931 2130 viam,
949 2093 1095 2134 quaestio
1111 2093 1200 2123 nulla
1216 2099 1281 2123 est:
1305 2091 1381 2133 quia

315 2141 477 2173 muliebris
500 2139 667 2170 seminatio
691 2146 737 2170 est
761 2138 889 2170 emissio
913 2138 1053 2168 seminis.

370 2187 438 2218 XX.
462 2186 532 2225 Ego
555 2191 673 2220 autem,
699 2183 756 2214 etsi
779 2184 860 2214 inter
882 2190 930 2214 tot
952 2183 1090 2213 illustres
1109 2182 1194 2212 viros
1214 2181 1305 2212 silere
1328 2180 1380 2211 de-

315 2233 432 2267 berem,
457 2229 616 2269 proferam
639 2235 746 2259 tamen
770 2237 952 2258 sermonem
965 2226 1197 2257 rationabilem.
1222 2226 1305 2256 Puto
1322 2234 1381 2266 ego

315 2275 560 2306 seminationem
575 2272 717 2303 mulieris
735 2282 801 2302 esse
817 2272 1022 2302 emissionem
1037 2270 1167 2301 seminis
1182 2269 1383 2301 materialiter

315 2327 440 2351 tanturn
463 2319 503 2348 ad
525 2317 762 2358 generationem
785 2316 960 2347 necessario
980 2315 1136 2356 requisiti:
1162 2322 1192 2346 et
1215 2321 1382 2355 propterea

315 2365 452 2395 abusum
475 2362 638 2393 muliebris
661 2361 878 2392 seminationis
901 2370 968 2391 esse
991 2367 1158 2400 peccatum
1181 2359 1324 2390 mortale.

371 2408 468 2445 Quod
493 2407 579 2437 enim
602 2416 710 2436 semen
734 2405 876 2436 mulieris
900 2405 938 2436 sit
954 2405 1081 2446 proprie
1105 2414 1224 2441 semen,
1241 2413 1307 2434 non
1331 2413 1382 2434 so-

315 2454 385 2484 lum
409 2462 446 2483 ex
469 2450 634 2482 communi
658 2450 869 2490 appellatione
892 2460 956 2491 qua
980 2459 1088 2480 semen
1115 2449 1302 2489 appellatur,
1327 2448 1382 2479 sed

316 2508 352 2528 ex
376 2497 502 2527 duobus
520 2503 604 2536 patet
621 2495 726 2535 signis.
752 2495 869 2531 Primo,
887 2505 924 2525 ex
943 2505 981 2525 eo
1005 2494 1094 2535 quod
1118 2500 1164 2524 est
1183 2493 1381 2534 superfluum

316 2542 456 2572 alimenti
480 2540 593 2576 ultimi,
618 2540 680 2571 hoc
703 2546 750 2570 est
773 2539 948 2580 sanguinis:
981 2546 1016 2570 ut
1039 2545 1170 2570 testatur
1193 2537 1381 2578 experientia

315 2586 458 2616 humoris
474 2585 639 2624 sanguinei
655 2584 761 2615 emissi
778 2594 795 2614 a
819 2583 950 2615 muliere
974 2590 1048 2624 post
1067 2583 1182 2614 multas
1199 2582 1380 2614 seminatio·

316 2640 370 2660 nes
394 2636 582 2670 procurante
597 2629 700 2660 adhuc
717 2629 882 2660 seminare.
899 2646 918 2651 -
935 2628 1094 2664 Secundo,
1115 2638 1152 2658 ex
1167 2638 1205 2658 eo
1221 2628 1311 2668 quod
1326 2638 1380 2658 na-

314 2682 383 2706 tura
398 2684 463 2705 non
480 2674 595 2705 frustra
609 2674 695 2704 dedit
710 2673 836 2704 mulieri
851 2683 925 2703 vasa
941 2673 1122 2709 seminaria,
1136 2673 1198 2703 hoc
1214 2679 1260 2703 est
1276 2678 1379 2708 testes,

314 2719 369 2760 qui
394 2718 567 2759 pubertatis
590 2726 735 2758 tempore
758 2717 894 2749 distendi
919 2724 950 2748 et
972 2725 1148 2748 tumescere
1163 2717 1320 2748 videntur.

370 2764 467 2801 Quod
491 2773 566 2794 vero
590 2763 630 2794 sit
654 2763 812 2794 materiale
835 2769 971 2798 tantum,
993 2762 1113 2793 ratione
1137 2769 1168 2793 et
1192 2762 1283 2802 signo
1307 2771 1379 2802 pro-

314 2809 413 2838 batur.
439 2807 574 2838 Ratione
598 2807 739 2848 quidem,
757 2807 831 2848 quia
855 2817 962 2838 semen
988 2814 1035 2838 est
1053 2807 1085 2837 in
1111 2806 1253 2847 potentia
1273 2813 1379 2838 totum

990 283 1258 331 QUAESTIO
1288 282 1426 330 CLIV,
1454 282 1754 320 ARTICULUS
1783 285 1852 321 ΧΠ

1441 361 1635 392 animatum:
1668 372 1703 393 ac
1734 372 1791 402 per
1820 363 1898 400 hoc,
1923 363 2004 396 sicut
2034 364 2211 396 animatum
2240 366 2446 406 componitur
2478 376 2514 397 ex

1412 410 1415 446 ᾗ
1441 405 1548 435 anima
1564 412 1595 436 et
1610 416 1754 446 corpore,
1770 406 1815 438 ita
1829 417 1940 438 semen
1956 418 1993 439 ex
2008 408 2123 440 virtute
2139 410 2239 441 activa
2254 410 2432 447 formativa,
2444 417 2513 446 etc„

1441 456 1472 479 et
1495 449 1600 489 primo
1616 450 1770 482 subiecto.
1794 452 1836 482 Et
1851 458 2019 492 propterea
2043 453 2124 484 sicut
2146 454 2180 485 in
2202 455 2441 494 vegetabilibus,
2459 455 2513 485 ubi

1440 493 1628 544 indiscretus
1657 501 1708 545 est.
1732 505 1841 532 sexus,
1867 506 1976 527 semen
2007 497 2149 529 continet
2176 505 2366 540 utrumque,
2397 491 2514 530 scilicet

1439 547 1635 578 principium
1651 546 1791 570 activum
1806 546 1837 571 et
1851 540 1993 580 primum
2012 541 2205 583 principium
2222 544 2395 583 passivum,
2413 544 2512 584 quod,

1412 585 1414 616 ὲ
1439 581 1545 613 fotum
1570 589 1600 613 et
1624 583 1737 614 alitum
1761 594 1798 614 ex
1821 584 1958 616 humore
1981 586 2134 624 admixto,
2159 587 2340 619 subiectum
2369 587 2512 628 primum

1438 627 1651 666 generationis
1667 634 1730 664 est;
1755 628 1799 659 sic
1821 628 1856 660 in
1880 629 2081 668 animalibus,
2099 631 2154 662 ubi
2173 632 2326 663 discretus
2347 639 2394 663 est
2409 642 2512 669 sexus,

1439 681 1505 701 non
1530 671 1638 702 solum
1662 681 1772 702 semen
1795 679 1842 703 est
1865 674 1955 714 quod
1978 674 2118 706 activum
2141 683 2189 707 est
2210 676 2432 716 generationis,
2457 677 2513 707 sed

1439 715 1534 746 etiam
1558 716 1648 756 quod
1678 716 1822 757 primum
1851 718 2016 757 passivum
2039 726 2086 750 est
2113 721 2335 760 generationis.
2366 721 2408 751 Et
2431 731 2512 762 quo-

1438 760 1525 790 niam
1548 760 1644 791 maris
1668 768 1792 792 constat
1815 771 1882 792 esse
1905 771 1996 802 agere
2013 770 2044 795 et
2059 763 2196 795 feminae
2214 765 2289 805 pati,
2314 775 2512 806 consequens

1438 812 1485 836 est
1508 805 1598 845 quod
1621 804 1816 845 principium
1839 806 1979 837 activum
1997 817 2035 837 ex
2054 815 2141 848 parte
2164 809 2260 840 maris
2283 810 2323 841 sit
2345 819 2464 846 semen,
2482 817 2512 840 et

1438 849 1580 889 primurn
1603 849 1800 890 principium
1822 850 1986 890 passivum
2002 860 2040 882 ex
2062 859 2150 892 parte
2165 852 2302 884 feminae
2325 854 2365 885 sit
2387 863 2510 890 semem

1438 900 1474 924 ut
1497 894 1542 925 sic
1565 904 1602 924 ex
1626 901 1764 935 utroque
1788 893 1843 925 fiat
1865 894 2026 935 integrum
2051 906 2171 934 semen,
2196 897 2278 929 sicut
2299 898 2332 929 in
2355 898 2512 938 vegetabi—

1436 938 1521 969 libus
1545 949 1582 969 ex
1610 938 1780 969 indiscreto
1811 948 1887 970 sexu
1910 938 1946 970 fit
1969 939 2129 980 integrum
2156 951 2276 974 semen.
2305 943 2346 974 Et
2374 943 2456 974 sicut
2477 943 2511 973 in

1437 1028 1551 1059 alitum
1574 1038 1612 1058 ex
1641 1028 1784 1058 admixto
1814 1028 1854 1058 ab
1877 1035 1963 1059 extra
1993 1029 2129 1060 humido
2151 1030 2185 1060 in
2208 1036 2305 1068 terra;
2336 1031 2379 1062 ita
2402 1041 2511 1063 semen

1437 1117 1574 1148 humore
1597 1117 1760 1157 sanguinis
1790 1117 1961 1154 menstrui,
1985 1128 2155 1159 nunquam
2184 1126 2357 1160 generaret.
2380 1138 2401 1143 -
2423 1123 2511 1152 Atte-

1437 1168 1560 1193 stantur
1583 1162 1659 1193 huic
1682 1162 1917 1202 proportionali
1940 1162 2055 1193 rationi
2077 1163 2184 1204 signa:
2215 1163 2291 1204 quia
2314 1164 2433 1195 scilicet
2455 1174 2511 1195 na-

1437 1207 1554 1238 turales
1577 1214 1665 1237 actus
1690 1206 1882 1237 feminarum
1906 1207 1939 1238 in
1963 1207 2136 1239 concubitu
2161 1215 2236 1239 sunt
2258 1209 2388 1240 subesse
2411 1215 2442 1240 et
2464 1218 2511 1240 re-

1437 1251 1550 1292 cipere,
1575 1261 1658 1292 quae
1681 1251 1831 1282 materiae
1855 1258 1885 1282 et
1907 1251 2023 1292 passivi
2047 1252 2194 1293 principii
2217 1259 2300 1284 sunt.

1491 1296 1574 1327 XXI.
1599 1296 1665 1327 Nec
1690 1303 1799 1327 contra
1822 1296 1904 1327 hanc
1928 1297 2118 1327 sententiam
2147 1297 2263 1328 militat
2285 1297 2366 1328 ratio
2389 1298 2510 1328 Aristo-

1437 1340 1507 1371 telis
1521 1340 1549 1377 *,
1573 1341 1705 1372 scilicet:
1723 1341 1759 1371 Si
1774 1346 1952 1379 menstrua,
1970 1351 2051 1383 ergo
2067 1351 2130 1372 non
2146 1350 2274 1373 semen:
2297 1347 2328 1373 et
2345 1343 2374 1373 si
2388 1351 2509 1380 semen,

1438 1395 1518 1426 ergo
1542 1395 1606 1416 non
1630 1391 1806 1416 menstrua.
1831 1385 1997 1422 Quoniam
2012 1386 2093 1417 ratio
2116 1386 2175 1417 ista
2192 1396 2258 1417 non
2275 1393 2362 1418 tenet
2383 1386 2416 1417 in
2440 1387 2511 1419 sub-

1438 1429 1606 1467 ordinatis,
1631 1430 1686 1460 sed
1709 1430 1742 1460 in
1766 1430 1942 1470 disparatis.
1977 1430 2142 1467 Quoniam
2175 1440 2257 1471 quae
2290 1437 2366 1462 sunt
2387 1431 2511 1463 diversa

1437 1481 1493 1505 aut
1515 1474 1683 1515 disparata,
1708 1475 1733 1504 si
1757 1484 1860 1505 unum
1877 1481 1923 1505 est
1938 1475 2179 1515 proportionale
2203 1475 2326 1512 semini,
2344 1485 2419 1515 ergo
2443 1484 2511 1507 non

1436 1519 1611 1560 reliquum:
1636 1519 1711 1560 quia
1727 1519 1816 1550 aliter
1839 1525 1943 1550 essent
1958 1520 2035 1550 duo.
2059 1519 2121 1550 Sed
2135 1519 2168 1550 in
2184 1519 2233 1550 his
2249 1529 2390 1561 quorum
2407 1524 2511 1552 unum

1437 1564 1663 1595 subordinatur
1692 1563 1836 1604 reliquo,
1862 1573 1928 1594 non
1953 1564 2048 1594 currit
2074 1564 2172 1595 ratio:
2202 1564 2279 1605 quia
2310 1565 2406 1595 ambo
2436 1571 2512 1596 sunt

1437 1618 1539 1639 unum
1556 1608 1668 1639 ordine
1683 1607 1834 1638 naturalis
1850 1608 2168 1645 subministrationis;
2192 1619 2229 1640 ac
2244 1618 2301 1649 per
2323 1609 2386 1640 hoc
2409 1609 2510 1649 quod,

1436 1653 1462 1683 si
1480 1663 1583 1683 unum
1599 1653 1730 1694 ponitur
1746 1652 1987 1693 proportionale
2003 1660 2040 1684 ut
2055 1653 2207 1693 primum,
2225 1653 2361 1685 alterum
2383 1660 2511 1693 oportet

1435 1787 1541 1816 minae
1564 1793 1600 1817 ut
1624 1786 1765 1826 primum
1793 1786 1971 1826 passivum,
1997 1786 2102 1817 fotum
2131 1793 2162 1818 et
2190 1786 2304 1818 alitum
2331 1793 2507 1818 menstruo.

1492 1830 1683 1861 Consonant
1706 1839 1838 1870 quoque
1862 1830 1936 1861 huic
1959 1830 2113 1870 positioni
2137 1838 2168 1862 et
2191 1841 2274 1872 quae
2292 1831 2456 1862 Avicenna
2477 1837 2510 1863 et

1434 1875 1584 1905 Albertus
1601 1874 1825 1910 docuerunt*;
1843 1881 1874 1905 et
1889 1884 1972 1915 quae
1986 1874 2128 1906 Galenus
2142 1874 2186 1911 **,
2203 1875 2313 1916 quoad
2329 1875 2401 1911 hoe,
2419 1875 2509 1916 quod

1435 1926 1482 1949 est
1504 1927 1629 1955 semem
1654 1926 1684 1949 et
1707 1928 1790 1959 quae
1813 1918 1905 1949 divus
1919 1918 2064 1949 Thomas
2079 1919 2106 1956 *,
2126 1920 2236 1960 quoad
2258 1919 2331 1956 hoc,
2349 1921 2440 1960 quod
2462 1927 2509 1951 eut

1434 1963 1467 1993 in
1491 1973 1605 2003 genere
1628 1963 1757 1993 seminis
1781 1969 1816 1993 ut
1831 1962 2056 2003 imperfectum
2079 1963 2174 2004 quid;
2199 1970 2230 1994 et
2251 1973 2335 2004 quae
2351 1963 2427 1996 dicit
2441 1964 2510 1997 Ati-

1434 2008 1563 2039 stoteles
1577 2007 1605 2044 *,
1630 2007 1739 2048 quoad
1762 2006 1835 2043 hoc,
1859 2008 1950 2048 quod
1973 2014 2177 2039 menstruum
2199 2014 2247 2038 est
2274 2017 2382 2039 semen
2406 2009 2508 2049 impu—

1434 2063 1508 2083 rum
1533 2061 1632 2093 egens
1655 2052 1868 2083 concoctione.

1489 2100 1665 2128 Attestatur
1688 2103 1719 2127 et
1741 2096 1908 2127 delectatio
1925 2096 2005 2133 talis,
2023 2096 2142 2127 scilicet
2167 2105 2310 2132 venerea,
2327 2102 2359 2127 et
2381 2103 2468 2128 tanta
2490 2107 2508 2128 a

1434 2148 1546 2172 natura
1569 2141 1673 2181 posita
1696 2141 1729 2171 in
1753 2140 1807 2171 tali
1831 2141 2050 2177 seminatione,
2074 2141 2149 2172 huic
2172 2140 2335 2181 positioni.
2364 2141 2406 2172 Et
2428 2140 2508 2173 ratio

1434 2185 1574 2222 moralis,
1600 2195 1635 2216 ac
1659 2185 1801 2216 mortalis
1825 2185 1954 2225 peccati,
1971 2195 2054 2226 quae
2077 2185 2151 2216 hinc
2174 2184 2340 2216 manifeste
2364 2185 2508 2223 habetur,

1434 2230 1508 2262 satis
1532 2230 1676 2270 quadrat.

1490 2274 1574 2305 Hinc
1590 2274 1685 2305 etiam
1701 2280 1787 2313 patet
1797 2274 1888 2314 quod
1904 2283 1970 2304 non
1987 2280 2153 2305 excusatur
2169 2273 2285 2305 mulier
2301 2281 2374 2306 ante
2387 2281 2420 2305 et
2433 2281 2508 2315 post

1435 2325 1569 2350 aetatem
1594 2325 1833 2348 menstruorum
1857 2318 1991 2349 abutens
2014 2318 2067 2348 tali
2091 2317 2317 2350 seminatione:
2349 2318 2426 2359 quia
2449 2318 2508 2350 sci-

1435 2363 1507 2394 licet
1531 2373 1587 2403 per
1610 2362 1755 2393 accidens
1778 2372 1811 2392 se
1834 2362 1929 2393 habet
1951 2362 1991 2393 ad
2008 2362 2146 2402 speciem
2170 2369 2258 2394 actus
2277 2363 2457 2394 secundum
2473 2373 2507 2395 ae

1434 2414 1529 2438 aetas.
1554 2407 1596 2437 Et
1611 2406 1684 2438 licet
1698 2405 1923 2447 imperfectum
1938 2406 2028 2437 valde
2051 2406 2091 2437 sit
2106 2415 2216 2437 semen
2235 2407 2418 2446 puellarum
2433 2414 2506 2438 ante

1435 2459 1570 2483 aetatem
1593 2458 1845 2487 menstruorum,
1870 2451 1946 2492 quia
1968 2458 2075 2482 tamen
2100 2451 2140 2481 ad
2163 2450 2303 2491 speciem
2325 2450 2507 2482 seminatio-

1435 2497 1483 2527 nis
1499 2503 1619 2536 spectat
1638 2502 1726 2526 actus
1742 2495 1805 2534 ille,
1821 2495 1894 2526 ideo
1910 2506 1928 2526 a
1945 2502 2074 2537 peccato
2091 2495 2228 2532 mortali,
2244 2495 2334 2537 quod
2353 2495 2386 2526 in
2403 2496 2505 2527 abusu

1434 2540 1651 2572 seminationis
1666 2540 1845 2571 secundum
1861 2550 1894 2571 se
1910 2540 2131 2576 committitur,
2145 2549 2211 2570 non
2227 2546 2406 2571 excusatur:
2424 2540 2506 2571 sicut

1434 2595 1492 2616 nec
1511 2585 1558 2615 vir
1574 2595 1610 2615 ex
1622 2584 1804 2615 infirmitate
1822 2585 1984 2625 impotens
1999 2594 2148 2624 generare
2163 2591 2331 2616 excusatur
2346 2585 2386 2615 ab
2402 2585 2504 2616 abusu

1433 2629 1651 2661 seminationis
1677 2636 1707 2660 et
1730 2636 1859 2669 peccato
1882 2629 2020 2660 mortali.

1489 2675 1539 2710 Et,
1564 2674 1707 2710 breviter,
1729 2673 1816 2704 nulla
1839 2680 1970 2714 apparet
1992 2673 2026 2704 in
2049 2673 2107 2704 hac
2122 2673 2172 2704 via
2186 2673 2366 2704 secundum
2389 2682 2423 2704 se
2446 2671 2506 2704 dif-

1405 2755 1406 2758 ,
1433 2718 1574 2749 ficultas:
1605 2718 1659 2748 sed
1683 2725 1808 2749 tantum
1831 2718 1916 2759 apud
1948 2727 2100 2759 sequaces
2126 2717 2224 2749 huius
2246 2718 2296 2748 vel
2322 2717 2408 2749 illius
2434 2716 2505 2757 phi·
2533 2729 2542 2738 ·

1431 2763 1570 2803 losophi.
1602 2762 1738 2794 Constat
1769 2769 1877 2793 autem
1909 2762 2062 2794 ultimum
2095 2762 2127 2793 in
2155 2761 2360 2803 philosophia
2394 2761 2503 2793 locum

1432 2808 1655 2839 auctoritatem
1675 2807 1790 2838 habere
1805 2807 1832 2838 *-

2538 1350 2548 1360 ⁶
2562 1348 2598 1371 Cf.
2613 1355 2677 1372 num.
2692 1355 2722 1371 vr.

2535 1880 2544 1890 ⁸
2559 1879 2594 1902 Cf.
2609 1885 2674 1903 num.
2688 1886 2738 1902 vm.

2535 1906 2605 1956 Ζᾋὲ
2611 1906 2678 1956 1233..
2690 1940 2728 1955 vn.

2534 2016 2545 2026 ⁴
2558 2015 2616 2038 Loe.
2630 2015 2669 2038 eit.
2684 1995 2749 2038 num.⁴

2534 2048 2558 2064 vr
2572 2042 2632 2070 init„
2647 2048 2698 2070 eap.
2709 2048 2747 2065 xx.

2596 2744 2601 2748 .
2629 2727 2695 2750 Boet-
2718 2728 2742 2750 ln

2530 2754 2622 2807 {iffi
2631 2753 2679 2777 Cic.
2702 2754 2742 2777 nb.

2527 2807 2584 2835 pre„
2597 2807 2637 2830 ns.
2689 2825 2693 2829 .

2679 2798 2684 2803 .
2697 2781 2743 2804 To·
