2612 4178
162 270 246 295 XXVI

289 339 372 391 Qu.
409 349 476 385 CL,
512 343 587 377 art.
631 349 664 384 1,
700 330 789 390 arg,
826 345 865 384 4.
909 350 922 368 «
955 332 1057 372 dicit
1091 331 1204 371 enim
1241 330 1495 386 Gregorius,
1520 332 1642 386 quod
1678 344 1775 372 curn
1799 331 1928 371 venia
1952 345 2034 371 suo
2067 330 2245 386 ingenio
2279 335 2381 370 sunt

162 399 443 455 relinquendi,
469 411 523 440 ne
547 398 783 439 deteriores
818 396 922 435 fiant
944 394 979 435 si
1003 409 1028 434 a
1052 393 1122 434 tali
1147 393 1464 434 consuetudine
1500 395 1740 435 evellantur
1769 411 1803 435 ».
1838 394 2062 434 Invenitur
2095 395 2136 434 in
2172 406 2264 434 can.
2287 392 2379 432 De-

160 465 305 517 nique,
341 463 437 503 dist.
472 462 545 510 IV,
582 461 648 501 cui
685 458 916 500 Gratianus
950 456 1203 511 praemittit:
1238 456 1288 496 B.
1322 455 1563 509 Gregorius
1594 457 1848 511 Augustino
1880 457 2133 511 Anglorum
2165 456 2380 511 Episcopo

159 526 317 573 scribit,
353 525 509 566 dicens.
546 524 587 564 A
623 521 839 578 Gregorio
874 527 1018 560 tamen
1054 518 1290 559 abiudicari
1326 518 1469 559 debet.
1505 519 1567 560 Cf.
1603 519 1860 576 Friedberg,
1897 520 2013 567 ibid„
2050 534 2088 560 n.
2128 531 2198 570 24.

286 588 368 640 Qu.
405 599 518 634 CLIII,
544 592 619 626 art.
659 599 691 633 1,
727 598 817 639 arg.
853 585 894 624 3.
937 600 951 619 α
983 582 1175 623 Luxuria
1210 581 1364 622 dicitur
1398 594 1496 621 esse
1529 582 1791 624 libidinosae
1825 583 2062 638 voluptatis
2097 582 2314 637 appetitus
2345 598 2378 621 ».

159 651 317 691 Iisdem
352 650 498 690 verbis
533 648 734 689 definitur
766 645 934 686 luxuria
967 645 1023 685 ab
1059 644 1252 692 Halensi,
1289 644 1411 684 Sum.
1457 644 1598 685 Theol.
1622 658 1663 699 p.
1688 645 1757 694 111,
1783 658 1854 700 qu.
1880 657 2027 695 chrv,
2053 646 2212 686 memb.
2246 657 2280 685 1.

286 713 369 766 Qu.
405 724 519 759 CLIV,
555 717 630 751 art.
667 711 707 758 8,
743 723 834 764 arg.
867 722 900 749 ι.
944 726 957 743 «
984 708 1139 748 dicitur
1172 707 1287 747 enim
1322 706 1581 747 adulterium
1607 719 1660 748 ex
1684 720 1738 748 eo
1774 708 1896 762 quod
1919 709 2076 764 aliquis
2111 709 2166 749 ad
2201 708 2380 749 alteram

158 776 324 816 accedit
364 781 533 829 praeter
571 786 714 820 suam,
751 772 862 812 sicut
895 771 998 812 dicit
1038 769 1255 825 quaedam
1299 770 1452 826 glossa
1485 782 1618 824 super
1655 769 1864 811 Exodum
1895 789 1929 812 ».
1971 773 2018 812 In
2054 773 2216 813 Glossa
2249 783 2381 825 super

156 838 373 884 Exodum,
411 837 531 891 quod
567 836 634 877 hic
669 835 834 883 dicitur,
860 848 948 875 non
980 833 1238 874 invenimus.
1274 833 1565 889 Augustinus,
1589 832 1730 874 Serm.
1754 833 1825 881 LI,
1849 834 1902 874 al.
1926 834 1980 875 de
1999 835 2203 876 Diversis
2225 833 2379 880 LXIII,

158 914 248 955 cap.
283 912 370 948 xm,
406 900 467 940 sic
501 899 653 940 habet:
696 917 710 934 «
743 898 873 940 Unde
907 897 1171 952 appellatum
1206 903 1273 937 est
1306 896 1579 944 adulterium,
1618 895 1744 950 quasi
1779 895 1845 936 ad
1872 897 2062 939 alterum
2092 916 2127 939 ι.

282 963 366 1015 Ωιι.
402 974 517 1011 CLIV,
554 968 629 1003 art.
674 974 745 1010 12,
781 975 872 1018 arg.
909 961 1004 1002 SED
1046 972 1244 1002 CONTRA.
1298 978 1312 996 ‹
1345 959 1622 1016 Augustinus
1658 958 1761 999 dicit
1794 958 1836 999 in
1872 959 1983 1000 libro
2017 960 2073 1001 de
2102 960 2383 1002 Adultem‘m's

161 1025 391 1079 Coniugiis,
428 1025 549 1080 quod
585 1025 781 1066 omniurn
820 1025 976 1066 horum
1005 1024 1299 1079 (peccatorum
1333 1022 1497 1064 scilicet
1531 1036 1644 1077 quae
1677 1021 1734 1063 ad
1770 1021 1982 1063 luxuriam
2016 1024 2246 1079 pertinent)
2279 1036 2381 1078 pes-

155 1089 314 1129 simum
349 1095 415 1129 est
449 1089 570 1143 quod
605 1095 756 1130 contra
790 1095 986 1129 naturam
1022 1088 1069 1128 fit
1099 1105 1132 1128 ».

282 1152 539 1193 Desumitur
579 1165 632 1193 ex
672 1165 840 1193 canone
874 1151 1107 1198 Adultera,
1147 1151 1278 1192 Caus.
1316 1150 1493 1200 XXXII,
1531 1163 1601 1204 qu.
1637 1162 1716 1198 v11;
1753 1162 1779 1190 a
1819 1148 2090 1197 Lombardo,
2133 1149 2206 1190 IV.
2242 1149 2380 1197 Sent,

155 1214 252 1256 dist.
287 1227 470 1263 xxxv111,
507 1222 549 1256 et
581 1215 623 1256 in
658 1216 862 1263 Decreto,
900 1214 1055 1255 dicitur
1089 1227 1186 1255 esse
1221 1213 1477 1270 Augustini,
1513 1213 1586 1268 qui
1622 1213 1716 1254 aliis
1750 1212 1896 1253 verbis
1932 1211 2047 1253 idem
2082 1212 2186 1253 dicit
2223 1211 2286 1252 in'
2309 1209 2381 1253 lib.

154 1277 207 1319 de
238 1279 360 1318 Bono
398 1278 637 1333 Coniugali,
675 1292 767 1333 cap.
804 1290 890 1318 vm.
1605 1323 1610 1328 ¹
2339 1294 2341 1298 ¹

281 1341 365 1394 Ωιι.
401 1353 501 1390 CLV,
537 1348 612 1383 art.
647 1343 695 1390 3,
730 1355 821 1398 arg.
859 1353 898 1382 2.
941 1358 955 1377 ι
987 1340 1090 1381 dicit
1123 1340 1238 1381 enim
1273 1339 1574 1388 Andronicus,
1610 1339 1733 1394 quod
1770 1339 2082 1381 incontinentia
2115 1345 2183 1380 est
2221 1336 2384 1380 malitia

155 1404 515 1459 concupiscibilis,
552 1405 793 1446 secundum
828 1417 960 1459 quam
985 1403 1105 1460 eligit
1126 1417 1285 1458 pravas
1309 1403 1634 1451 delectationes,
1659 1403 1920 1458 prohibente
1954 1402 2152 1444 rationali
2176 1418 2212 1443 ι.
2247 1402 2294 1443 In
2318 1412 2383 1451 ea,

154 1480 242 1522 qua
275 1467 341 1508 usi
375 1482 539 1516 sumus,
576 1468 766 1509 editione
800 1467 896 1508 libri
918 1467 971 1508 de
992 1466 1247 1522 Affectibus,
1273 1466 1546 1508 desideratur
1567 1466 1907 1508 incontinentiae
1931 1466 2148 1515 definitio;
2179 1465 2384 1521 quamvis

154 1530 418 1572 continentia
453 1532 510 1572 ita
543 1531 707 1572 ibidem
741 1530 991 1572 definiatur:
1035 1548 1048 1567 ‹
1078 1530 1216 1571 virtus
1252 1530 1615 1585 concupiscibilis,
1639 1531 1882 1572 secundum
1918 1543 2050 1584 quam
2086 1529 2292 1570 cohibere
2314 1526 2383 1570 ra*-

153 1594 271 1635 tione
306 1600 451 1648 potest
483 1594 877 1650 concupiscentiam
915 1601 1111 1635 ruentem
1138 1593 1188 1634 in
1223 1606 1380 1648 pravas
1409 1594 1660 1649 voluptates
1684 1611 1718 1635 ι.
1754 1593 1887 1636 Unde
1908 1606 1961 1634 ex
1986 1591 2194 1648 opposito
2230 1592 2383 1634 incon—

153 1656 334 1698 tinentia
367 1657 472 1712 quid
506 1658 572 1705 sit,
608 1657 851 1700 innotescit.

280 1719 364 1773 Qu.
400 1732 546 1769 CLVIII,
582 1728 657 1762 art.
702 1734 734 1769 1,
771 1735 859 1777 arg.
896 1722 935 1762 3.
979 1721 1084 1761 «Ira
1118 1727 1183 1761 est
1216 1720 1435 1775 appetitus
1468 1720 1699 1767 vindictae,
1724 1727 1771 1761 ut
1805 1719 1910 1761 dicit
1942 1720 2106 1761 Glossa
2133 1730 2266 1775 super
2296 1718 2383 1760 Lei-

151 1782 223 1823 vit.
260 1795 336 1824 X1x
374 1801 407 1824 ›.
444 1784 604 1825 Glossa
638 1784 868 1825 Ordinaria
908 1783 1146 1840 Augustini
1182 1782 1223 1824 in
1266 1796 1358 1838 cap.
1394 1783 1462 1824 cit.
1501 1797 1614 1825 vers.
1657 1795 1727 1838 17,
1765 1783 1868 1826 dicit
1903 1783 2026 1837 quod
2068 1783 2130 1825 ira
2164 1788 2231 1824 est
2269 1799 2286 1819 ‹
2316 1782 2382 1824 ul-

153 1845 341 1886 ciscendi
376 1846 512 1888 libido
539 1865 572 1888 ³.
609 1847 881 1895 Aristoteles,
917 1847 954 1887 11
988 1847 1118 1887 Rhet.
1155 1859 1247 1900 cap.
1283 1858 1324 1893 11,
1361 1860 1401 1887 n.
1446 1859 1478 1894 ι,
1504 1847 1567 1887 sic
1590 1846 1729 1902 ipsam
1762 1847 1934 1891 definit:
1983 1846 2093 1899 ὄρεξις
2129 1849 2226 1898 μετὰ
2260 1846 2383 1893 λύπης

151 1915 327 1960 τιμωρίας
355 1917 590 1962 φαινομένης.
2340 1917 2351 1941 3

279 1971 363 2023 Qu.
398 1983 546 2022 eLv111,
581 1980 656 2015 art.
694 1986 734 2026 4,
769 1987 860 2029 arg.
904 1986 937 2014 1.
980 1991 994 2010 ‹
1026 1973 1144 2014 Dicit
1179 1972 1292 2014 enim
1330 1972 1678 2027 Chrysostomus
1701 1972 1824 2027 quod
1859 1975 1962 2016 nihil
1987 1979 2054 2015 est
2082 1971 2251 2027 turpius
2284 1968 2383 2010 viisu

150 2034 341 2083 furentis,
377 2043 420 2076 et
453 2036 555 2077 nihil
590 2036 827 2078 deformius
861 2050 1019 2078 severo
1055 2037 1172 2077 visu:
1208 2043 1251 2077 et
1285 2036 1423 2076 multo
1457 2036 1600 2092 magis
1633 2036 1779 2077 anima
1811 2054 1844 2078 ι.
1879 2038 1924 2079 ln
1960 2042 2080 2079 textu
2115 2031 2384 2076 Graecos&

151 2098 352 2139 habetur:
383 2098 498 2138 Οὐδὲν
528 2104 600 2152 γὰρ
640 2103 874 2153 αἰσχρότερον
904 2101 1016 2152 ὅψεως
1043 2102 1288 2152 θυμουμένης.
1321 2097 1421 2138 οὐδὲν
1458 2097 1817 2152 δυσειδεστερον.«Εἰ
1844 2098 1884 2140 δὲ
1913 2102 2039 2153 ὄψεως,
2071 2100 2202 2149 πολλῷ
2235 2097 2384 2149 μᾶλλον

152 2161 290 2213 ψυχῆς.
330 2161 397 2202 Ex
432 2174 522 2215 quo
556 2168 675 2216 patet
707 2162 957 2203 versionem
993 2162 1168 2203 latinam
1202 2162 1271 2203 hic
1306 2161 1478 2202 citatam
1525 2169 1775 2217 corruptam
1816 2163 1969 2212 fuisse,
2006 2163 2080 2204 ubi
2113 2173 2264 2203 severo
2303 2170 2384 2215 pro

151 2223 196 2264 si
222 2236 325 2264 vero
359 2224 546 2265 exhibet.
1656 2271 1658 2273 ,
2180 2232 2183 2235 ’
2321 2222 2359 2259 πῗΙ

282 2286 367 2339 Qu.
402 2298 533 2336 Can,
568 2294 644 2328 art.
674 2300 714 2340 4,
742 2302 833 2344 arg.
859 2289 899 2330 3.
943 2306 956 2323 «
988 2287 1106 2329 Dicit
1140 2288 1253 2329 enirn
1290 2287 1591 2342 Hieronymus
1626 2288 1747 2343 quod
1783 2288 1885 2331 nihil
1921 2296 1987 2331 est
2019 2296 2107 2330 tam
2142 2286 2383 2342 superbum

155 2363 286 2404 quam
306 2349 523 2405 ingratum
541 2350 677 2392 videri
703 2368 738 2392 ».
763 2351 909 2404 Quam
933 2351 1192 2392 sententiam
1215 2351 1333 2406 apud
1350 2351 1673 2405 Hieronymum
1691 2351 1888 2394 invenire
1908 2366 1996 2394 non
2015 2351 2259 2408 potuimus;
2284 2349 2384 2391 licet

156 2425 244 2455 non
278 2413 421 2454 solum
456 2413 524 2454 hic
558 2419 602 2455 et
627 2414 675 2463 ,in
711 2414 797 2469 Qq.
832 2414 886 2455 de
918 2414 1052 2462 Malo,
1078 2428 1149 2470 qu.
1174 2427 1262 2462 vm,
1287 2421 1362 2456 art.
1389 2426 1430 2467 4,
1458 2428 1549 2471 arg.
1575 2414 1615 2464 5,
1641 2429 1666 2455 a
1700 2415 1756 2457 D.
1781 2415 1957 2457 Thoma
1980 2415 2060 2471 ipsi
2094 2413 2382 2463 adscribatur,

154 2475 233 2517 sed
269 2482 310 2517 et
343 2476 398 2517 ab
434 2476 686 2518 Alexandro
723 2477 921 2525 Halensi,
957 2478 1078 2519 Sum.
1130 2477 1272 2519 Theol.
1307 2484 1414 2533 part.
1450 2478 1506 2526 ΙΙ,
1542 2491 1614 2533 qu.
1656 2488 1860 2527 cxxxvu,
1901 2480 2063 2521 memb.
2112 2490 2182 2523 ιο.
2218 2484 2295 2518 art.
2339 2488 2380 2521 2.

282 2538 366 2591 Qu.
401 2550 532 2587 Can,
567 2546 644 2581 art.
679 2542 719 2582 6.
766 2558 780 2577 ‹
814 2540 942 2582 Unde
978 2541 1160 2582 Boetius
1201 2541 1322 2588 dicit,
1359 2541 1481 2596 quod
1523 2554 1621 2583 cum
1663 2542 1811 2583 omnia
1851 2542 1958 2584 vitia
1996 2542 2166 2599 fugiant
2199 2554 2224 2582 a
2258 2540 2381 2589 Deo,

155 2601 250 2643 sola
283 2602 487 2656 superbia
520 2616 567 2643 se
601 2603 701 2644 Deo
737 2603 921 2659 opponit
951 2622 984 2645 ›.
1021 2604 1063 2645 A
1098 2603 1322 2652 Caietam),
1359 2605 1471 2646 Part.
1507 2605 1537 2653 1,
1573 2618 1645 2660 qu.
1681 2617 1800 2654 Lxm,
1835 2613 1911 2647 art.
1947 2608 1987 2654 6,
2025 2605 2380 2652 Commentxv,

155 2678 234 2720 pro
270 2664 427 2707 eodem
463 2666 504 2706 in
538 2666 837 2708 testimonium
870 2667 1046 2708 affertur
1079 2668 1281 2709 Boetius:
1325 2668 1579 2710 Alexander
1619 2669 1826 2710 Halensis
1866 2675 2026 2718 tamen,
2068 2668 2191 2710 Sum.
2236 2667 2380 2709 Theoi.

155 2734 260 2783 part.
296 2728 352 2775 11,
389 2742 460 2782 qu.
497 2740 677 2777 cxxxw,
714 2730 873 2771 memb.
917 2730 964 2778 5,
1001 2731 1271 2772 Bernardum
1307 2731 1426 2780 citat;
1468 2738 1512 2773 et
1550 2731 1728 2780 ibidem,
1764 2733 1923 2775 memb.
1965 2744 2008 2780 11.
2039 2731 2379 2786 Hieronymum.

157 2791 289 2845 Apud
326 2791 489 2832 nullum
524 2792 705 2834 istorum
741 2794 986 2835 invenimus
1021 2794 1186 2836 dictum
1214 2794 1404 2836 allatum.
1439 2795 1692 2842 Cassianus,
1717 2796 1788 2836 De
1821 2795 2130 2838 Coenobiorum
2152 2794 2378 2842 [restitutis.

156 2854 227 2895 lib.
262 2854 353 2903 XII,
390 2868 480 2910 cap.
518 2868 594 2903 νιι,
631 2856 692 2896 sic
727 2856 875 2898 habet:
927 2875 939 2892 ‹
973 2857 1196 2910 Quantum
1234 2864 1299 2899 est
1333 2858 1494 2899 malum
1530 2859 1782 2914 superbiae,
1817 2866 1864 2901 ut
1897 2872 1985 2901 non
2028 2859 2254 2916 angelum.
2290 2868 2380 2899 non

156 2917 261 2959 alias
295 2916 476 2958 virtutes
510 2918 591 2959 sibi
615 2919 864 2968 contrarias,
889 2920 966 2961 sed
991 2920 1134 2975 ipsum
1170 2921 1315 2962 Deum
1338 2921 1637 2963 adversarium
1662 2922 1823 2964 habere
1853 2923 2088 2965 mercaturi
2123 2920 2379 2965 Notandum

156 2980 373 3034 siquidem
408 2987 483 3028 est,
520 2982 640 3036 quod
676 2995 953 3037 nequaquam
990 2983 1146 3025 dixerit
1179 2984 1441 3039 (Apostolus
1476 2985 1680 3040 Iacobus)
1712 2998 1846 3041 super
1877 2985 1944 3027 his
1977 2986 2053 3041 qui
2091 2984 2248 3027 ceteris
2279 2990 2382 3025 sunt

156 3043 271 3084 vitiis
307 3043 500 3091 involuti,
536 3045 656 3099 quod
691 3045 880 3087 habeant
913 3046 994 3087 sibi
1032 3047 1177 3088 Deum
1212 3048 1484 3090 resistentem
1519 3056 1584 3090 etc
1589 3082 1654 3091 .....
1687 3048 1812 3090 Haec
1844 3048 1919 3103 (sc.
1951 3047 2171 3104 superbia)
2204 3045 2381 3103 proprie

158 3106 362 3162 pertingit
394 3106 450 3148 ad
484 3107 641 3156 Deum,
678 3114 720 3149 et
753 3108 913 3150 idcirco
949 3123 1049 3151 eum
1084 3110 1328 3165 specialiter
1362 3111 1494 3168 digna
1529 3118 1595 3153 est
1627 3111 1789 3153 habere
1823 3111 2086 3153 contrarium
2119 3130 2152 3152 ι.

284 3169 368 3222 Qu.
404 3180 582 3219 chxm,
617 3177 693 3212 art.
737 3185 768 3213 1.
810 3190 827 3208 ι
857 3172 1052 3214 Fuerunt
1085 3179 1229 3215 autem
1263 3174 1456 3229 quidam,
1481 3175 1556 3230 qui
1580 3174 1888 3231 'cognitionem
1912 3174 2210 3230 propheticam
2238 3184 2270 3214 'a
2303 3186 2379 3215 co·
2435 3221 2440 3227 Ι

159 3231 367 3287 gnitione·
387 3232 615 3275 beatorum
650 3234 917 3292 distinguere
951 3237 1163 3284 volentes,
1189 3237 1390 3279 dixerunt
1413 3237 1534 3293 quod
1568 3237 1814 3294 Prophetae
1839 3237 1989 3279 vident
2011 3237 2150 3294 ipsam
2183 3236 2379 3278 divinam

159 3294 404 3342 essentiam.
440 3309 570 3350 quam
607 3303 768 3339 vocant
798 3298 1022 3354 speculum
1054 3301 1335 3347 aeternitatis,
1362 3314 1451 3342 non
1474 3307 1620 3343 tamen
1641 3300 1886 3343 secundum
1910 3300 2034 3356 quod
2055 3306 2122 3342 est
2156 3300 2378 3342 obiectum

161 3356 400 3405 beatorum,
436 3359 514 3399 sed
548 3360 787 3403 secundum
823 3361 944 3416 quod
978 3362 1143 3404 suntin
1167 3376 1220 3404 ea
1253 3364 1443 3405 rationes
1477 3363 1718 3405 futurorum
1754 3367 1991 3405 eventuum
2017 3381 2051 3405 ι.
2086 3363 2258 3405 Diffuse
2290 3370 2378 3405 tra·-

162 3424 247 3460 ctat
281 3419 334 3460 D.
370 3419 566 3462 Thomas
601 3422 655 3463 de
688 3424 858 3478 speculo
891 3426 1172 3473 aeternitatis,
1207 3426 1304 3468 sive
1336 3426 1509 3481 speculo
1540 3429 1726 3474 aeterno,
1762 3426 1834 3467 De
1863 3427 2004 3468 'Vc-rit.
2039 3440 2111 3482 qu.
2137 3439 2209 3475 xu,
2234 3432 2310 3468 art.
2334 3427 2376 3468 6¹.

163 3480 226 3522 Cf.
262 3481 309 3521 11.
346 3481 474 3529 Sent..
513 3483 606 3524 dist.
644 3497 700 3533 xi,
736 3494 839 3541 part.
875 3500 915 3536 ιι,
951 3494 1025 3529 art.
1058 3500 1103 3536 ¹2,
1139 3488 1194 3529 ad
1230 3501 1277 3541 4:
1311 3489 1362 3530 ln
1396 3489 1573 3535 Isaram,
1604 3502 1696 3544 cap.
1726 3501 1753 3537 ι,
1787 3501 1845 3539 νι,
1880 3501 2062 3532 xxxviii.
2095 3490 2174 3531 De>
2199 3488 2377 3531 auctore

163 3543 351 3587 nominis
380 3544 486 3587 'nihil
521 3559 600 3600 pro
634 3555 752 3589 certo
786 3549 960 3591 scimus.
995 3549 1158 3592 In'loc.
1195 3551 1261 3592 cit„
1296 3551 1367 3593 De
1404 3551 1550 3599 Verit„
1578 3551 1624 3593 S.
1649 3552 1820 3593 Doctor
1853 3552 1972 3594 dicit:
2015 3571 2029 3589 ‹
2061 3552 2375 3607 Quod-'autem

162 3619 189 3647 a
221 3606 442 3662 Magistris
475 3607 639 3657 dicitur.
674 3612 907 3666 prophetas
942 3612 985 3654 in
1017 3612 1198 3668 speculo
1231 3614 1495 3656 aeternitatis
1527 3614 1680 3656 videre
1708 3632 1723 3653 ι
1766 3620 1842 3656 etc.
1878 3616 1972 3658 Nec
2007 3614 2235 3665 etiam-fibi.
2260 3613 2375 3656 indi-

165 3674 283 3709 catur
317 3669 537 3711 cuiusnam
574 3672 627 3712 sit
661 3673 807 3727 opinio
844 3688 973 3729 supra
1006 3675 1133 3717 allata
1167 3675 1221 3717 de
1256 3676 1507 3733 cognitione
1529 3677 1792 3733 prophetica.
1826 3678 1988 3721 Glossa
2009 3677 2250 3721 ordinaria
2283 3675 2374 3718 Na·
