2768 4198
63 845 183 894 lnffidqu'
201 850 262 866 cxxv

153 1682 279 1710 ›mn-2.-

63 1682 90 1732 ὲζ
139 1697 148 1730 ’.
162 1706 215 1731 leet.
226 1713 278 1730 vm.

66 2172 76 2183 ⁹
90 2170 158 2193 Vei-s.
174 2170 207 2193 ιδ.

935 267 1203 315 QUAESTIO
1235 265 1759 315 CXXV11„ART1CULUS
1789 265 1816 310 1,
1839 264 1868 299 Il

2450 273 2501 308 49

551 499 964 579 QUAESTIO
1004 493 2260 555 CENTESIMAVIGESIMASEPTIMA

1124 620 1166 660 D
1190 620 1229 660 E
1283 620 1325 660 A
1350 619 1391 660 U
1415 619 1457 659 D
1480 619 1524 659 A
1549 619 1624 659 CI
1648 619 1691 658 A

1136 737 1171 762 ΙΝ
1201 736 1297 762 DUOS
1324 735 1531 761 ARTICULOS
1559 735 1678 760 DIVISA

272 861 278 871 ,
390 847 498 872 amm:
529 833 853 871 considerandum
884 840 940 870 est
964 833 1011 870 de
1037 832 1198 869 audacia
1211 831 1243 868 *.

308 845 439 928 DEt
467 888 567 925 circa
595 888 670 924 hoc
698 894 936 936 quaeruntur
965 886 1055 923 duo.

1486 830 1634 867 Primo:
1666 837 1794 866 utrum
1823 828 1985 866 audacia
2014 828 2060 865 sit
2087 835 2303 877 peccatum.

1487 883 1689 920 Secundo:
1719 891 1849 920 utrum
1879 890 2100 931 opponatur
2127 880 2348 918 fortitudini.

1130 993 1450 1036 ARTICULUS
1483 992 1692 1035 PRIMUS

1041 1089 1197 1120 UTRUM
1220 1087 1418 1119 AUDACIA
1441 1087 1509 1118 εῖτ
1532 1087 1774 1118 PEccATUM

521 1211 544 1236 D
574 1209 712 1236 PRIMUM
740 1209 794 1235 S1c
817 1207 1061 1234 Paocanrrua.
1091 1194 1252 1232 Videtur
1273 1194 1380 1242 quod
1406 1195 1407 1236 l
1432 1194 1509 1230 hoc
1538 1201 1595 1230 est
1613 1194 1742 1242 passio
1763 1193 1913 1230 vitiosa.
1945 1192 2159 1228 Sumuntur
2182 1199 2312 1228 autem
2338 1195 2512 1241 quando-

338 1240 427 1298 Q„
523 1252 684 1290 andacia
703 1263 782 1288 non
801 1250 849 1288 sit
868 1256 1082 1299 peccatum.
1108 1247 1257 1285 Dicitur
1277 1247 1380 1284 enim
1406 1254 1408 1298 ξ

432 1336 447 1345 i
497 1306 593 1343 Iob
619 1316 730 1342 xxxix
743 1304 776 1351 ³¹⁸,
805 1305 854 1342 de
883 1315 997 1352 equo,
1027 1314 1097 1352 per
1124 1311 1244 1350 quem
1269 1300 1381 1348 signi-
1406 1302 1408 1338 ἲ

1434 1259 1509 1296 que
1530 1247 1690 1284 nomina
1718 1246 1945 1296 passionum
1976 1257 1999 1282 a
2030 1245 2379 1293 superabundanti:
2417 1247 2512 1285 sicut

1434 1300 1489 1337 ira
1517 1300 1654 1338 dicitur
1675 1313 1753 1337 non
1778 1311 2062 1349 quaecumque,
2083 1298 2152 1335 sed
2181 1300 2512 1347 superabundans,

331 1345 350 1359 'i
369 1376 377 1384 *
460 1349 512 1391 ’ῗ
532 1367 660 1398 ιεειωτ
695 1359 822 1395 bonus
858 1357 1119 1407 praedicator,
1163 1355 1380 1392 secundum
1407 1380 1409 1405 3
1432 1361 1548 1404 prout
1567 1353 1709 1391 scilieet
1729 1362 1785 1391 est
1812 1353 1962 1390 vitiosa.
1994 1353 2043 1389 Et
2069 1352 2145 1388 hoc
2162 1352 2280 1389 etiam
2305 1353 2424 1391 modo
2446 1367 2512 1391 au-

63 1419 278 1473 ggffffiffgi
307 1413 552 1462 Gregorium‚
581 1413 621 1450 in
637 1411 785 1449 Moral.
802 1411 834 1458 *,
855 1410 962 1459 quod
986 1410 1170 1447 audacter
1187 1409 1225 1446 in
1249 1421 1382 1446 occur·
1407 1410 1409 1455 ἢ

63 1478 110 1497 VC!-
122 1479 170 1496 m.

1436 1407 1557 1454 dacia,
1587 1420 1657 1457 per
1685 1406 2081 1457 superabundantiam
2103 1405 2214 1453 dieta,
2243 1407 2401 1455 ponitur
2430 1420 2513 1445 esse

304 1479 389 1504 sum
413 1467 544 1516 pergit
569 1466 739 1503 armatis.
771 1465 849 1502 Sed
878 1464 1026 1502 nullum
1053 1462 1192 1500 vitium
1215 1463 1316 1500 cedit
1343 1462 1381 1499 in
1408 1462 1410 1524 l
1436 1469 1654 1511 peccatum.

307 1519 690 1558 commendationem
725 1517 892 1556 alicuius.
930 1518 1034 1566 Ergo
1073 1528 1157 1554 esse
1191 1516 1381 1554 audacem
1408 1532 1410 1566 l

1408 1568 1409 1605 ἕ
1436 1568 1552 1606 mitur
1580 1569 1795 1605 secundum
1825 1567 1931 1616 quod
1955 1574 2011 1603 est
2030 1567 2233 1604 moderata
2261 1568 2419 1606 ratione.
2451 1570 2514 1606 Sic

307 1586 386 1612 non
415 1581 473 1611 est
499 1580 715 1622 peccatum.

361 1638 396 1664 2.
425 1628 670 1673 PRAETEREA‚
709 1626 806 1663 sicut
834 1624 1093 1674 Philosophus
1122 1623 1231 1670 dicit,
1268 1624 1310 1661 in
1328 1624 1380 1660 VI
1408 1649 1411 1679 l

304 1681 426 1719 Ethic.
447 1679 479 1726 ¹¹²,
509 1686 657 1729 oportet
681 1679 877 1717 consiliari
903 1679 1054 1727 quidem
1082 1678 1201 1724 tarde,
1228 1678 1385 1726 operari

305 1739 431 1772 autem
461 1734 639 1772 velociter
665 1733 874 1771 consiliata.
905 1732 983 1770 Sed
1012 1731 1061 1769 ad
1081 1732 1181 1768 hanc
1198 1731 1383 1768 velocita-
1409 1751 1410 1755 =

305 1795 385 1827 tem
415 1787 603 1837 operandi
635 1787 742 1825 iuvat
769 1786 943 1825 audacia.
980 1786 1083 1834 Ergo
1113 1784 1275 1823 audacia
1304 1797 1383 1822 non
1409 1794 1411 1838 ξ

1410 1844 1411 1878 3
1437 1849 1573 1885 agere,
1608 1849 1686 1874 non
1717 1844 1817 1873 esset
1845 1836 1921 1873 hoc
1948 1835 2152 1883 laudabile,
2183 1835 2281 1873 sedss
2309 1836 2512 1874 vitiosum:

307 1850 363 1881 est
390 1850 608 1891 peccatum,
639 1842 707 1879 sed
736 1840 859 1888 magis
887 1839 1028 1889 aliquid
1057 1838 1260 1876 laudabile.

363 1897 399 1934 3.
439 1897 685 1941 PRAETEREA,
725 1894 886 1932 audacia
928 1901 985 1930 est
1021 1892 1216 1940 quaedam
1253 1891 1382 1940 passio
1410 1893 1411 1925 l

256 1961 279 1983 V»
306 1961 407 1999 quae
426 1957 606 1987 causat-ur
625 1961 647 1986 a
667 1960 748 1997 spe,
768 1955 810 1985 ut
828 1959 945 1996 supra
958 1946 979 1968 '¹‘
1006 1946 1181 1983 habitum
1203 1953 1271 1992 est,
1293 1956 1382 1982 cum
1410 1954 1411 1984 1

307 2002 356 2040 de
384 2003 628 2052 passionibus
657 2009 844 2050 ageretur.
885 1999 961 2038 Sed
991 2011 1079 2049 spes
1114 2011 1194 2036 non
1228 1999 1385 2048 ponitur
1410 2023 1411 2044 ;

308 2063 534 2106 peccatum,
571 2055 638 2094 sed
667 2055 790 2104 magis
817 2054 949 2092 virtus.
989 2054 1092 2102 Ergo
1123 2065 1194 2090 nec
1222 2053 1384 2090 audacia

309 2109 425 2147 debet
451 2109 544 2159 poni
572 2117 789 2159 peccatum.

363 2163 438 2201 SED
486 2175 635 2202 CONTRA
678 2174 744 2200 esT
780 2161 887 2212 quod
930 2160 1066 2198 dicitur
1097 2159 1215 2197 Eccli.
1252 2171 1314 2196 vm
1342 2159 1383 2196 *ε
1412 2191 1413 2194 ,

313 2217 410 2254 Cum
447 2218 595 2255 audace
631 2228 707 2254 non
736 2227 801 2253 eas
839 2215 876 2252 in
905 2214 992 2252 via.-
1030 2225 1077 2250 ne
1102 2214 1213 2262 forte
1247 2219 1387 2263 gravet

307 2270 412 2308 mala
439 2282 510 2308 sua
539 2271 576 2308 in
606 2276 652 2307 te.
682 2268 834 2307 Nullius
853 2275 983 2306 autem
1008 2266 1171 2304 societas
1196 2274 1252 2303 est
1273 2266 1386 2304 decli-

308 2323 437 2362 nanda
465 2323 537 2362 nisi
565 2331 725 2373 propter
751 2329 967 2372 peccatum.
1001 2321 1105 2369 Ergo
1135 2320 1296 2358 audacia
1331 2328 1387 2358 est

306 2385 524 2427 peccatum.

274 2480 278 2484 ⁴
308 2484 453 2522 dictum
483 2492 560 2531 est,
591 2492 647 2521 est
681 2483 811 2533 passio
839 2482 1048 2533 quaedam.
1087 2481 1221 2519 Passio
1255 2489 1385 2519 autem

308 2538 544 2589 quandoque
565 2537 722 2587 quidem
739 2545 797 2574 est
815 2536 1017 2574 moderata
1037 2535 1252 2573 secundum
1273 2535 1387 2573 ratio-

308 2605 418 2630 nem:
439 2592 676 2641 quandoque
696 2598 827 2628 autem
848 2598 951 2628 caret
968 2590 1088 2628 modo
1106 2589 1263 2627 rationis
1279 2594 1309 2636 ²,
1324 2590 1387 2627 vel

308 2659 378 2696 per
407 2658 607 2683 excessum
642 2645 705 2682 vel
738 2657 809 2694 per
846 2644 1058 2689 defectum3
1097 2651 1134 2680 et
1170 2643 1386 2681 secundum

363 2763 390 2793 α)
410 2761 490 2787 modo
510 2761 634 2786 rationis.
647 2773 667 2779 -
685 2759 872 2785 moderatione
890 2759 921 2784 P.

363 2797 392 2831 β)
409 2798 465 2823 sed.
476 2811 496 2818 ·-
515 2797 556 2823 vel
574 2795 738 2829 BFpACEK.

1490 1517 1550 1551 AD
1580 1526 1720 1552 vamum
1740 1526 1840 1551 ERGO
1861 1525 2046 1550 nicaNDUM
2067 1514 2175 1561 quod
2199 1514 2360 1551 audacia
2380 1514 2432 1552 ibi
2451 1528 2514 1553 su-

1436 1622 1540 1660 enim
1568 1622 1732 1671 pertinet
1761 1623 1810 1659 ad
1838 1621 2019 1658 virtutem
2049 1621 2290 1658 fortitudinis.

1489 1678 1550 1713 An
1579 1687 1773 1713 SECUNDUM
1802 1686 1989 1712 DlCENDUM
2025 1674 2130 1723 quod
2167 1675 2340 1724 operatio
2379 1676 2514 1713 festina

1438 1729 1759 1767 commendabilis
1780 1736 1836 1765 est
1854 1736 1943 1778 post
1963 1728 2179 1775 consilium,
2206 1729 2312 1778 quod
2333 1737 2388 1766 est
2408 1738 2513 1767 aetus

1438 1783 1607 1821 rationis.
1639 1783 1718 1820 Sed
1747 1782 1777 1819 si
1807 1783 1892 1832 quis
1912 1790 1999 1819 ante
2023 1781 2225 1819 consilium
2245 1784 2360 1820 vellet
2379 1783 2513 1820 festine

1439 1898 1538 1928 esset
1566 1890 1669 1927 enim
1700 1890 1896 1938 quaedam
1924 1890 2185 1938 praecipitatio
2205 1890 2378 1938 actionis,
2409 1891 2514 1940 quod

1438 1952 1495 1981 est
1522 1944 1657 1981 vitium
1686 1943 1913 1992 prudentiae
1942 1943 2182 1992 oppositum,
2211 1951 2254 1980 ut
2281 1944 2431 1994 supra*
2461 1944 2514 1981 di-

1439 2006 1542 2035 ctum
1562 2006 1630 2035 est.
1661 1997 1710 2034 Et
1739 1997 1827 2034 ideo
1848 1997 2022 2044 audacia,
2053 2008 2152 2045 quae
2178 2005 2359 2046 operatur
2378 1998 2427 2035 ad
2447 2010 2514 2035 ve-

1438 2051 1630 2089 locitatem
1667 2051 1869 2100 operandi,
1905 2050 2094 2088 intantum
2130 2050 2330 2088 laudabilis
2365 2059 2421 2089 est
2459 2052 2514 2089 in-

1439 2113 1630 2154 quantum
1659 2117 1681 2141 a
1710 2105 1855 2142 ratione
1885 2104 2094 2141 ordinatur.

1491 2161 1551 2195 An
1579 2170 1742 2195 ‘ram-mm
1772 2169 1957 2195 mensuum
1987 2158 2093 2206 quod
2121 2159 2315 2206 quaedam
2339 2159 2432 2196 vitia
2459 2160 2515 2197 in-

1440 2212 1639 2249 nominata
1669 2219 1767 2258 sunt,
1799 2219 1835 2248 et
1863 2211 2031 2248 similiter
2054 2211 2248 2260 quaedam
2276 2212 2454 2250 virtutes:
2474 2221 2517 2250 ut

1413 2275 1414 2283 ¹
1439 2273 1544 2315 patet
1570 2277 1642 2315 per
1669 2265 1970 2314 Philosophum,
2008 2264 2046 2302 in
2075 2265 2126 2301 IV
2153 2265 2275 2302 Ethic.
2291 2265 2312 2287 *
2349 2266 2399 2303 Et
2426 2267 2514 2304 ideo

1441 2319 1611 2369 oportuit
1639 2318 1872 2368 quibusdam
1901 2317 2146 2368 passionibus
2173 2318 2227 2355 uti
2256 2319 2414 2357 nomine
2442 2320 2516 2358 vir-

1413 2383 1415 2403 1
1441 2381 1566 2411 tutum
1596 2381 1633 2410 et
1660 2372 1856 2410 vitiorum.
1885 2372 2098 2421 Praecipue
2123 2372 2342 2410 autemillis
2370 2374 2516 2423 passio—

361 2432 592 2469 Rnsmunsso
607 2441 795 2468 mei-:unum
814 2428 922 2478 quod
938 2427 1112 2474 audacia,
1129 2427 1227 2465 sicut
1240 2427 1387 2476 supra*
1414 2439 1415 2479 1

1443 2427 1556 2465 nibus
1584 2426 1728 2464 utimur
1756 2427 1806 2464 ad
1833 2426 1925 2464 vitia
1954 2426 2189 2474 designanda
2218 2439 2384 2476 quarum
2399 2432 2415 2456 Υ
2449 2429 2517 2465 ob-

1414 2482 1416 2537 }
1441 2481 1583 2518 iectum
1613 2488 1669 2518 est
1697 2481 1865 2518 malum:
1895 2480 1992 2518 sicut
2019 2488 2123 2530 patet
2151 2480 2199 2518 de
2229 2481 2337 2528 odio,
2376 2481 2514 2519 timore

1415 2574 1416 2579 ,
1443 2543 1480 2572 et
1498 2535 1564 2583 ira,
1595 2542 1632 2572 et
1651 2534 1765 2572 etiam
1786 2534 1958 2572 audacia.
1990 2535 2087 2584 Spes
2109 2542 2238 2571 autem
2264 2542 2300 2571 et
2320 2547 2431 2572 amor
2450 2537 2517 2573 ha-

1442 2589 1535 2627 bent
1563 2589 1712 2626 bonurn
1741 2601 1812 2638 pro
1842 2588 2006 2626 obiecto.
2037 2590 2086 2627 Et
2114 2587 2202 2626 ideo
2222 2588 2344 2636 magis
2374 2588 2427 2626 eis
2446 2589 2516 2626 uti-

1415 2649 1417 2687 [
1441 2655 1529 2680 mur
1557 2643 1607 2680 acl
1637 2642 1873 2690 designanda
1902 2642 2061 2680 nomina
2088 2641 2284 2679 virtutum.

1494 2759 1521 2792 γ)
1541 2766 1667 2791 quarum.
1679 2772 1698 2777 -
1716 2765 1829 2790 quorum
1849 2757 1970 2782 PGHLa.

1083 2923 1405 2965 ARTICULUS
1436 2923 1738 2965 SECUNDUS

924 3018 1080 3049 UTRUM
1105 3017 1302 3048 AUDAcm
1326 3017 1595 3049 OPPONATUR
1619 3017 1905 3048 FORTITUD1N1

350 3125 405 3150 ψ.
429 3125 500 3169 ”425
524 3120 757 3146 nsacuunuu
772 3119 826 3145 stc
842 3117 1086 3144 Paocnm'run.
1102 3105 1264 3144 Videtur
1279 3106 1385 3155 quod
1412 3108 1413 3158 l
1441 3106 1656 3144 inordinate
1685 3106 1836 3154 ingerit;
1864 3107 1929 3143 vel
1958 3106 2071 3143 etiam
2100 3106 2193 3152 aliis,
2223 3117 2322 3153 quos
2350 3117 2420 3153 per
2448 3117 2515 3142 au-

323 3164 326 3167 '
356 3158 429 3212 ⁴23¹),
452 3158 496 3212 ἕρ
525 3162 686 3200 audacia
714 3173 794 3199 non
814 3169 1034 3210 opponatur
1061 3159 1283 3197 fortitudini.
1315 3160 1386 3197 Su·
1412 3167 1413 3170 ’

336 3245 340 3251 ι
371 3211 452 3254 ’,νζ
465 3208 721 3266 ''f‘perfluitas
742 3215 844 3252 enim
864 3214 1048 3252 audaciae
1067 3213 1221 3251 videtur
1242 3226 1287 3250 ex
1306 3214 1386 3251 ani·
1412 3207 1414 3230 Γ

534 3287 543 3304 a
568 3270 580 3307 i
599 3269 915 3319 praesumptione
935 3268 1158 3318 procedere.
1180 3268 1257 3305 Sed
1276 3280 1387 3316 prae·

313 3322 482 3371 sumptio
519 3324 683 3372 pertinet
710 3324 760 3361 ad
787 3322 1021 3372 superbiam,
1048 3335 1150 3372 >quae
1180 3321 1387 3371 opponitur
1413 3321 1414 3347 ἶ

322 3262 469 3301 isa-aru
487 3262 512 3297 m

313 3375 527 3413 humilitati.
557 3377 660 3426 Ergo
690 3377 852 3415 audacia
882 3376 1003 3425 magis
1031 3375 1241 3426 opponitur
1260 3375 1386 3412 humi-

313 3429 404 3467 litati
433 3442 553 3477 quam
581 3430 804 3468 fortitudini.

1442 3160 1591 3197 daciam
1612 3161 1829 3208 aggreditur
1846 3160 1909 3197 vel
1928 3159 1967 3196 in
1985 3159 2156 3208 pericula
2174 3158 2409 3208 praecipitat.
2437 3159 2514 3196 Sed

1440 3214 1516 3251 hoc
1543 3213 1696 3251 videtur
1723 3213 1773 3250 ad
1801 3213 2021 3250 iniustitiam
2041 3212 2243 3262 pertinere.
2273 3210 2377 3260 Ergo
2399 3212 2516 3249 auda-

1442 3267 1512 3315 cia,
1533 3267 1749 3304 secundum
1769 3266 1876 3315 quod
1898 3274 1954 3303 est
1972 3274 2188 3315 peccatum,
2209 3278 2289 3303 non
2309 3265 2517 3315 opponitur

1442 3320 1663 3367 fortitudini,
1694 3320 1764 3357 sed
1792 3320 1966 3357 iustitiae.

1498 3375 1532 3411 3.
1554 3375 1791 3421 PRAETEREA,
1821 3373 2003 3411 fortitudo
2035 3380 2090 3410 est
2118 3381 2154 3410 et
2183 3373 2281 3410 circa
2302 3373 2458 3410 timores
2479 3381 2516 3410 et

1443 3428 1541 3464 circa
1570 3427 1763 3474 audacias,
1792 3434 1835 3464 ut
1854 3427 2003 3476 supra*
2030 3426 2205 3464 habitum
2229 3434 2296 3464 est.
2328 3427 2406 3464 Sed
2426 3426 2515 3475 quia
2544 3435 2754 3462 ‘Qu-mnum-

369 3495 404 3520 2.
434 3483 670 3530 palmeam,
699 3485 860 3522 audacia
889 3497 968 3522 non
995 3483 1150 3521 videtur
1174 3495 1258 3520 esse
1286 3482 1386 3519 vitu—
1414 3494 1415 3534 χ
1441 3481 1622 3518 timiditas
1658 3480 1866 3530 opponitur
1898 3480 2108 3518 fortitudini
2137 3481 2353 3518 secundum
2388 3492 2515 3516 exces-
2542 3468 2562 3490 ³'

314 3536 491 3586 parabilis
520 3536 590 3573 nisi
619 3536 846 3585 inquantum
876 3551 922 3575 ex
951 3551 995 3575 ea
1023 3537 1203 3586 provenit
1226 3537 1288 3573 vel
1317 3548 1386 3573 no-

316 3597 539 3628 cumentum
568 3590 725 3638 aliquod
752 3591 824 3639 ipsi
853 3591 1007 3638 audaci,
1042 3592 1108 3639 qui
1139 3603 1179 3628 se
1208 3589 1387 3639 periculis
1414 3591 1415 3621 ἓ

458 3662 568 3686 Summa
587 3661 689 3686 Timor..
710 3661 742 3686 Ι).
756 3661 873 3686 Tnomx
892 3661 925 3686 T.
939 3662 994 3686 Vll.

1443 3548 1527 3572 sum
1557 3535 1717 3581 timoris,
1746 3535 1863 3571 habet
1890 3534 1992 3572 aliud
2011 3534 2146 3572 vitium
2167 3534 2389 3583 oppositum
2419 3533 2515 3570 timi-

1444 3589 1548 3626 ditati
1566 3588 1780 3626 secundum
1797 3588 1990 3625 defectum
2009 3587 2169 3625 timoris.
2188 3589 2227 3625 Si
2249 3600 2338 3636 ergo
2355 3586 2514 3623 audacia

2355 3665 2370 3690 7

2543 1953 2552 1961 ⁴
2563 1951 2610 1979 Qu.
2620 1957 2671 1978 uu,
2682 1956 2723 1974 art.
2734 1958 2754 1980 3.

2624 2288 2630 2321 3
2650 2279 2758 2331 ἲέοξῆῐῑ

2607 2337 2618 2342 -
2629 2326 2660 2348 Cf
2677 2327 2714 2348 lib.
2728 2327 2757 2352 11,

2611 2360 2657 2377 vn:
2674 2360 2692 2374 5.
2712 2353 2757 2375 Th.

2544 2381 2595 2402 lect.
2612 2386 2660 2406 vm,
2677 2387 2707 2402 ix.

2545 2272 2621 2321 gell}

2544 2316 2595 2381 {232
