2768 4198
35 857 46 868 ⁴
59 855 95 878 ef.
110 860 176 878 num.
196 860 220 877 u.

37 1028 46 1038 ·
60 1025 99 1049 (X.
113 1031 179 1048 num.
193 1031 230 1048 ru.

35 1114 204 1138 ’lurconum

39 1562 229 1588 uam-v.

44 1875 56 1888 ⁹
68 1874 106 1901 G·
119 1874 179 1901 ibu-

51 2280 104 2304 Ὃς.
121 2279 220 2309 niam.
235 2279 266 2302 ae

50 2307 106 2358 35⁹:
115 2306 202 2356 ἕἪ.
211 2312 256 2356 ιῗὲἷ

51 2366 88 2385 ΙΙ.

57 2811 142 2862 :en
153 2817 207 2840 <²⁹-
222 2816 272 2838 ω’

60 2898 70 2909 ’
84 2896 156 2920 Nm.
174 2902 192 2919 ι.

949 259 1218 308 QUAESTIO
1249 259 1427 306 CXXXI,
1457 256 1756 295 ARTICULUS
1786 257 1800 292 1

273 357 395 395 aeque
420 344 493 381 sihi
509 348 664 392 exoptat
680 347 712 378 ³:
741 342 808 378 sed
834 341 906 387 ille,
929 339 1069 377 scilicet
1097 339 1235 384 bonus,
1256 348 1348 374 vera
1376 371 1377 387 ἶ

273 400 336 436 via
366 397 518 442 nititur;
545 396 644 442 huic,
674 395 815 432 scilicet
840 394 993 442 ignavo,
1024 392 1112 441 quia
1142 392 1264 428 bonae
1287 401 1350 427 ar·
1377 415 1379 450 Ι
1404 397 1508 438 patet
1535 402 1604 438 per
1634 389 1928 438 Philosophum,
1957 387 1995 424 in
2025 387 2074 423 lll
2103 386 2224 423 Ethic.
2244 385 2276 432 ³⁸,
2306 385 2372 421 ubi
2393 384 2482 422 dicit
2508 421 2520 443 3

273 459 326 490 tes
359 452 509 497 desunt,
538 449 633 487 dolis
669 454 781 497 atque
805 447 979 497 fallaciis
1013 445 1212 483 contendit.
1250 464 1274 472 -
1303 443 1353 479 Et
1378 456 1380 485 ι
1406 443 1511 491 quod
1542 455 1621 479 non
1650 450 1738 479 sunt
1755 454 1847 479 vere
1876 442 1992 478 fortes
2011 440 2076 489 qui
2106 447 2263 489 propter
2290 439 2480 476 honorem
2509 448 2556 463 ”¹-

2426 255 2473 301 75

1403 337 1546 374 faciunt
1580 337 1644 373 vel
1678 336 1780 373 mala
1813 334 1958 381 vitant,
1987 345 2067 370 non
2106 340 2193 370 sunt
2229 331 2408 369 virtuosi:
2438 340 2478 368 ut

274 514 407 544 tamen
435 504 485 541 illi
514 503 580 551 qui
610 503 736 540 solum
765 508 923 550 propter
951 501 1140 537 honorem
1158 498 1222 535 vel
1250 498 1354 534 bona
1379 488 1383 545 ἰ
1408 495 1519 532 fortia
1548 496 1700 532 faciunt.

332 636 355 669 ε)
374 638 499 668 exoptat.
510 648 530 655 -
548 637 683 667 exoptant
701 634 786 663 PC1a3
805 641 852 667 pro
873 633 979 663 nititur,
999 633 1085 658 utitur
1103 631 1210 657 PDGsC
1229 635 1255 655 et
1272 637 1300 655 a.

962 709 1300 746 Commentario
1323 706 1577 740 Garamans
1598 707 1801 740 Caietam

305 808 326 828 Ν
350 796 484 828 articulo
508 795 614 836 primo
638 793 836 835 quaestionis
858 787 1352 831 centesimaetrigesimaeprimae

278 809 444 874 Idubium
472 840 579 881 primo
610 838 780 870 occurrit*
803 838 884 869 circa
907 837 1002 868 illud:
1037 835 1078 867 Id
1107 836 1139 865 in
1169 842 1232 874 quo
1259 832 1353 862 homo

277 886 418 924 excellit,
434 885 535 916 datur
549 885 671 915 homini
693 894 714 914 a
735 884 806 914 Deo
830 887 865 913 ut
881 892 925 913 ex
940 891 977 912 eo
992 881 1068 912 aliis
1081 879 1196 920 prosit.
1220 876 1355 908 Videtur
1381 878 1383 920 ξ

276 930 363 963 enim
379 929 440 961 dici
457 929 519 960 hoc
536 928 603 959 sine
620 928 742 959 ratione
758 928 876 968 aliqua.
899 927 966 957 Nec
983 931 1114 966 apparet
1127 927 1256 954 verum:
1273 930 1356 962 quo-

278 975 364 1008 niam
387 974 586 1016 quandoque
609 973 702 1004 datur
725 971 849 1003 homini
874 978 910 1002 ut
932 971 966 1001 in
989 969 1096 1010 seipso
1120 965 1290 1008 perfectior
1306 965 1355 996 sit.

333 1019 478 1053 Dubium
496 1018 638 1049 secundo
655 1017 793 1048 occurrit
807 1016 826 1036 *
848 1016 929 1047 circa
954 1013 1192 1046 distinctionem
1214 1010 1357 1042 trimem-

278 1065 367 1097 brem
391 1063 563 1094 inordinati
583 1063 744 1103 appetitus
768 1060 911 1096 honoris,
933 1069 972 1090 an
998 1058 1038 1089 sit
1052 1056 1221 1088 sufficiens.
1251 1054 1359 1096 Inquit

279 1109 366 1142 enim
389 1108 555 1144 Martinus,
571 1107 604 1138 in
621 1118 631 1138 1
647 1117 702 1148 qu.
723 1107 762 1137 de
779 1104 966 1137 Ambitione
979 1103 1006 1139 *,
1019 1102 1110 1144 quod
1132 1101 1281 1131 videntur
1300 1099 1359 1130 sibi

278 1163 347 1186 eue
371 1153 423 1183 alii
448 1152 538 1183 modi
561 1159 686 1192 praeter
707 1151 797 1182 istos.
828 1149 922 1181 Unde
946 1155 1085 1190 quatuor
1109 1145 1226 1177 modos
1249 1144 1358 1185 ponit:

279 1198 397 1232 scilicet
420 1197 543 1229 ratione
564 1196 759 1238 quantitatis.
775 1194 857 1231 finis,
875 1193 1067 1228 mediorum,
1084 1197 1115 1222 et
1129 1189 1359 1220 vehementiae.

280 1242 347 1275 Sub
378 1242 427 1273 his
456 1241 615 1283 siquidem
646 1241 752 1271 modis
782 1239 882 1270 tribus
910 1238 943 1269 in
966 1237 1069 1268 littera
1098 1234 1263 1275 assignatis
1293 1243 1360 1264 non

281 1286 566 1328 comprehenditur
589 1285 722 1316 ambitio
742 1283 829 1324 digni
851 1282 1029 1314 secundum
1045 1291 1078 1312 se
1094 1280 1204 1321 aliquo
1225 1279 1360 1315 honore,

280 1330 346 1364 ted
361 1331 484 1372 indigni
507 1331 583 1372 quia
606 1330 702 1361 habet
724 1329 904 1370 digniorem
927 1337 960 1357 se
983 1326 1041 1357 illo
1064 1326 1189 1356 honore
1213 1323 1270 1364 qui
1293 1333 1361 1354 non

281 1383 388 1419 potest
411 1376 539 1417 utrique
563 1375 639 1412 dari,
665 1382 701 1406 ut
720 1381 767 1405 est
789 1373 894 1404 honor
913 1370 1115 1412 episcopalis,
1133 1376 1190 1400 etc.
1215 1369 1257 1399 Et
1275 1368 1362 1399 simi-

281 1420 352 1452 liter
375 1430 434 1451 nec
457 1419 591 1451 ambitio
615 1419 684 1451 eius
707 1419 763 1460 qui
787 1427 844 1460 per
866 1425 1090 1458 quaecumque
1110 1414 1215 1445 media
1239 1413 1364 1454 quaerit

283 1465 442 1496 honorem
466 1474 534 1506 quo
558 1464 674 1505 dignus
698 1471 755 1496 est.
780 1463 821 1494 Et
840 1461 984 1493 similiter
999 1470 1057 1491 nec
1073 1459 1206 1490 ambitio
1222 1458 1290 1489 eius
1306 1458 1362 1500 qui

281 1509 503 1541 vehementius
527 1508 649 1540 affectat
672 1509 723 1539 vel
746 1507 870 1549 quaerit
892 1515 991 1548 quam
1016 1510 1174 1546 oporteat.

338 1554 484 1586 Dubium
508 1554 604 1584 tertio
631 1561 678 1584 est
697 1553 716 1572 *
738 1553 820 1584 circa
841 1551 1007 1583 veritatem
1031 1549 1112 1581 tertii
1140 1547 1276 1579 membri
1301 1548 1363 1578 dis·
1391 1570 1392 1574 ,

282 1598 445 1631 tinctionis
462 1598 573 1629 dictae.
598 1598 732 1629 Videtur
754 1597 911 1638 siquidem
937 1595 1051 1627 rationi
1072 1603 1255 1625 consonum
1274 1593 1364 1634 quod

284 1643 311 1675 si
334 1643 407 1685 quis
435 1649 564 1684 appetat
587 1642 746 1674 honorem
770 1652 846 1673 suae
877 1640 983 1672 virtuti
1008 1639 1152 1671 debitum
1182 1648 1219 1669 ea
1242 1638 1365 1669 ratione

284 1688 361 1730 quia
384 1687 443 1719 sibi
467 1694 514 1719 est
537 1687 662 1718 debitus
686 1695 721 1719 ut
745 1686 873 1717 habenti
897 1686 994 1717 talem
1016 1685 1178 1719 virtutem,
1204 1693 1270 1713 non
1287 1682 1366 1713 refe-

284 1733 385 1764 rendo
409 1732 499 1764 aliter
527 1732 566 1763 ad
591 1732 759 1763 utilitatem
783 1731 938 1767 aliorum,
963 1730 996 1760 in
1020 1729 1111 1760 nullo
1135 1738 1154 1759 a
1177 1727 1366 1759 rectitudine

285 1777 438 1808 declinet:
468 1777 550 1808 sicut
577 1784 731 1818 appetens
762 1776 933 1818 pecuniam
962 1775 1020 1805 sibi
1045 1773 1185 1804 debitam
1215 1772 1291 1814 quia
1320 1780 1367 1803 est

285 1822 346 1854 sibi
370 1822 485 1858 debita,
510 1822 542 1852 in
567 1822 658 1853 nullo
684 1828 801 1863 peccat.

342 1866 488 1898 Dubium
518 1872 635 1908 quarto
665 1874 711 1898 est
734 1866 769 1902 *,
802 1876 841 1896 an
870 1865 947 1896 istae
978 1863 1146 1894 relationes
1178 1861 1311 1892 honoris
1334 1861 1367 1891 in

286 1911 394 1944 Deum
417 1918 448 1943 et
475 1911 661 1952 proximum
676 1911 718 1941 ·in
740 1910 843 1941 littera
867 1909 1006 1950 positae,
1031 1907 1232 1948 requirantur
1260 1912 1367 1936 actua-

286 1955 378 1993 liter,
402 1965 444 1986 an
466 1955 678 1987 habitualiter.
702 1955 743 1986 Et
766 1961 813 1985 est
831 1953 912 1984 ratio
933 1952 1020 1983 dubii
1035 1952 1111 1993 quia
1128 1950 1245 1991 requiri
1261 1957 1368 1980 actua·
1394 1954 1396 1967 ¹

287 2000 359 2032 liter
382 2000 477 2031 nimis
502 2001 620 2031 durum
645 2006 691 2030 est
715 2006 745 2030 et
767 1998 984 2030 intolerabile:
1014 2006 1090 2028 cum
1113 1994 1368 2036 frequentissime
1395 1991 1397 2004 ¹

289 2045 488 2076 honoremur
511 2045 632 2086 absque
655 2043 848 2083 cogitatione
871 2043 978 2083 aliqua
1002 2042 1041 2072 de
1057 2041 1127 2072 Deo
1152 2047 1182 2070 et
1206 2039 1367 2080 proximo.

290 2089 462 2120 Habitibus
485 2096 594 2120 autem
618 2099 676 2120 nec
700 2098 861 2119 meremur
891 2097 949 2118 nec
973 2087 1191 2117 demeremur:
1223 2092 1260 2116 ut
1283 2090 1370 2124 patet

290 2134 324 2165 in
339 2133 584 2170 dormientibus,
597 2140 628 2164 et
643 2133 847 2173 vigilantibus
863 2131 994 2173 quando
1011 2141 1077 2161 non
1094 2129 1257 2160 actualiter
1272 2135 1369 2159 utun-

291 2185 344 2210 tur
366 2178 527 2210 habitibus
549 2187 634 2219 quos
657 2177 784 2208 habent.

348 2223 387 2254 ΙΙ.
412 2223 463 2254 Ad
486 2222 629 2263 primum
653 2222 790 2253 dubium
814 2221 930 2251 dicitur
952 2219 1059 2261 quod,
1084 2227 1160 2248 cum
1182 2217 1308 2247 bonum
1331 2216 1371 2247 sit

292 2267 476 2299 naturaliter
491 2267 541 2298 sui
563 2266 664 2308 ipsius
679 2265 862 2297 diffusivum
879 2265 907 2301 *,
923 2274 961 2296 ex
976 2264 1038 2294 hoc
1054 2263 1126 2303 ipso
1143 2261 1234 2303 quod
1257 2261 1373 2302 aliquis

259 2323 264 2355 j
292 2311 498 2344 constituitur
520 2322 538 2342 a
554 2312 624 2342 Deo
646 2310 679 2341 in
696 2311 806 2352 aliquo
821 2311 910 2340 bono
927 2307 1151 2344 excellentiori,
1168 2305 1373 2337 constituitur

292 2356 333 2388 ad
356 2356 420 2387 hoc
443 2362 479 2387 ut
502 2355 604 2397 prosit
627 2354 709 2386 aliis:
735 2355 851 2386 debent
874 2353 961 2385 enim
985 2351 1148 2394 superiora
1171 2351 1204 2382 in
1221 2350 1372 2382 inferiora

293 2400 438 2432 diffundi.
462 2400 505 2431 Et
527 2400 683 2442 quoniam
702 2399 783 2431 ratio
799 2399 858 2430 ista
881 2398 914 2429 in
938 2404 1091 2439 promptu
1108 2397 1191 2428 clara
1207 2403 1282 2433 erat,
1299 2396 1373 2426 ideo

293 2448 416 2477 Auctor
445 2455 512 2476 non
536 2445 650 2476 adiecit
673 2444 830 2476 rationem
860 2442 1003 2474 indicto
1033 2449 1099 2473 tarn
1122 2451 1198 2472 vero
1223 2447 1254 2471 et
1277 2440 1373 2472 ratio-

294 2490 404 2522 nabili.
427 2490 615 2521 Praesertim
639 2499 714 2520 cum
737 2489 835 2525 Deus,
860 2487 999 2519 universi
1015 2496 1125 2518 curam
1148 2486 1278 2522 habens,
1304 2485 1374 2516 uni-

294 2535 376 2566 versi
407 2542 512 2574 partes
539 2533 695 2565 diffundat
730 2540 766 2564 ut
801 2539 914 2573 suapte
942 2538 1054 2563 natura
1090 2530 1375 2562 communicabiles

295 2579 369 2610 sint.
397 2578 534 2610 Constat
556 2585 665 2610 autem
689 2578 778 2619 quod
801 2576 990 2618 perfectiora
1012 2576 1045 2607 in
1068 2575 1179 2616 seipsis
1204 2582 1277 2606 nata
1301 2582 1376 2606 sunt

296 2623 366 2655 aliis
390 2623 551 2664 prodesse.
576 2623 628 2654 Ad
651 2622 714 2653 hoc
737 2622 833 2662 igitur
856 2632 874 2653 a
890 2621 960 2652 Deo
984 2620 1066 2652 facta
1089 2627 1164 2651 sunt
1186 2619 1376 2661 perfectiora

298 2674 334 2700 ut
357 2667 426 2698 aliis
449 2667 585 2708 prosint:
610 2674 642 2698 et
656 2677 722 2698 non
740 2667 848 2698 solum
871 2673 907 2697 ut
921 2666 955 2696 in
971 2665 1082 2706 seipsis
1098 2664 1286 2706 perfectiora
1303 2665 1375 2695 sint.

298 2713 347 2744 Ex
369 2712 432 2743 hoc
455 2711 542 2743 enim
565 2712 637 2752 ipso
661 2711 751 2753 quod
775 2710 947 2742 constituta
969 2717 1044 2741 sunt
1067 2709 1231 2750 superiora
1254 2709 1377 2740 ratione

298 2756 511 2793 excellentiae,
534 2756 678 2788 instituta
694 2762 769 2787 sunt
792 2762 828 2786 ut
843 2754 1047 2786 inferioribus
1070 2764 1137 2785 non
1157 2754 1264 2785 solum
1289 2764 1377 2794 prae-

299 2802 373 2838 sint,
390 2801 445 2832 sed
469 2801 611 2842 prosint:
637 2808 672 2832 ut
701 2800 746 2831 sic
772 2801 882 2831 omnia
905 2801 1052 2831 suaviter
1074 2799 1230 2840 disposita
1245 2798 1263 2818 *
1290 2800 1377 2830 inve-

300 2846 438 2878 niantur.

357 2890 410 2921 111.
436 2890 487 2921 Ad
506 2889 683 2921 secundum
702 2888 838 2919 dubium
853 2887 871 2907 *
894 2888 1008 2919 dicitur
1028 2888 1117 2930 quod
1141 2887 1302 2919 distinctio
1326 2887 1378 2919 tri-

301 2935 454 2966 membris
477 2934 510 2965 in
534 2934 636 2965 littera
659 2933 742 2965 facta
766 2932 926 2964 sufficiens
944 2933 1079 2968 videtur,
1099 2932 1142 2963 ita
1162 2933 1252 2974 quod
1273 2933 1379 2963 omnis

301 2980 501 3011 inordinatus
524 2979 685 3020 appetitus
709 2978 841 3009 honoris
870 2978 909 3008 ad
931 2977 1064 3018 aliquod
1088 2978 1271 3008 membrum
1294 2977 1380 3008 illius

302 3024 472 3056 reducitur.
501 3024 586 3055 Nam
614 3024 773 3064 appetitus
802 3022 934 3053 honoris
957 3032 1024 3063 quo
1049 3022 1121 3063 quis
1144 3022 1324 3053 secundum
1347 3032 1380 3053 se

303 3069 418 3110 dignus
433 3075 491 3108 est,
515 3069 571 3099 sed
586 3069 709 3100 ratione
725 3067 909 3109 praeiudicii
925 3067 1054 3099 alterius
1071 3067 1223 3107 dignioris
1240 3067 1381 3098 redditur

303 3113 443 3150 illicitus,
468 3114 507 3144 ad
531 3113 674 3154 primum
697 3113 880 3144 membrum
904 3118 1041 3152 spectat,
1066 3122 1133 3153 quo
1164 3111 1236 3152 quis
1260 3112 1381 3152 appetit

304 3158 455 3189 honorari
479 3158 518 3188 de
542 3157 725 3189 excellentia
748 3167 847 3199 quam
871 3167 938 3188 non
962 3157 1066 3187 habet.
1099 3156 1317 3196 Multipliciter
1340 3157 1381 3187 si-

306 3202 438 3243 quidem
461 3201 618 3244 contingit
636 3213 702 3233 non
718 3202 834 3233 habere
850 3201 1066 3233 excellentiam
1083 3201 1238 3242 aliquam:
1263 3201 1381 3241 primo,

306 3247 467 3283 absolute;
492 3248 644 3284 secund0,
669 3247 807 3278 relative.
831 3246 927 3278 Verbi
943 3246 1051 3286 gratia,
1070 3255 1129 3286 ego
1147 3245 1292 3276 absolute
1309 3256 1382 3277 sum

307 3291 423 3331 dignus
446 3291 646 3332 episcopatu:
671 3292 747 3333 quia
769 3299 878 3323 tamen
902 3298 949 3322 est
971 3291 1049 3322 alter
1071 3290 1172 3331 magis
1196 3291 1311 3331 dignus
1325 3291 1382 3321 illo

308 3336 511 3376 episcopatu,
535 3346 594 3376 ego
617 3347 684 3368 non
707 3347 782 3368 sum
804 3337 920 3377 dignus
951 3335 1123 3376 respective
1146 3336 1187 3366 ad
1209 3335 1319 3372 illum;
1347 3346 1383 3366 ac

308 3390 364 3422 per
387 3380 460 3416 hoc,
484 3380 510 3411 si
532 3387 610 3412 tunc
632 3389 750 3422 appeto
773 3381 932 3412 honorem
948 3380 1174 3421 episcopalem,
1198 3387 1316 3421 appeto
1340 3387 1384 3411 te-

309 3424 498 3456 stimonium
521 3425 722 3457 excellentiae
745 3436 844 3467 quam
867 3436 934 3456 non
950 3425 1064 3462 habeo,
1089 3425 1245 3466 quoniam
1266 3434 1384 3465 appeto

311 3468 532 3500 testimonium
561 3468 729 3510 dignioris»,
755 3480 829 3501 curn
859 3477 966 3501 tamen
996 3480 1063 3500 non
1087 3470 1148 3500 sim
1176 3469 1313 3510 dignior.
1344 3470 1386 3500 Et

311 3513 453 3544 similiter
477 3523 552 3544 cum
571 3514 643 3554 quis
659 3515 804 3545 absolute
821 3515 936 3555 dignus
951 3515 1062 3546 multis
1077 3514 1292 3555 dignitatibus,
1309 3515 1383 3556 quia

311 3566 418 3589 tamen
442 3565 516 3588 sunt
539 3558 632 3589 multi
656 3558 757 3599 digni,
782 3559 838 3600 qui
867 3569 905 3590 ex
928 3559 1167 3591 coacervatione
1195 3559 1386 3600 dignitatum
1412 3569 1415 3584 ¹

311 3603 344 3633 in
369 3613 472 3633 unum
496 3602 662 3633 hominem
686 3603 850 3642 privantur
871 3603 977 3640 illis,-—
1001 3614 1068 3635 non
1091 3604 1212 3645 appetit
1234 3604 1318 3636 licite
1339 3611 1387 3635 tot

1380 818 1382 834 ἰ
1408 790 1586 830 dignitates,
1611 791 1686 832 quia
1710 791 1831 831 appetit
1847 791 2068 822 testimonium
2086 791 2287 822 excellentiae
2304 801 2403 832 quam
2419 802 2486 822 non

1381 867 1383 873 ¹
1409 834 1513 871 habet,
1537 835 1655 866 scilicet
1678 835 1847 876 dignioris:
1873 845 1947 866 cum
1971 846 2036 866 non
2062 836 2101 866 sit
2125 836 2240 876 dignus
2259 836 2432 877 respective
2448 836 2488 867 ad

1410 886 1458 910 tot
1481 879 1596 920 dignos
1620 880 1676 921 qui
1700 887 1868 920 propterea
1890 887 2149 911 contemnuntur.
2174 899 2194 903 -
2218 880 2284 918 Qui
2300 887 2409 911 autem
2433 891 2489 922 per

1383 961 1384 964 Ἰ
1410 924 1551 955 indebita
1574 925 1679 954 media
1703 924 1826 955 affectat
1858 931 1913 955 aut
1941 924 2063 965 quaerit
2087 925 2265 961 honorem,
2290 926 2350 956 sub
2374 925 2488 956 eodem

1411 969 1558 999 membro
1576 968 1743 999 clauditur.
1769 969 2043 1009 Quandoquidem
2061 979 2099 999 eo
2115 969 2187 1009 ipso
2207 970 2295 1010 quod
2311 980 2367 1010 per
2382 969 2490 1001 illicita

1413 1012 1517 1043 media
1533 1013 1655 1053 appetit
1671 1020 1725 1043 aut
1749 1012 1882 1053 quaerit,
1899 1012 2049 1052 indignus
2064 1012 2108 1044 fit.
2133 1016 2180 1044 Ac
2202 1023 2258 1054 per
2276 1014 2348 1051 hoc,
2369 1014 2492 1055 quaerit

1412 1057 1572 1087 honorem
1596 1067 1663 1098 quo
1687 1067 1754 1087 non
1778 1064 1825 1087 est
1849 1057 2034 1097 simpliciter
2057 1057 2171 1097 dignus
2195 1067 2294 1088 nunc:
2319 1059 2392 1090 licet
2415 1059 2491 1089 alias

1413 1109 1495 1132 esset
1511 1101 1637 1141 dignus,
1655 1101 1680 1131 si
1706 1111 1772 1131 non
1796 1111 1852 1141 per
1875 1101 1950 1132 talia
1974 1101 2078 1132 media
2101 1110 2276 1142 quaereret.
2300 1120 2320 1126 —
2345 1103 2411 1141 Qui
2435 1104 2490 1134 de-

1415 1155 1507 1176 mum
1538 1146 1640 1186 magis
1671 1145 1794 1176 affectat
1824 1146 1981 1176 honorem
2014 1156 2112 1186 quam
2144 1154 2308 1186 oporteat,
2338 1148 2377 1177 ad
2407 1148 2493 1179 idem

1414 1191 1598 1221 membrum
1622 1190 1801 1221 reducitur:
1833 1200 1892 1230 pro
1917 1197 2038 1231 quanto
2063 1190 2245 1221 excellentia
2276 1201 2374 1232 quam
2398 1192 2493 1223 habet

1415 1235 1651 1266 vehementiam
1668 1235 1828 1275 appetitus
1845 1245 1911 1265 non
1929 1235 2097 1276 adaequat,
2115 1235 2169 1265 sed
2186 1236 2346 1266 exceditur
2361 1237 2398 1266 ab
2416 1237 2494 1277 ipsa.

1473 1280 1526 1310 IV.
1551 1280 1603 1310 Ad
1620 1279 1810 1310 evidentiam
1822 1300 1823 1303 =
1835 1279 1917 1310 tertii
1941 1287 1971 1310 et
1990 1279 2094 1320 quarti
2111 1279 2199 1310 dubii
2215 1279 2242 1315 *,
2267 1281 2494 1311 advertendum

1417 1332 1466 1355 est
1487 1325 1577 1365 quod
1598 1324 1714 1360 honor,
1732 1334 1807 1355 cum
1823 1324 1863 1355 sit
1877 1324 1909 1354 in
1926 1334 2040 1364 genere
2057 1325 2219 1355 bonorum
2236 1324 2362 1355 utilium
2387 1327 2495 1366 quoad

1417 1369 1479 1400 hoc
1503 1369 1592 1410 quod
1617 1375 1749 1410 propter
1772 1369 1860 1400 aliud
1884 1377 1931 1400 est
1954 1369 2150 1410 appetibilis,
2176 1370 2216 1400 ad
2240 1369 2301 1400 hoc
2331 1370 2419 1410 quod
2446 1381 2496 1401 or-

1417 1414 1524 1445 dinate
1552 1421 1720 1455 appetatur
1750 1421 1805 1444 aut
1835 1414 1986 1450 delectet,
2011 1421 2139 1455 oportet
2171 1414 2260 1455 quod
2289 1414 2440 1445 referatur
2463 1415 2496 1445 in

1418 1458 1564 1490 debitum
1587 1458 1685 1490 finem
1710 1459 1750 1489 ad
1774 1469 1872 1500 quem
1893 1459 2090 1490 ordinandus
2106 1466 2162 1490 est.
2187 1459 2227 1490 Et
2243 1459 2318 1500 quia
2335 1459 2499 1490 ordinatur

1417 1504 1458 1535 ad
1478 1503 1696 1535 excellentiam
1721 1503 1873 1540 hominis,
1898 1512 1946 1535 est
1969 1503 2055 1535 enim
2079 1504 2185 1535 honor
2208 1503 2430 1535 testimonium
2447 1514 2497 1534 ex-

1390 1576 1392 1587 ,
1419 1549 1598 1585 cellentiae;
1631 1555 1662 1579 et
1686 1549 1869 1580 excellentia
1899 1549 2064 1580 ordinatur
2088 1550 2128 1580 ad
2152 1549 2320 1579 utilitatem
2344 1549 2499 1579 aliorum:

1419 1594 1503 1630 ideo,
1521 1594 1561 1624 de
1579 1593 1686 1635 primo
1703 1593 1742 1624 ad
1763 1593 1926 1631 ultimum,
1942 1594 2049 1625 honor
2067 1594 2146 1624 mihi
2162 1593 2319 1624 exhibitus
2335 1594 2500 1625 ordinatur

1420 1639 1460 1670 ad
1484 1638 1653 1670 utilitatem
1670 1638 1818 1670 aliorum.
1844 1639 1884 1670 Et
1908 1639 2062 1675 similiter,
2079 1639 2155 1680 quia
2170 1638 2351 1669 excellentia
2368 1649 2438 1669 mea
2455 1645 2502 1669 est

1420 1683 1636 1724 principaliter
1659 1694 1677 1714 a
1694 1683 1774 1720 Deo,
1798 1683 1872 1714 ideo
1896 1684 2003 1715 honor
2022 1683 2179 1715 exhibitus
2195 1693 2285 1714 meae
2301 1683 2501 1714 excellentiae

1421 1728 1587 1759 ordinatur
1610 1728 1826 1769 principaliter
1849 1729 1889 1759 ad
1913 1729 2030 1764 Deum,
2055 1736 2091 1759 ut
2114 1736 2278 1759 auctorem
2301 1728 2501 1758 excellentiae

1421 1773 1517 1804 illius.
1542 1773 1583 1804 Et
1607 1773 1685 1803 haec
1707 1780 1782 1803 sunt
1806 1774 1919 1813 procul
1943 1773 2043 1804 dubio
2060 1783 2142 1804 vera.
2168 1773 2229 1804 Sed
2253 1773 2343 1814 quod
2367 1772 2501 1803 difficul-

1422 1825 1520 1849 tatem
1542 1817 1657 1858 ingerit
1680 1825 1726 1848 est
1750 1817 1825 1858 quia
1849 1827 1915 1848 non
1940 1825 2069 1858 oportet
2092 1828 2225 1848 omnem
2255 1824 2377 1848 rectum
2406 1827 2501 1848 usum

1423 1861 1557 1893 alicuius
1588 1861 1703 1892 referre
1732 1862 1765 1892 in
1790 1872 1887 1893 omne
1911 1862 1943 1893 id
1974 1863 2013 1893 ad
2037 1863 2127 1903 quod
2156 1869 2266 1893 natum
2302 1869 2349 1892 est
2376 1861 2501 1899 referri,

1423 1907 1477 1937 sed
1502 1905 1618 1937 sufficit
1648 1907 1738 1947 quod
1766 1906 1879 1937 referat
1909 1906 1989 1937 illud
2014 1907 2054 1937 ad
2083 1906 2223 1947 aliquem
2251 1906 2376 1937 licitum
2405 1905 2501 1937 finem

1422 1951 1455 1981 in
1479 1961 1578 1992 quem
1602 1958 1650 1982 est
1672 1957 1784 1981 natum
1801 1951 1950 1983 ordinari.
1975 1951 2071 1982 Verbi
2091 1951 2200 1992 gratia,
2224 1951 2360 1991 pecunia
2376 1951 2502 1981 ordina-

1423 2003 1475 2026 tur
1499 1995 1713 2036 principaliter
1736 1996 1775 2026 ad
1800 1996 2108 2031 commutationem,
2133 2003 2164 2027 et
2187 2003 2293 2036 potest
2315 1995 2503 2026 secundario

1425 2040 1565 2071 ordinari
1594 2040 1633 2070 ad
1663 2040 1898 2080 depositionem
1922 2041 1972 2071 vel
2003 2040 2124 2082 aliquid
2155 2041 2259 2071 aliud:
2291 2050 2349 2071 nec
2377 2047 2505 2080 oportet

1424 2085 1515 2126 quod
1538 2084 1672 2125 quilibet
1696 2092 1788 2116 utens
1813 2085 1949 2125 pecunia
1974 2092 2168 2121 commutet,
2193 2085 2248 2116 sed
2272 2084 2387 2116 sufficit
2415 2085 2504 2125 quod

1425 2129 1552 2160 ordinet
1576 2130 1615 2159 ad
1640 2129 1781 2170 aliquem
1799 2129 1923 2160 licitum
1946 2129 2054 2160 finem.
2080 2130 2126 2160 Ita
2149 2129 2182 2160 in
2206 2129 2374 2170 proposito
2398 2129 2504 2160 honor

1426 2173 1592 2204 ordinatur
1616 2174 1655 2204 ad
1679 2181 1758 2204 tres:
1784 2174 1901 2205 scilicet
1925 2174 1965 2204 ad
1988 2175 2094 2205 Deum
2119 2181 2154 2205 ut
2173 2181 2336 2204 auctorem
2353 2174 2505 2204 excellen-

1425 2218 1507 2254 tiae,
1537 2224 1568 2248 et
1591 2218 1630 2248 ad
1655 2227 1826 2258 personam
1851 2219 2055 2249 excellentem
2080 2225 2116 2249 ut
2143 2219 2313 2249 habentem
2336 2218 2443 2254 illam,
2477 2225 2508 2249 et

1426 2262 1467 2293 ad
1490 2262 1666 2302 proximOS‚
1691 2269 1727 2293 ut
1750 2263 1851 2304 prosit
1873 2263 1945 2294 illis.
1974 2263 2006 2294 Si
2030 2263 2056 2293 is
2080 2263 2135 2304 qui
2160 2263 2282 2294 excellit
2305 2263 2426 2303 appetit
2449 2262 2507 2293 ho-

1427 2316 1551 2343 norem,
1576 2313 1631 2338 aut
1655 2307 1829 2339 delectatur
1851 2308 1991 2343 honore,
2014 2307 2096 2338 infra
2120 2308 2269 2348 proprios
2292 2307 2424 2343 limites,
2449 2307 2506 2338 sci—

1426 2351 1500 2382 licet
1523 2351 1663 2391 praecise
1688 2359 1723 2383 ut
1746 2352 1866 2383 habens
1886 2353 2119 2389 excellentiam;
2144 2363 2181 2383 ex
2204 2353 2266 2383 hoc
2283 2352 2354 2393 ipso
2371 2360 2507 2383 reservat

1428 2397 1539 2427 locum
1560 2406 1658 2427 suum
1674 2396 1744 2427 Deo
1762 2404 1797 2428 ut
1822 2397 1955 2434 auctori,
1977 2404 2007 2428 et
2026 2397 2179 2438 proximis
2198 2404 2234 2428 ut
2255 2397 2372 2438 quibus
2393 2397 2507 2437 prosit:

1429 2441 1585 2483 quoniam
1601 2441 1751 2482 relinquit
1770 2442 1887 2473 honori
1903 2442 2071 2473 relationes
2088 2452 2168 2484 quas
2187 2442 2291 2479 habet,
2309 2452 2344 2472 ex
2360 2442 2422 2472 hoc
2437 2442 2508 2482 ipso

1428 2486 1519 2528 quod
1542 2496 1608 2516 non
1634 2493 1767 2526 usurpat
1790 2494 1846 2517 aut
1865 2487 1997 2528 despicit
2012 2487 2199 2518 relationem
2214 2486 2300 2517 illius
2317 2486 2449 2518 honoris
2469 2487 2509 2516 ad

1430 2531 1538 2562 Deum
1560 2538 1616 2562 aut
1639 2531 1814 2571 proximos.
1840 2532 1986 2572 Intelligo
2010 2532 2107 2573 igitur
2123 2541 2183 2572 ego
2207 2541 2274 2562 esse
2290 2531 2509 2562 inordinatum

1430 2575 1611 2616 appetitum
1634 2575 1767 2606 honoris
1791 2584 1923 2617 propter
1945 2587 2012 2607 non
2037 2577 2150 2607 referre
2174 2576 2207 2606 in
2221 2576 2328 2606 Deum
2350 2583 2385 2606 ut
2402 2583 2509 2606 aucto-

1431 2631 1499 2651 rem
1523 2627 1554 2651 et
1578 2620 1742 2661 proximos
1766 2628 1802 2651 ut
1826 2621 1943 2663 quibus
1967 2621 2077 2662 prosit,
2103 2621 2128 2651 si
2155 2631 2222 2651 non
2238 2620 2351 2651 referre
2374 2620 2511 2651 sumitur

1432 2665 1588 2696 contrarie
1612 2672 1667 2696 aut
1691 2665 1860 2706 privative:
1892 2673 1923 2696 et
1946 2673 2012 2696 non
2042 2665 2067 2696 si
2092 2665 2230 2696 sumitur
2254 2675 2332 2705 pure
2357 2664 2510 2704 negative.

1430 2711 1588 2741 Notanter
1611 2717 1719 2741 autem
1748 2710 1820 2740 dico
1843 2710 1876 2740 in
1901 2710 2007 2740 Deum
2032 2716 2068 2741 ut
2090 2715 2255 2741 auctorem
2281 2709 2509 2747 excellentiae,

1432 2755 1494 2786 hoc
1513 2762 1570 2791 est,
1594 2762 1631 2786 ut
1647 2755 1714 2795 ipse
1731 2754 1946 2795 principaliter
1968 2755 2145 2785 honoretur
2163 2761 2318 2794 tanquam
2333 2761 2445 2784 auctor
2461 2764 2510 2784 ex-

1433 2799 1611 2831 cellentiae:
1637 2799 1793 2840 quoniam
1817 2810 1884 2830 non
1901 2807 1947 2830 est
1966 2800 2018 2830 hic
2035 2809 2140 2830 sermo
2161 2799 2200 2829 de
2216 2799 2286 2829 Deo
2311 2806 2347 2829 ut
2370 2805 2417 2829 est
2439 2798 2511 2828 finis

1433 2844 1567 2876 ultimus
1601 2844 1766 2880 omnium;
1801 2844 1863 2875 hoc
1894 2844 1981 2874 enim
2011 2854 2078 2875 non
2102 2851 2149 2875 est
2178 2844 2218 2874 de
2255 2843 2392 2884 propriis
2416 2843 2511 2874 huius

1433 2888 1639 2931 quaestionis,
1656 2889 1711 2919 sed
1727 2890 1766 2919 de
1783 2889 2011 2919 communibus
2029 2888 2272 2920 circumstantiis
2289 2888 2437 2918 omnium
2453 2888 2511 2918 hu-

1434 2943 1607 2965 manorum
1627 2944 1774 2974 operum.
1798 2934 1874 2964 Non
1891 2933 1979 2964 enim
1993 2933 2086 2964 video
2104 2943 2166 2970 me,
2191 2943 2265 2964 cum
2290 2933 2441 2968 honoror,
2467 2940 2511 2963 te-

1434 2979 1501 3009 neri
1526 2979 1565 3009 ad
1590 2978 1676 3009 aliud
1701 2989 1800 3019 quam
1824 2979 1863 3009 ad
1888 2978 2091 3009 referendum
2115 2978 2274 3008 honorem
2293 2977 2372 3007 mihi
2393 2977 2510 3007 exhibi-

1434 3031 1505 3055 tum
1528 3023 1562 3053 in
1586 3022 1684 3054 finem
1707 3023 2001 3064 proportionatum.
2033 3023 2169 3054 Constat
2197 3030 2305 3053 autem
2328 3022 2417 3062 quod
2441 3031 2511 3061 ego,

1434 3075 1470 3099 ut
1493 3068 1614 3098 habens
1638 3068 1856 3099 excellentiam
1880 3067 2010 3108 dignam
2040 3068 2094 3098 tali
2117 3067 2240 3098 honore
2268 3067 2307 3097 ab
2331 3066 2410 3102 hoc,
2436 3073 2512 3096 tunc

1435 3123 1509 3144 sum
1539 3113 1705 3153 proximus
1733 3119 1763 3143 et
1792 3117 2070 3143 commensuratus
2102 3111 2174 3142 finis
2205 3112 2244 3141 ad
2274 3121 2373 3152 quem
2401 3118 2512 3150 suapte

1435 3164 1548 3188 natura
1571 3157 1678 3188 honor
1701 3157 1874 3188 ordinatur.
1910 3157 1944 3187 In
1975 3157 2066 3188 nullo
2095 3156 2192 3197 igitur
2219 3165 2316 3196 pecco
2346 3156 2372 3186 si
2396 3155 2512 3186 omitto

1435 3202 1604 3233 relationes
1629 3202 1669 3232 ad
1692 3202 1799 3232 Deum
1827 3209 1863 3232 ut
1891 3208 2053 3232 auctorem
2077 3208 2108 3231 et
2137 3200 2317 3240 proximos:
2356 3199 2513 3241 quoniam

1435 3253 1643 3287 praeceptum
1656 3245 1883 3277 affirmativum
1900 3246 1937 3276 de
1953 3246 2002 3276 his
2014 3245 2220 3276 relationibus
2234 3245 2413 3276 exercendis
2426 3244 2514 3275 nulla

1436 3291 1559 3322 ratione
1590 3291 1743 3331 probatur
1774 3291 1863 3331 quod
1886 3289 2095 3331 obliget—‘pro
2121 3287 2216 3326 tunc,
2241 3289 2301 3320 nisi
2325 3289 2431 3331 aliqua
2455 3289 2514 3319 alia

1437 3335 1606 3366 necessitas
1630 3335 1746 3371 subsit;
1772 3335 1854 3366 sicut
1876 3345 1944 3371 nec,
1970 3345 2044 3365 cum
2061 3341 2178 3375 appeto
2198 3342 2253 3365 aut
2275 3334 2396 3375 recipio
2419 3344 2515 3374 pecu-

1438 3380 1525 3411 niam
1549 3379 1628 3410 mihi
1652 3379 1801 3416 debitam,
1825 3387 1937 3410 teneor
1959 3379 2073 3410 referre
2088 3389 2159 3410 eam
2179 3379 2218 3409 ad
2238 3379 2334 3410 talem
2350 3379 2400 3409 vel
2419 3378 2514 3409 talem

1439 3435 1546 3456 usum.
1569 3425 1740 3455 Peccatum
1765 3431 1872 3455 autem
1896 3431 1978 3455 esset
2001 3424 2026 3454 si
2050 3424 2151 3454 homo
2174 3423 2208 3454 in
2231 3430 2358 3454 tantum
2383 3423 2516 3454 delecta-

1439 3477 1524 3501 retur
1547 3469 1671 3500 honore
1694 3476 1730 3499 ut
1750 3479 1815 3499 non
1831 3476 1953 3500 curaret
1977 3479 2017 3499 an
2041 3469 2217 3499 honoretur
2234 3469 2323 3499 Deus
2340 3475 2375 3499 ut
2394 3474 2514 3504 auctor,

1440 3514 1621 3545 dummodo
1645 3514 1714 3554 ipse
1737 3514 1856 3544 habens
1880 3514 2072 3550 honoretur;
2108 3520 2139 3544 et
2162 3513 2306 3544 similiter
2333 3523 2392 3553 pro
2417 3512 2515 3542 nihilo

1440 3559 1569 3590 haberet
1589 3569 1629 3589 an
1652 3559 1759 3589 honor
1782 3558 1868 3589 utilis
1888 3566 1969 3589 esset
1992 3558 2155 3599 proximiS,
2174 3557 2355 3589 dummodo
2372 3558 2439 3597 ipse
2459 3557 2516 3586 ho-

1441 3611 1617 3635 noraretur.
1643 3604 1715 3634 Hoc
1739 3603 1824 3634 enim
1850 3611 1930 3634 esset
1953 3603 2044 3644 quasi
2067 3603 2204 3643 privare,
2230 3610 2387 3643 quantum
2411 3608 2458 3632 est
2480 3610 2517 3630 ex

2522 1289 2531 1299 ⁸
2546 1287 2605 1309 lbid.

2530 388 2588 416 Cap.
2602 394 2655 415 vin,
2672 394 2694 409 n.
2706 394 2722 414 ι,

2523 431 2528 436 .
2543 426 2554 430 -
2569 415 2594 437 S.
2608 414 2653 436 Tb.
2668 415 2723 436 lect.
