2768 4198
42 787 52 797 ⁴
61 787 87 808 ln
95 786 161 808 Ioan.
176 786 253 809 Tract.

40 812 123 835 Lvm.

42 840 63 851 ⁸⁸
78 839 149 862 Vera.
166 846 195 869 ¹3·

951 268 1221 316 QUAESTIO
1251 268 1451 316 cxxxn,
1480 271 1779 308 ARTicuLus
1811 272 1822 307 1
2430 283 2479 319 79

283 356 340 386 est
372 347 492 396 gloria
527 348 701 395 dignum,
736 348 832 384 sicut
869 348 916 385 de
945 348 1070 397 aliqua
1104 360 1144 384 re
1173 346 1291 395 fragili
1322 354 1357 383 et
1383 347 1385 401 ζ
1412 348 1511 384 titur.
1541 350 1600 385 De
1630 361 1707 398 qua
1736 349 1890 397 dicitur,
1922 350 1952 386 ll
1982 350 2034 386 ad
2066 351 2153 386 Cor.
2183 362 2206 386 x
2225 350 2265 386 *t
2300 351 2374 392 Qui
2399 350 2480 399 glo-

284 401 439 439 caduca.
471 422 494 429 -
523 401 610 438 Alio
639 401 772 448 modo,
795 413 839 438 ex
867 409 974 450 parte
1004 401 1085 438 eius
1114 413 1136 438 a
1164 412 1242 450 quo
1271 399 1356 448 quis
1382 421 1385 464 1
1413 400 1550 449 riatur,
1581 402 1617 438 in
1648 403 1815 439 Domino
1847 403 2054 452 glorietur:
2093 415 2167 439 non
2197 404 2296 440 enim
2335 404 2401 451 qui
2426 415 2481 439 se-

282 454 443 504 gloriam
482 454 650 503 quaerit:
685 461 778 504 puta
813 454 998 501 hominis,
1039 455 1145 492 cuius
1174 453 1355 491 iudicium

283 521 362 546 non
392 515 447 545 est
475 515 634 545 certum.
665 529 688 535 -
709 508 842 545 Tertio
873 510 1006 555 modo,
1028 521 1074 545 ex
1102 515 1209 557 parte
1238 506 1356 556 ipsius
1383 523 1384 546 ἢ

282 562 348 610 qui
377 561 537 610 gloriam
566 561 722 610 appetit,
752 561 818 612 qui
837 561 1014 599 videlicet
1038 561 1248 611 appetitum
1278 561 1356 608 glo-

283 616 360 652 riae
389 627 480 652 suae
510 627 589 652 non
619 615 730 652 refert
749 615 785 651 in
815 615 987 652 debitum
1016 616 1156 662 finem,
1186 621 1278 664 puta
1307 613 1356 651 ad

282 669 473 706 honorem
502 669 575 706 Dei
604 669 666 705 vel
695 668 859 717 proximi
889 670 1061 706 salutem.

335 724 395 759 AD
416 733 556 759 ptumum
575 734 674 759 aaoo
695 734 880 760 mcx-:NDUM
908 723 1026 771 quod,
1048 722 1143 759 sicut
1172 721 1260 759 dicit
1279 723 1358 758 Au-

281 776 454 824 gustinus
471 775 502 823 ²¹⁸,
523 788 639 824 super
666 776 758 813 illud
784 777 888 813 loan.
909 789 970 813 xm
989 776 1040 823 *ἦ
1073 791 1091 809 α
1110 776 1191 812 Vos
1210 774 1357 812 vocatis

283 841 358 876 me,
380 829 561 877 Magister
581 837 618 866 et
646 829 832 876 Domine,
865 838 900 866 et
928 831 1026 866 bene
1058 829 1178 866 dicitis
1197 845 1231 876 ›,
1254 829 1357 878 peri-

281 883 451 919 culosum
480 889 536 920 est
559 883 632 920 sibi
650 884 807 932 placere
829 884 893 920 cui
918 884 1128 921 cavendum
1149 889 1203 920 est
1228 894 1357 931 super·
1382 912 1384 918 ἶ

1382 465 1385 522 f
1412 453 1533 502 ipsum
1554 457 1803 502 commendat,
1816 456 1876 493 ille
1885 457 2070 505 probatus
2085 462 2156 501 est;
2174 457 2240 493 sed
2257 467 2366 504 quem
2378 457 2482 492 Deus

1383 553 1384 557 Ἰ
1412 508 1659 544 commendat.
1691 530 1715 537 -
1743 510 2007 547 Provocantur
2044 510 2158 547 etiam
2188 509 2302 559 aliqui
2331 509 2379 546 ad
2407 509 2482 545 vir-

1381 559 1385 603 ἶ
1411 567 1535 597 tutum
1566 573 1683 610 opera
1714 574 1758 598 ex
1787 563 1956 611 appetitu
1984 563 2125 611 gloriae
2154 564 2358 609 humanae,
2388 563 2483 599 sicut

1382 617 1384 650 ἱ
1412 614 1526 650 etiam
1558 626 1602 650 ex
1626 615 1796 662 appetitu
1816 617 1978 654 aliorum
1998 625 2237 654 terrenorum
2268 617 2481 653 bonorum:

1382 707 1384 713 .
1412 679 1490 704 non
1527 675 1656 704 tamen
1693 677 1749 704 est
1775 681 1867 706 vere
1896 670 2089 708 virtuosus
2126 671 2192 718 qui
2229 678 2385 719 propter
2414 671 2482 707 hu-

1381 718 1385 742 '
1411 732 1568 757 manam
1597 721 1758 768 gloriam
1788 735 1906 771 opera
1932 724 2080 761 virtutis
2110 732 2306 774 operatur,
2335 732 2376 760 ut
2404 725 2482 760 Au-

1382 801 1384 821 ,
1411 774 1584 823 gustinus
1611 775 1762 823 probat,
1793 775 1830 812 in
1859 777 1893 812 V
1921 778 1967 813 de
1999 779 2078 815 Civ.
2108 779 2183 814 Dei
2199 777 2230 814 ²¹⁶.

1465 830 1524 865 An
1543 839 1706 865 τεκτιυΜ
1725 840 1911 866 DICENDUM
1931 831 2036 879 quod
2052 832 2100 868 ad
2120 831 2395 880 perfectionem
2415 831 2483 867 ho-

1412 881 1524 919 minis
1545 881 1706 931 pertinet
1725 883 1830 930 quod
1850 883 1930 931 ipse
1952 893 2174 932 cognoscat:
2196 886 2262 922 sed
2279 884 2383 934 quod
2403 883 2483 933 ipse

241 971 247 973 ,
282 937 373 973 hire.
407 936 478 973 Ille
504 942 631 974 autem
660 938 727 986 qui
751 948 865 986 super
901 939 1031 974 omnia
1059 942 1127 983 est,
1157 943 1357 985 quantum·
1383 925 1384 947 ¹
1411 936 1459 972 ab
1489 935 1568 973 aliis
1598 943 1851 984 cognoscatur
1879 949 1957 973 non
1986 938 2147 986 pertinet
2176 938 2224 975 ad
2254 938 2334 975 eius
2362 937 2484 987 perfe-

39 1320 51 1332 ⁸
63 1319 132 1343 Vm.
145 1320 179 1343 ¹6.

37 1925 48 1938 ⁸
58 1924 87 1948 ln
101 1925 205 1949 Nonnd.

35 2107 118 2158 agl-l.
125 2107 250 2130 dolarent.

282 1001 443 1039 cumque
469 1002 510 1027 se
534 990 670 1037 laudet,
696 1003 772 1028 non
800 1003 840 1027 se
867 991 1021 1028 extollit.
1050 990 1174 1027 Nobis
1193 1001 1358 1039 namque
1383 989 1385 1034 ᾗ
1412 989 1601 1036 ctionem,
1634 997 1670 1026 et
1707 988 1795 1026 ideo
1831 1002 1910 1026 non
1941 998 1995 1027 est
2027 1003 2096 1039 per
2130 1004 2169 1028 se
2209 991 2482 1040 appetendum.

282 1044 433 1092 expedit
459 1045 585 1081 Deum
614 1057 742 1090 nosse,
773 1056 847 1081 non
877 1044 952 1081 illi:
986 1055 1055 1081 nec
1087 1052 1172 1080 eum
1202 1045 1358 1093 quisque
1384 1045 1385 1048 ’
1412 1044 1543 1080 Potest
1570 1051 1699 1080 tamen
1727 1043 1854 1092 appeti
1884 1043 2111 1091 inquantum
2143 1052 2198 1081 est
2225 1045 2314 1082 utile
2344 1046 2391 1082 ad
2421 1045 2485 1082 ali-

281 1098 491 1148 cognoscit,
520 1098 555 1134 si
581 1110 655 1135 non
684 1111 724 1135 se
751 1098 888 1135 indicet
914 1098 991 1146 ipse
1010 1097 1076 1145 qui
1100 1098 1213 1134 novit.
1243 1098 1356 1135 Unde
1383 1135 1385 1153 4
1413 1096 1523 1146 quid:
1552 1097 1615 1134 vel
1644 1097 1691 1134 ad
1721 1097 1797 1133 hoc
1826 1097 1930 1146 quod
1951 1098 2057 1134 Deus
2086 1099 2133 1134 ab
2162 1099 2382 1135 hominibus
2407 1100 2485 1146 glo-

281 1158 385 1199 patet
413 1151 520 1200 quod
539 1152 646 1189 Deus
675 1163 785 1189 suam
806 1151 967 1199 gloriam
997 1163 1075 1187 non
1096 1151 1243 1199 quaerit
1268 1164 1356 1200 pro-
1383 1158 1385 1200 3
1414 1150 1600 1196 rificetur;
1628 1151 1692 1187 vel
1712 1150 1761 1187 ad
1781 1151 1856 1188 hoc
1885 1151 1990 1200 quod
2010 1151 2186 1188 homines
2214 1152 2415 1200 proficiant
2439 1164 2484 1188 ex

280 1213 365 1254 pter
385 1218 437 1253 se,
459 1206 526 1243 sed
546 1213 704 1254 propter
722 1217 804 1242 nos.
836 1205 885 1241 Et
905 1203 1074 1241 similiter
1100 1204 1213 1241 etiam
1235 1205 1355 1242 homo
1383 1202 1385 1225 ³
1412 1205 1517 1241 bono
1547 1204 1652 1253 quod
1673 1204 1711 1241 in
1740 1203 1814 1241 alio
1845 1213 2097 1253 cognoscunt;
2128 1206 2190 1242 vel
2211 1217 2255 1241 ex
2276 1206 2350 1242 hoc
2379 1206 2484 1253 quod

281 1259 518 1297 laudabiliter
545 1266 671 1309 potest
699 1258 747 1296 ad
776 1259 938 1295 aliorum
967 1257 1165 1295 utilitatem
1195 1258 1356 1306 gloriam
1383 1266 1385 1297 ε
1411 1258 1492 1307 ipse
1527 1258 1648 1295 horno
1679 1270 1724 1295 ex
1763 1258 1874 1295 bonis
1910 1270 2010 1308 quae
2047 1259 2086 1295 in
2124 1271 2164 1295 se
2194 1259 2389 1307 cognoscit
2417 1271 2486 1307 per

281 1311 625 1362 suamnappe‘tere:
657 1311 870 1350 secundum
900 1311 991 1348 illud
1021 1311 1156 1348 Matth.
1178 1309 1260 1348 ν’*ε
1298 1313 1357 1359 Vi-
1382 1313 1384 1350 l
1411 1311 1672 1349 testimonium
1702 1311 1825 1349 laudis
1854 1312 2011 1359 alienae,
2033 1312 2183 1349 studeat
2210 1312 2247 1349 in
2278 1312 2331 1349 eis
2359 1325 2486 1362 perse-

281 1366 395 1404 deant
412 1378 529 1416 opera
547 1372 672 1404 vestra
700 1367 812 1411 bona,
833 1371 869 1402 et
884 1365 1102 1415 glorificent
1117 1365 1268 1402 Patrem
1293 1377 1355 1402 ve-

279 1426 400 1458 strum
429 1421 496 1470 qui
521 1420 559 1457 in
588 1419 702 1456 caelis
729 1425 793 1456 est.

333 1476 393 1512 An
418 1485 610 1511 secunaum
630 1484 815 1510 mesanum
835 1471 941 1521 quod
969 1471 1087 1520 gloria
1117 1483 1216 1520 quae
1238 1472 1356 1509 habe-

1381 1359 1384 1441 l‘
1410 1377 1546 1402 verare
1567 1373 1603 1402 et
1623 1366 1672 1403 ad
1692 1366 1852 1403 meliora
1881 1366 2081 1415 proficere.
2112 1367 2161 1403 Et
2180 1366 2392 1403 secundum
2413 1367 2487 1403 hoc

1410 1419 1601 1456 laudabile
1631 1426 1687 1457 est
1707 1420 1812 1468 quod
1831 1432 1965 1457 curam
1989 1421 2126 1457 haheat
2153 1420 2289 1468 aliquis
2315 1420 2361 1457 de
2389 1421 2486 1456 bono

1410 1473 1578 1518 nomine,
1609 1481 1644 1509 et
1678 1475 1783 1521 quod
1807 1474 2010 1522 provideat
2037 1474 2136 1510 bona
2165 1486 2295 1510 coram
2328 1474 2487 1510 homini-

279 1535 340 1565 tur
367 1541 390 1565 a
413 1529 511 1574 Deo,
532 1538 611 1564 non
642 1533 698 1563 est
725 1525 842 1574 gloria
861 1538 975 1572 vana,
997 1526 1064 1562 sed
1092 1537 1198 1562 vera.
1233 1526 1283 1562 Et
1301 1533 1354 1562 ta·
1379 1526 1382 1582 J
1408 1527 1478 1563 bus
1496 1531 1532 1562 με
1569 1538 1647 1564 non
1666 1534 1796 1564 tamen
1816 1528 1920 1576 quod
1942 1527 1978 1564 in
1999 1527 2199 1564 hominum
2230 1527 2342 1564 laude
2371 1527 2488 1564 inani-

278 1581 322 1618 lis
351 1581 468 1630 gloria
497 1580 608 1618 bonis
638 1579 819 1629 operibus
838 1579 876 1617 in
905 1579 1123 1628 praemium
1154 1579 1354 1628 repromit-
1378 1583 1381 1623 l
1407 1587 1465 1617 ter
1493 1579 1711 1617 delectetur.

332 1715 361 1750 μ.)
381 1714 542 1741 hominibus.
554 1727 572 1733 -
594 1713 651 1738 Deo
670 1715 697 1737 et
715 1711 866 1737 hominibus
880 1712 909 1738 P.

967 1791 1304 1824 Commentaria
1327 1791 1582 1825 Garamans
1605 1792 1808 1826 Caietam

309 1888 330 1910 u
341 1876 476 1910 articulo
494 1876 599 1917 primo
615 1874 812 1916 quaestionis
828 1872 1357 1913 centesimaetrigesimaesecundae

283 1891 447 1954 Idubium
471 1931 507 1952 ex
523 1919 674 1956 Martiae,
699 1919 731 1949 in
756 1929 766 1948 1
789 1928 844 1959 qu.
861 1917 879 1937 *
896 1918 935 1948 de
959 1917 1047 1948 inani
1071 1917 1190 1954 Gloria,
1209 1917 1356 1955 occurrit,

278 1968 488 2008 impugnante
507 1965 598 2006 quod
621 1963 731 2004 gloria,
756 1962 883 2003 largiori
900 1963 1070 1998 vocabulo,
1087 1962 1243 2003 significat
1262 1963 1358 1994 etiarn

280 2011 426 2043 notitiam
450 2010 550 2041 solius
573 2008 741 2050 ipsiusmet
764 2007 820 2049 qui
843 2007 1006 2048 gloriatur.
1031 2007 1120 2038 Tum
1139 2007 1225 2049 quia,
1246 2018 1357 2039 secun-

279 2057 359 2088 dum
382 2065 513 2091 omnes,
537 2053 637 2095 gloria
660 2054 814 2094 importat
836 2052 974 2084 alienam
998 2052 1198 2092 opinionem.
1223 2070 1244 2076 -
1268 2054 1358 2084 Turn

279 2101 355 2143 quia
371 2101 396 2131 11
412 2099 630 2132 Rhetoricae*
644 2098 825 2139 frequenter
840 2097 965 2128 videtur
977 2097 1055 2137 poni
1069 2098 1154 2128 bona
1169 2097 1282 2138 opinio
1299 2108 1358 2139 pro

278 2145 389 2186 gloria.
406 2162 428 2168 -
444 2144 533 2184 Tum
556 2143 632 2185 quia
654 2143 755 2183 gloria
778 2142 859 2173 inter
882 2149 1008 2173 externa
1025 2142 1110 2173 bona
1133 2142 1239 2173 habita
1256 2149 1311 2174 est.

335 2190 386 2221 Ad
409 2189 472 2220 hoc
495 2188 610 2219 dicitur
633 2188 722 2229 quod
742 2186 851 2219 omnia
875 2186 952 2218 haec
969 2186 1060 2217 facile
1077 2187 1174 2218 unico
1190 2187 1288 2218 verbo
1306 2197 1356 2217 ex-

279 2235 462 2270 cluduntur.
485 2233 620 2264 dicendo
644 2233 734 2274 quod
749 2233 929 2273 loquuntur
945 2231 983 2262 de
999 2231 1100 2271 gloria
1117 2231 1256 2272 proprie.
1282 2233 1357 2263 Lar-

278 2280 359 2322 giori
383 2286 491 2310 autem
514 2277 690 2314 vocabulo,
714 2277 798 2308 sicut
821 2276 923 2307 iustus
947 2283 994 2306 est
1025 2275 1099 2316 quis
1129 2276 1188 2307 sibi
1212 2276 1289 2317 ipsi,
1314 2276 1358 2307 ita

277 2324 437 2366 gloriosus
461 2330 508 2354 est
530 2322 603 2363 quis
626 2321 658 2352 in
682 2331 740 2352 sua
763 2321 928 2362 opinione.

334 2369 371 2400 11.
397 2368 431 2398 ln
456 2367 571 2399 eodem
595 2366 700 2407 primo
724 2366 877 2402 articulo,
902 2366 983 2397 circa
1011 2364 1234 2396 sufficientiam
1259 2365 1356 2396 trium

277 2413 452 2445 modorum
475 2411 508 2443 in
531 2411 634 2442 littera
657 2410 837 2451 positorum
862 2410 900 2441 de
923 2409 1010 2441 inani
1033 2409 1144 2450 gloria,
1166 2410 1303 2442 dubium
1320 2421 1356 2441 ex

277 2457 427 2495 Martino,
450 2456 579 2493 ibidem,
600 2455 746 2492 occurrit,
764 2455 888 2487 dicente
904 2454 970 2486 dari
987 2454 1067 2487 alios
1084 2455 1215 2486 modos:
1240 2455 1358 2486 scilicet

278 2512 353 2535 cum
377 2502 450 2543 quis
473 2501 608 2543 gloriam
628 2510 719 2531 suam
744 2501 868 2541 quaerit
890 2510 966 2531 cum
989 2499 1109 2530 alienae
1125 2500 1245 2540 gloriae
1261 2500 1356 2531 detri-
1382 2522 1384 2532 .

279 2553 406 2584 mento;
431 2553 463 2577 et
485 2555 594 2577 rursus
617 2555 693 2576 cum
716 2545 789 2586 quis
814 2545 909 2576 nimis
932 2545 1020 2575 ardet
1043 2555 1152 2575 amore
1175 2545 1303 2585 gloriae.

334 2591 386 2622 Ad
409 2591 470 2622 hoc
494 2590 608 2621 dicitur
630 2590 721 2631 quod
744 2589 777 2620 hi
801 2590 867 2621 duo
883 2589 973 2620 modi
996 2596 1140 2630 spectant
1163 2590 1202 2620 ad
1227 2590 1356 2621 tertium
1382 2588 1384 2615 ἴ

279 2637 417 2668 modum
447 2635 480 2666 in
511 2635 613 2666 littera
645 2635 808 2675 positum,
833 2634 889 2676 qui
918 2641 965 2665 est
988 2640 1147 2675 exparte
1175 2635 1277 2675 ipsius
1301 2636 1369 2676 qui‘

277 2682 420 2723 gloriam
440 2681 570 2721 appetit.
594 2679 717 2710 Omnes
739 2678 899 2720 siquidem
922 2678 1063 2710 defectus
1086 2686 1118 2710 et
1141 2678 1357 2711 deformitates

278 2735 418 2757 annexae
446 2734 512 2755 non
544 2734 581 2755 ex
604 2731 692 2765 parte
716 2723 759 2754 rei
790 2724 828 2755 de
852 2734 916 2765 qua
946 2723 996 2754 vel
1027 2723 1095 2754 eius
1119 2733 1137 2753 a
1160 2733 1227 2764 quo
1256 2724 1356 2764 gloria

278 2770 455 2812 quaeritur,
481 2769 546 2800 sive
570 2768 633 2799 sint
654 2767 736 2805 finis,
761 2768 826 2799 sive
843 2767 942 2804 modi,
961 2767 1025 2798 sive
1041 2767 1161 2804 damni,
1177 2768 1243 2798 sive
1259 2769 1355 2806 utilis,
1382 2764 1384 2801 ῗ

278 2822 310 2846 et
332 2814 539 2849 huiusmodi,
575 2823 612 2844 ex
635 2821 722 2854 parte
747 2812 918 2843 inordinati
940 2812 1070 2843 affectus
1092 2812 1178 2843 illius
1207 2812 1262 2854 qui
1287 2814 1358 2853 glo·
1382 2829 1384 2851 3

277 2860 356 2890 riam
373 2859 504 2900 appetit,
529 2868 562 2889 se
579 2865 696 2889 tenent.
722 2858 879 2895 Quamvis
895 2860 1017 2888 Auctor
1032 2856 1136 2887 solam
1152 2857 1356 2889 circumstan-

277 2904 356 2936 tiam
379 2903 451 2935 finis
475 2910 506 2934 et
529 2903 625 2939 utilis,
642 2909 754 2943 utpote
778 2902 988 2943 principalem
1004 2901 1036 2931 in
1053 2901 1116 2932 hoc
1132 2903 1289 2938 membro,
1306 2913 1356 2933 ex-
1382 2937 1384 2947 *

278 2948 435 2990 presserit.
458 2949 518 2979 Per
541 2948 618 2978 haec
635 2947 721 2978 enirn
745 2947 917 2978 insinuavit
933 2945 1054 2986 reliqua
1071 2956 1108 2976 ex
1123 2947 1238 2977 eodem
1255 2947 1357 2988 capite

277 2993 492 3035 procedentia,
517 2992 636 3023 scilicet
658 3002 695 3023 ex
719 2999 806 3032 parte
826 2990 1013 3032 appetentis.
1038 2990 1128 3021 Sicut
1151 2991 1190 3021 ad
1214 2991 1356 3032 primum

279 3038 476 3074 membrum,
501 3037 618 3068 scilicet
642 3047 679 3067 ex
703 3043 790 3077 parte
815 3036 874 3072 rei,
900 3035 1061 3066 reducitur
1084 3035 1190 3066 omnis
1214 3035 1356 3068 defectus

279 3093 316 3114 ex
339 3089 427 3124 parte
450 3081 494 3113 rei
518 3082 557 3112 de
581 3091 646 3123 qua
669 3083 772 3112 maior
794 3081 895 3121 gloria
918 3080 1090 3121 quaeritur.

335 3127 389 3158 111.
414 3126 449 3158 In
473 3127 588 3157 eodem
611 3126 717 3167 primo
741 3126 875 3156 articulo
900 3124 1036 3156 dubium
1051 3124 1188 3155 occurrit
1211 3124 1292 3155 circa
1307 3135 1355 3156 se-

279 3171 423 3202 cundum
446 3172 629 3202 membrum
652 3170 755 3201 inanis
778 3170 907 3211 gloriae,
932 3169 1050 3200 scilicet
1073 3169 1162 3210 quod
1185 3169 1286 3209 gloria
1310 3176 1357 3200 est

279 3215 382 3246 inanis
398 3221 547 3256 exparte
570 3217 639 3247 eius
661 3225 682 3246 a
701 3225 764 3257 quo
787 3216 859 3256 quis
880 3215 1022 3256 gloriam
1047 3214 1185 3254 quaerit,
1197 3219 1280 3254 puta
1302 3215 1356 3244 ho-

280 3261 393 3297 minis,
417 3261 510 3291 cuius
532 3260 686 3291 iudicium
710 3270 774 3290 non
799 3265 846 3290 est
867 3264 1001 3290 certum.
1032 3257 1167 3289 Videtur
1196 3258 1356 3299 siquidem

280 3304 342 3335 hoc
365 3303 493 3335 falsum.
515 3305 601 3335 Nam
620 3305 646 3335 si
662 3304 762 3345 gloria
778 3304 922 3345 quaesita
938 3304 977 3334 ab
994 3302 1136 3339 homine,
1153 3313 1190 3333 ex
1206 3302 1268 3333 hoc
1283 3303 1355 3343 ipso

279 3348 370 3390 quod
392 3348 555 3390 quaeritur
577 3349 616 3379 ab
639 3349 782 3385 homine,
799 3355 846 3380 est
859 3359 950 3384 vana,
971 3358 1007 3378 ac
1030 3357 1086 3388 per
1105 3347 1167 3378 hoc
1187 3347 1354 3384 deformis;
1382 3373 1383 3387 2

280 3393 424 3433 sequitur
452 3393 543 3433 quod
576 3393 663 3424 nulla
691 3394 814 3425 ratione
844 3393 911 3424 sine
943 3399 1075 3433 peccato
1109 3398 1215 3433 potest
1246 3392 1355 3433 quaeri

279 3437 381 3478 gloria
404 3437 443 3467 ab
468 3436 610 3469 homine.
640 3440 688 3469 Ac
711 3448 767 3479 per
790 3438 869 3474 hoc,
895 3448 961 3468 non
985 3437 1093 3468 liceret
1115 3443 1263 3478 appetere
1286 3437 1356 3478 glo-

279 3481 360 3512 riam
389 3481 566 3512 humanam
595 3489 726 3522 propter
748 3482 931 3524 profectum
957 3481 1114 3518 aliorum,
1140 3491 1197 3512 nec
1226 3489 1356 3522 propter
1381 3491 1384 3517 l

280 3526 463 3567 profectum
485 3525 664 3566 proprium,
690 3536 748 3557 nec
770 3534 901 3568 propter
923 3526 1083 3557 honorem
1098 3526 1168 3557 Dei.
1194 3526 1293 3564 Quod
1310 3533 1357 3557 est

279 3570 521 3601 inconveniens:
539 3579 613 3601 cum
629 3570 731 3611 gloria
746 3570 886 3602 humana
902 3571 942 3602 sit
957 3571 1123 3612 quoddam
1140 3571 1265 3602 bonurn
1278 3571 1355 3601 utile

279 3614 433 3646 referibile
456 3615 489 3645 in
511 3615 637 3646 bonum
660 3613 767 3646 finem.

1468 1873 1519 1903 Ad
1544 1873 1606 1904 hoc
1630 1874 1745 1905 dicitur
1774 1874 1864 1915 quod
1893 1882 2043 1914 quaerere
2071 1873 2206 1912 gloriam
2231 1874 2269 1904 ab
2293 1874 2424 1904 homine
2453 1882 2488 1906 t1t

1412 1917 1563 1954 homine,
1589 1928 1654 1948 non
1684 1926 1730 1950 est
1761 1919 1939 1949 secundum
1970 1927 2002 1948 se
2032 1927 2186 1958 pravum,
2222 1925 2256 1948 ut
2285 1919 2377 1949 allata
2408 1920 2487 1950 ratio

1413 1963 1536 2003 probat.
1561 1962 1622 1993 Sed
1646 1963 1671 1993 si
1695 1970 1866 2005 quaeratur
1881 1963 1982 2003 gloria
1996 1962 2138 1993 humana
2162 1958 2243 1993 ultra
2266 1962 2426 1993 humanos
2451 1964 2487 1994 li·

1413 2007 1515 2044 mites,
1539 2008 1590 2038 vel
1613 2007 1689 2048 quia
1713 2008 1875 2049 quaeritur
1897 2008 1937 2038 ab
1962 2007 2092 2038 homine
2116 2014 2270 2048 tanquam
2295 2018 2313 2038 a
2329 2015 2414 2039 certo
2438 2009 2488 2040 vel

1413 2062 1531 2092 magno
1555 2052 1751 2089 testimonio,
1776 2060 1830 2084 aut
1854 2052 1950 2084 etiam
1974 2052 2089 2083 ultimo
2113 2052 2318 2088 testimonio;
2343 2060 2419 2084 tunc
2442 2053 2487 2083 vi-

1413 2097 1492 2127 tium
1519 2104 1565 2128 est
1588 2097 1690 2128 inanis
1714 2098 1843 2138 gloriae.
1869 2098 1910 2128 Et
1933 2097 1994 2128 hoc
2018 2097 2118 2127 modo
2142 2097 2345 2137 intelligenda
2364 2098 2489 2129 videtur

1412 2141 1523 2172 littera.
1560 2141 1670 2173 Gloria
1701 2142 1861 2183 siquidem
1891 2142 2050 2178 humana,
2083 2142 2108 2172 si
2137 2149 2306 2183 quaeratur
2335 2149 2489 2183 tanquam

1413 2196 1568 2226 magnum
1591 2193 1647 2217 aut
1670 2194 1792 2217 certum
1812 2186 1943 2227 aliquid,
1961 2196 2034 2216 cum
2052 2186 2225 2217 minimum
2241 2186 2319 2227 quid
2336 2193 2366 2217 et
2381 2187 2489 2218 incerti

1412 2230 1452 2261 sit
1475 2230 1660 2267 testimonii,
1684 2241 1766 2261 vana
1789 2237 1836 2261 est
1859 2241 1896 2262 ex
1920 2238 2008 2271 parte
2033 2230 2100 2261 eius
2124 2241 2142 2261 a
2165 2241 2232 2272 quo
2256 2231 2428 2272 quaeritur.
2458 2232 2490 2263 Si

1412 2285 1487 2306 vero
1511 2282 1682 2316 quaeratur
1704 2275 1785 2306 infra
1808 2275 1968 2306 humanae
1988 2275 2216 2315 magnitudinis
2240 2282 2271 2306 et
2294 2276 2491 2307 certitudinis

1411 2319 1539 2356 limites,
1556 2330 1637 2350 vana
1654 2330 1720 2350 non
1738 2327 1785 2351 est
1801 2330 1838 2351 ex
1854 2327 1941 2361 parte
1964 2320 2032 2351 eius
2056 2331 2073 2351 a
2090 2330 2156 2361 quo
2174 2320 2346 2361 quaeritur.
2373 2321 2413 2352 Et
2429 2321 2490 2352 hoc

1412 2365 1437 2395 si
1454 2362 1638 2396 advertisset
1660 2365 1827 2402 Martinus,
1843 2365 1874 2395 in
1892 2375 1947 2406 qu.
1964 2376 1999 2396 111
2015 2365 2042 2402 *‚
2059 2375 2124 2395 non
2140 2372 2282 2405 putasset
2301 2366 2491 2405 oppositum

1412 2420 1479 2440 esse
1508 2410 1547 2440 de
1581 2416 1687 2440 mente
1721 2410 1888 2440 Auctoris:
1922 2416 1957 2440 ut
1991 2409 2024 2440 in
2054 2410 2199 2450 sequenti
2231 2409 2365 2441 articulo
2396 2411 2491 2441 verba

1412 2454 1570 2491 Auctoris,
1595 2455 1635 2485 ad
1657 2465 1682 2491 1,
1708 2454 1911 2486 manifestant
1926 2454 1952 2485 *.

1469 2499 1521 2530 1V.
1547 2499 1581 2529 ln
1606 2499 1721 2530 eodem
1745 2499 1889 2532 articulo.
1910 2499 1942 2529 in
1958 2499 2168 2538 responsione
2185 2499 2223 2529 ad
2245 2499 2397 2539 primum,
2416 2509 2490 2530 curn

1383 2562 1384 2583 ἢ
1411 2544 1527 2575 dicitur
1549 2544 1639 2585 quod
1662 2544 1754 2575 Deus
1775 2545 1903 2584 quaerit
1920 2543 2061 2585 gloriam
2085 2553 2178 2574 suam
2203 2553 2266 2574 non
2285 2549 2422 2584 propter
2443 2554 2488 2582 se,

1410 2589 1468 2620 sed
1484 2594 1622 2630 propter
1638 2599 1707 2627 nos,
1725 2598 1790 2619 non
1806 2588 1992 2628 intelligitur
2011 2594 2047 2618 ut
2065 2588 2098 2629 ly
2112 2593 2250 2628 propter
2268 2588 2398 2619 denotat
2417 2599 2490 2619 cau·

1411 2644 1480 2664 sam
1503 2633 1648 2664 finalem:
1673 2633 1829 2674 quoniam
1852 2633 1940 2664 Deus
1964 2632 2100 2673 gloriam
2124 2642 2216 2662 suam
2241 2639 2272 2662 et
2291 2633 2400 2663 omnia
2420 2633 2490 2664 vult

1412 2686 1543 2719 propter
1572 2689 1604 2709 se
1634 2685 1790 2719 tanquam
1818 2677 1917 2708 finem
1941 2677 2089 2708 omnium
2114 2684 2293 2708 creatorum
2317 2684 2348 2708 et
2371 2678 2488 2708 creabi-

1411 2724 1503 2754 lium.
1529 2723 1590 2754 Sed
1610 2723 1796 2763 intelligitur
1818 2722 1851 2763 ly
1869 2727 2006 2763 propter
2028 2729 2063 2752 ut
2087 2722 2217 2752 denotat
2236 2722 2410 2752 terminum
2428 2722 2489 2752 uti-

1411 2768 1516 2799 litatis.
1540 2768 1608 2798 Nos
1626 2767 1712 2798 enim
1731 2777 1843 2798 sumus
1867 2767 1907 2797 ad
1931 2777 2072 2808 quorum
2089 2766 2258 2797 utilitatem
2281 2767 2369 2797 Deus
2392 2776 2488 2807 quae-

1411 2813 1451 2844 rit
1478 2822 1568 2843 suam
1586 2812 1740 2852 gloriam:
1766 2822 1841 2842 nam
1872 2812 1911 2842 de
1935 2812 2006 2852 ipso
2031 2811 2184 2852 scriptum
2202 2810 2295 2841 est*:
2320 2811 2486 2842 Bonorum

1382 2859 1384 2885 1
1412 2863 1609 2894 nostrorum,
1635 2857 1716 2887 inter
1739 2867 1821 2898 quae
1846 2863 1892 2887 est
1915 2856 2026 2896 gloria,
2052 2866 2115 2886 non
2141 2856 2276 2897 indiges.

1469 2902 1504 2932 ln
1535 2902 1650 2932 eodem
1674 2901 1826 2938 articulo,
1852 2901 1884 2932 in
1908 2900 2118 2941 responsione
2141 2901 2180 2930 ad
2214 2900 2407 2936 secundum,
2434 2901 2487 2931 ubi

1411 2948 1449 2977 de
1474 2946 1702 2988 provocatione
1719 2946 1759 2976 ad
1781 2946 1938 2977 virtutum
1958 2955 2055 2986 opera
2071 2956 2108 2976 ex
2124 2945 2243 2986 gloriae
2259 2945 2401 2986 appetitu
2426 2952 2486 2975 tra-

1412 2998 1532 3027 ctatur,
1557 2991 1637 3021 scito
1654 2991 1744 3031 quod
1759 2990 1784 3020 si
1808 2990 1909 3030 gloria
1934 2998 1969 3021 ut
1992 2989 2063 3021 finis
2086 2990 2241 3020 virtutum
2268 2989 2409 3030 ponitur,
2426 2989 2486 3019 vir-

1411 3043 1513 3067 tutem
1537 3035 1679 3067 destruit.
1703 3035 1735 3066 Si
1759 3042 1869 3066 autem
1892 3042 1928 3066 ut
1951 3035 2051 3066 calcar
2074 3035 2112 3065 ad
2136 3034 2286 3065 virtutem
2310 3034 2431 3069 excitat,
2448 3034 2487 3064 ad

1410 3080 1561 3111 virtutem
1587 3080 1814 3121 acquirendam
1839 3080 2020 3110 humanum
2053 3079 2199 3110 animum
2226 3079 2353 3109 adiuvat
2386 3078 2487 3119 magis

1411 3135 1511 3166 quam
1535 3131 1636 3155 cetera
1660 3125 1745 3155 bona
1769 3124 1872 3155 utilia:
1898 3124 2054 3166 quoniam
2073 3124 2106 3154 in
2130 3134 2244 3164 genere
2265 3123 2394 3154 utilium
2417 3123 2486 3163 glo-

1411 3169 1456 3200 ria
1479 3175 1566 3200 tenet
1588 3169 1813 3210 principatum.

1466 3214 1505 3244 V.
1531 3213 1566 3243 ln
1591 3213 1706 3244 eodem
1730 3213 1877 3249 articulo,
1902 3213 1935 3243 in
1959 3213 2166 3253 responsione
2191 3213 2230 3243 ad
2254 3211 2403 3248 tertium,
2428 3212 2486 3242 du-

1410 3258 1501 3288 bium
1531 3258 1686 3289 occurrit:
1716 3258 1872 3299 quoniam
1901 3264 2049 3298 appetere
2079 3256 2215 3297 gloriam
2245 3257 2422 3287 humanam
2451 3263 2487 3287 ut

1410 3302 1549 3332 debitam
1573 3312 1650 3332 suae
1671 3302 1790 3338 virtuti,
1814 3312 1897 3343 quae
1919 3302 1952 3332 in
1975 3301 2104 3332 veritate
2127 3301 2173 3332 illi
2197 3301 2338 3338 debetur,
2359 3301 2486 3332 nullum

1410 3353 1577 3388 peccatum
1601 3353 1664 3383 est;
1696 3353 1727 3377 et
1754 3353 1860 3377 tamen
1889 3346 1958 3377 talis
1981 3346 2141 3387 appetitus
2164 3346 2325 3377 humanae
2349 3346 2484 3386 gloriae,

1411 3391 1522 3422 sistens
1546 3390 1578 3421 in
1603 3401 1640 3421 ea
1664 3398 1699 3421 ut
1722 3391 1816 3421 habet
1839 3391 1995 3422 rationem
2021 3390 2117 3422 debiti
2141 3390 2200 3421 sibi
2223 3390 2345 3421 ratione
2362 3390 2486 3421 virtutis

1410 3446 1508 3477 quam
1532 3435 1627 3466 habet
1650 3442 1705 3466 aut
1729 3435 1819 3472 fecit,
1844 3446 1910 3466 non
1934 3435 2028 3467 ha‘bet
2051 3435 2183 3476 aliquod
2207 3435 2305 3466 trium
2328 3434 2360 3465 in
2385 3435 2485 3466 littera

1410 3487 1661 3512 numeratorum.
1688 3480 1772 3518 Quia
1789 3490 1847 3511 nec
1862 3480 1903 3511 ad
1918 3480 1980 3511 hoc
2002 3481 2091 3522 quod
2107 3480 2195 3511 Deus
2210 3479 2402 3515 honoretur;
2428 3489 2485 3510 nec

1410 3526 1450 3556 ad
1470 3526 1531 3556 hoc
1555 3525 1644 3566 quod
1668 3525 1805 3565 proximi
1829 3524 2012 3566 proficiant;
2038 3535 2095 3556 nec
2110 3525 2150 3555 ad
2165 3525 2227 3556 hoc
2244 3525 2334 3566 quod
2350 3525 2486 3565 ipsemet

1410 3569 1564 3611 proficiat,
1585 3569 1700 3600 tendit:
1726 3570 1781 3600 sed
1805 3570 1845 3600 ad
1861 3569 1923 3601 hoc
1947 3570 2036 3611 quod
2059 3569 2159 3611 gloria
2176 3569 2234 3600 sibi
2254 3569 2357 3600 debita
2374 3569 2412 3599 ab
2429 3568 2483 3598 ho-

1411 3614 1560 3651 minibus,
1586 3615 1678 3645 detur
1700 3615 1738 3645 ab
1762 3614 1839 3650 illis;
1865 3621 1901 3646 ut
1923 3614 1948 3645 si
1972 3615 2044 3656 quis
2069 3621 2198 3655 appetat
2220 3621 2306 3654 gesta
2330 3623 2404 3644 suae
2424 3612 2483 3642 vir⁴

2511 353 2520 362 ⁸
2534 352 2601 374 Vera.
2617 359 2647 379 17,
2664 354 2695 374 ιδ.

2512 772 2522 781 ⁴
2536 771 2594 798 Cap.
2608 777 2650 792 κη.

2519 2376 2529 2385 ’
2543 2375 2652 2397 Conclus.
2669 2381 2688 2403 3.

2520 2451 2529 2460 ⁸
2538 2449 2574 2471 ef.
2589 2449 2648 2471 ibid.
2660 2449 2733 2471 Com-

2519 2480 2590 2498 ment.
2607 2482 2670 2498 num.
2683 2483 2718 2498 111.

2517 2817 2572 2838 ⁴1³⁵.
2583 2824 2620 2839 xv.
2633 2824 2692 2839 vers.
2708 2823 2728 2839 2.
