2768 4198
292 258 364 295 522
901 255 1170 302 QUAESTIO
1202 253 1485 301 chxxvm,
1516 255 1816 293 ARTlcuLus
1847 257 1877 292 11

341 339 400 374 At>
439 349 630 375 SECUNDUM
667 348 852 374 mcx-:noum
894 335 1000 384 quod
1039 335 1108 371 tria
1146 333 1359 371 essentialia
1385 335 1388 399 1
1414 334 1619 372 sectionem
1648 335 1848 385 perti-nent,
1880 335 2084 385 episcopus
2114 349 2153 373 se
2174 336 2291 373 habet
2318 349 2387 385 per
2406 348 2490 372 mo-

287 399 378 427 vota
407 390 813 439 religionispertinent
841 390 888 426 ad
919 388 1138 425 exercitium
1169 387 1358 435 religionis
1385 402 1387 427 i
1414 387 1507 424 dum
1538 390 1694 436 agentis,
1725 389 1887 438 religiosi
1908 397 2038 427 autem
2066 402 2136 438 per
2156 390 2320 427 modum
2345 389 2489 438 patien-

287 444 382 481 sicut
419 445 608 492 quaedam
643 443 865 492 principalia
898 442 946 479 ad
984 454 1083 490 quae
1123 442 1254 478 omnia
1287 441 1359 478 alia
1384 430 1387 502 ᾗ
1413 438 1474 488 tis,
1505 449 1545 479 ut
1573 442 1728 491 supra*
1757 443 1900 481 dictum
1931 451 1998 480 est.
2036 446 2167 492 Agens
2195 451 2344 490 autem,
2375 443 2488 480 etiam
2517 451 2600 500 gnQu-
2625 458 2732 479 ‹uxxm

46 509 55 517 ·
77 507 125 534 Qu·
150 513 257 554 ‹gr-mn,
288 498 531 543 reducuntur,
562 505 602 533 ut
622 507 737 545 supra
756 495 776 517 '¹‘
805 495 949 532 dictum
970 503 1036 531 est.
1067 495 1127 531 Ad
1150 495 1358 531 observan-
1383 505 1386 534 l
1413 494 1451 531 in
1488 495 1743 545 naturalibus,
1782 503 1927 545 quanto
1968 505 2024 534 est
2059 497 2255 546 superius,
2293 504 2398 534 tanto
2435 504 2491 533 est
2554 484 2595 506 ⁴⁷'

43 537 150 561 anm
180 539 199 555 ²⁴
288 552 377 588 dum
415 558 541 587 autem
579 549 886 597 unumquodque
924 560 1059 585 eorum
1098 547 1356 585 diversimode
1414 548 1534 596 magis
1562 561 1705 586 unum:
1742 561 1787 586 ea
1815 562 1910 587 vero
1939 562 2039 599 quae
2073 551 2288 599 patiuntur,
2319 557 2407 587 sunt
2435 550 2489 587 di-

285 604 418 653 aliquis
448 616 487 640 se
518 603 719 652 disponere
749 610 893 651 potest:
924 610 1016 650 puta
1041 601 1089 638 ad
1107 609 1245 638 votum
1267 614 1357 638 con·
1383 595 1387 621 ¹
1411 613 1535 639 versa.
1574 602 1687 640 Unde
1726 602 1998 640 rationabiliter
2037 612 2092 640 est
2127 617 2226 641 unus
2263 603 2489 653 episcopalis

285 657 460 694 tinentiae
490 656 722 693 servandum
753 668 793 692 se
824 655 991 704 disponit
1019 655 1154 703 aliquis
1182 667 1252 704 per
1285 654 1357 691 loci
1384 659 1385 681 i
1412 662 1549 702 status,
1581 655 1781 704 religiones
1809 669 1905 693 vero
1936 657 2122 695 diversae.

285 711 545 756 solitudinem,
577 722 645 758 per
673 709 962 755 abstinentiam,
994 721 1063 757 per
1091 716 1266 745 mutuam
1297 720 1357 745 so—
1383 726 1385 732 ⁴
1465 710 1524 746 An
1548 720 1724 751 QUARTUM
1743 721 1931 748 DICENDUM
1961 711 2066 759 quod
2087 711 2261 748 confusio
2282 711 2490 760 opponitur

285 764 470 809 cietatem,
501 771 537 799 et
565 775 634 811 per
657 763 774 803 multa
796 762 868 799 alia
887 762 1122 799 huiusmodi.
1153 763 1202 799 Et
1222 774 1356 799 secun·
1383 762 1385 782 ³
1413 762 1644 800 distinctioni
1674 771 1711 800 et
1739 763 1873 800 ordini.
1906 763 1969 801 Sic
1989 776 2080 812 ergo
2104 775 2150 801 ex
2170 765 2410 803 multitudine
2432 777 2489 803 re—

283 818 374 854 dum
411 817 485 853 hoc
522 824 625 864 patet
662 816 767 865 quod
803 816 1061 853 communitas
1098 815 1355 853 essentialium
1411 816 1595 864 ligionum
1625 816 1868 854 induceretur
1897 816 2085 865 confusio,
2115 816 2145 853 si
2170 817 2218 856 ad
2243 818 2346 856 idem
2368 826 2404 855 et
2420 830 2489 855 eo-

281 879 462 906 votorum
493 869 722 918 compatitur
750 870 1008 908 diversitatem
1031 869 1242 918 religionis:
1273 878 1355 907 turn
1383 880 1384 892 ¹
1412 870 1502 907 dem
1537 871 1657 908 modo
1697 870 1872 907 diversae
1913 871 2114 920 religiones
2151 878 2297 919 essent,
2341 871 2488 920 absque

254 964 258 969 ,
280 931 437 972 propter
457 923 627 961 diversas
649 923 938 972 dispositiones;
960 932 1042 960 tum
1064 923 1179 960 etiam
1199 932 1358 972 propter
1383 928 1384 944 ³
1412 924 1568 961 utilitate
1599 932 1635 961 et
1664 925 1901 962 necessitate.
1946 925 2079 972 Unde,
2118 932 2160 962 ut
2192 925 2268 962 hoc
2295 936 2375 962 non
2402 925 2487 972 fiat,

41 985 90 1006 ·1n
105 990 209 1012 corpore·
281 978 453 1014 diversos
481 977 591 1024 fines,
622 985 663 1014 ut
693 990 737 1013 ex
766 990 883 1027 supra
901 977 922 999 *
951 977 1058 1015 dictis
1087 985 1200 1027 patet.
1382 1014 1384 1028 ἶ
1411 978 1611 1014 salubriter
1638 977 1851 1015 institutum
1872 977 2026 1015 est*ne
2045 990 2150 1017 nova
2170 978 2312 1027 religio,
2333 977 2404 1016 nisi
2423 991 2488 1016 au·
2516 986 2731 1017 ‘tm-dmut-

334 1034 392 1067 At>
420 1042 582 1068 TERTIUM
611 1042 797 1068 chENDuM
818 1031 926 1079 quod
946 1031 984 1069 in
1004 1031 1063 1068 his
1083 1043 1182 1081 quae
1202 1031 1250 1068 ad
1270 1043 1354 1080 per·
1382 1061 1384 1067 .
1413 1031 1582 1068 ctoritate
1614 1031 1766 1068 Summi
1795 1032 2004 1079 Pontificis,
2033 1032 2259 1070 instituatur.

955 1129 1294 1162 Commentario
1316 1129 1572 1162 Cardinalis
1593 1129 1798 1163 Caietam

309 1222 329 1241 N
354 1211 487 1241 articulo
512 1211 617 1252 primo
642 1210 840 1251 quaestionis
860 1209 1355 1250 centesimaeoctogesimaeocta-
1381 1214 1383 1252 ς
1410 1211 1563 1241 servanda
1586 1210 1769 1242 nominum.
1800 1211 1841 1241 Et
1863 1211 1954 1248 ideo,
1979 1220 2055 1242 cum
2082 1211 2297 1252 appellatione
2320 1212 2490 1254 religionis

282 1223 376 1292 Ivae,
402 1256 518 1296 aspice,
542 1255 574 1286 in
599 1265 733 1295 corpore
753 1254 892 1291 articuli,
917 1254 1007 1296 quod
1031 1254 1184 1295 perfectio
1209 1254 1354 1290 caritatis,
1381 1274 1383 1307 Ι
1409 1255 1538 1296 proprie
1561 1255 1755 1295 intelligatur
1778 1261 1878 1286 status
1905 1265 2116 1296 personarum
2148 1255 2207 1287 tria
2229 1263 2305 1288 vota
2331 1257 2489 1288 solemnia

278 1311 361 1342 quae
386 1308 431 1331 est
454 1300 615 1341 religionis
639 1299 721 1336 finis,
746 1299 893 1341 quamvis
918 1298 1132 1340 principaliter
1151 1299 1303 1330 consistat
1322 1299 1354 1329 in
1381 1310 1383 1315 ‘
1409 1299 1637 1336 emittentium;
1662 1307 1693 1330 et
1715 1300 1748 1330 in
1772 1300 1940 1341 proposito
1960 1307 2035 1331 vota
2058 1310 2141 1342 quae
2157 1301 2196 1332 ab
2210 1301 2400 1332 huiusmodi
2414 1311 2488 1333 mu-

278 1354 349 1376 actu
374 1345 515 1377 interiori
539 1345 684 1381 caritatis,
709 1345 785 1386 quia
809 1351 916 1375 tamen
941 1353 998 1385 per
1020 1345 1189 1375 exteriores
1204 1351 1292 1375 actus
1309 1354 1356 1374 ca—
1408 1344 1538 1376 lieribus
1562 1345 1606 1376 sic
1630 1345 1829 1381 emittuntur,
1846 1344 1909 1386 sint
1931 1352 2058 1376 tanturn
2081 1352 2158 1376 vota
2181 1345 2348 1387 simplicia.
2372 1353 2404 1378 et
2420 1356 2489 1378 non

278 1391 374 1421 ritatis
400 1390 599 1426 diffunditur,
624 1389 695 1420 finis
720 1389 880 1430 religionis
905 1388 1134 1419 diversificatur
1157 1399 1223 1419 non
1248 1388 1354 1419 solum
1381 1426 1383 1431 .
1410 1389 1576 1426 solemnia,
1601 1396 1637 1420 ut
1658 1390 1853 1420 declaratum
1868 1397 1915 1421 est
1939 1400 1995 1430 per
2009 1390 2213 1422 Bonifacium
2230 1391 2364 1428 vl11,in
2380 1391 2487 1429 Sexto,

278 1446 374 1476 penes
399 1435 635 1466 distinctionem
660 1434 838 1466 dilectionis
862 1434 921 1465 Dei
944 1433 995 1464 vel
1019 1433 1166 1474 proximi,
1184 1434 1238 1464 sed
1259 1433 1355 1464 etiam
1382 1445 1383 1449 ¹
1409 1434 1449 1466 de
1471 1434 1546 1466 Voto
1571 1439 1602 1466 et
1626 1434 1695 1465 Voti
1716 1435 1883 1475 Redempt.
1900 1434 1933 1465 *z
1958 1445 2158 1476 consequens
2174 1442 2221 1467 est
2236 1443 2272 1467 ut
2287 1435 2488 1468 instituentes
2515 1440 2729 1470 ⁸0¹0-de„-

279 1491 375 1521 penes
399 1480 613 1511 diversitatem
633 1487 764 1510 actuum
779 1479 972 1510 exteriorum
988 1479 1106 1520 quibus
1123 1478 1264 1518 diligitur
1280 1489 1355 1519 pro·
1410 1479 1483 1510 talia
1506 1487 1581 1510 vota
1605 1479 1706 1510 emitti
1730 1479 1768 1510 ab
1793 1479 1869 1516 istis,
1895 1490 1961 1510 non
1986 1479 2048 1511 sint
2070 1479 2266 1511 institutores
2290 1491 2393 1512 novae
2416 1479 2488 1512 reli-
2514 1469 2570 1490 Μ’

277 1526 392 1562 ximus,
417 1532 453 1556 ut
477 1531 551 1556 sunt
574 1525 695 1555 diversa
720 1534 818 1564 opera
841 1524 1086 1557 misericordiae.
1119 1524 1160 1554 Et
1187 1531 1355 1564 propterea
1409 1524 1529 1564 gionis;
1555 1534 1613 1555 nec
1636 1524 1714 1555 istae
1737 1534 1892 1565 personae
1912 1524 2091 1556 emittentes
2116 1524 2190 1555 talia
2209 1532 2285 1556 vota
2308 1524 2391 1557 fiunt
2414 1535 2488 1568 pro·

278 1574 310 1604 in
334 1573 435 1604 littera
459 1570 620 1602 diversitas
645 1569 837 1609 religionum
868 1579 905 1599 ex
934 1576 1020 1609 parte
1052 1568 1239 1598 diversitatis
1262 1567 1353 1604 finis,
1409 1576 1515 1609 pterea
1548 1579 1585 1600 ex
1614 1569 1851 1609 non-religiosis
1880 1569 2056 1610 religiosae.
2080 1587 2101 1593 -
2125 1569 2224 1600 Secus
2251 1577 2360 1601 autem
2383 1578 2431 1603 est
2461 1570 2487 1602 si

278 1619 452 1649 declaratur
468 1626 505 1647 ex
518 1615 696 1645 diversitate
714 1623 849 1654 operum
867 1613 1110 1649 misericordiae,
1126 1613 1203 1643 dum
1221 1612 1352 1643 dicitur:
1409 1613 1589 1644 emitterent
1611 1613 1670 1644 tria
1693 1613 1855 1654 religionis
1877 1620 1953 1644 vota
1977 1614 2015 1644 de
2039 1613 2166 1654 speciali
2181 1614 2379 1654 indulgentie
2398 1615 2488 1647 Sedis

278 1664 313 1694 Si
338 1673 403 1693 una
418 1661 462 1693 ad
475 1660 736 1701 hospitalitatem,
754 1658 821 1688 alia
836 1658 880 1688 ad
894 1658 1099 1688 redimendos
1115 1659 1268 1698 captivos,
1282 1663 1353 1695 etc„
1380 1659 1381 1662 ’
1407 1658 1629 1698 Apostolicae:
1659 1665 1695 1690 ut
1722 1658 1755 1689 in
1784 1658 1894 1690 multis
1925 1658 2064 1699 collegiis
2095 1659 2302 1691 tertianarum
2331 1659 2377 1692 fit.
2401 1661 2488 1699 Nam

278 1708 457 1739 ordinetur,
1408 1702 1522 1733 talium
1541 1709 1616 1734 vota
1640 1709 1743 1734 essent
1766 1703 1933 1740 solemnia,
1950 1702 1994 1734 ita
2009 1703 2100 1745 quod
2123 1703 2307 1736 dirimerent
2322 1706 2486 1741 matrimo—

334 1753 370 1783 11.
396 1753 431 1783 In
456 1749 571 1780 eodem
595 1747 739 1784 articulo,
765 1747 796 1777 in
814 1747 1023 1786 responsione
1047 1746 1087 1776 ad
1111 1752 1274 1787 quartum,
1295 1746 1354 1776 du·
1409 1747 1499 1777 nium
1524 1754 1598 1787 post
1621 1754 1834 1779 contractum:
1860 1754 1896 1778 ut
1919 1747 2025 1779 Sixtus
2049 1747 2091 1778 lV
2115 1747 2294 1780 declaravit.
2475 1759 2477 1761 ·

277 1798 365 1828 bium
391 1795 543 1827 occurrit:
569 1795 619 1824 An
638 1792 704 1822 sine
720 1791 845 1822 licentia
862 1791 1068 1832 Apostoli-:ae
1084 1790 1174 1822 Sedis
1189 1790 1355 1823 instituen-
1464 1791 1506 1823 Et
1524 1801 1581 1832 per
1601 1791 1662 1822 hoc
1679 1798 1766 1832 patet
1784 1791 1903 1822 solutio
1920 1792 1960 1823 ad
1975 1791 2110 1823 obiecta.
2134 1793 2176 1823 Et
2191 1793 2217 1824 si
2233 1793 2368 1832 instetur
2385 1793 2486 1836 quod,

276 1851 321 1873 tes
347 1850 382 1873 ut
405 1841 529 1881 aliquae
553 1847 707 1879 personae
737 1836 941 1876 collegialiter
965 1836 1105 1867 viventes
1129 1835 1162 1866 in
1186 1836 1353 1867 communi
1407 1835 1480 1867 licet
1499 1846 1565 1867 non
1581 1835 1636 1867 fiat
1659 1846 1717 1876 per
1731 1836 1793 1868 hoc
1809 1846 1894 1868 nova
1909 1836 2031 1877 religio,
2049 1835 2085 1868 fit
2103 1844 2209 1869 tamen
2230 1847 2287 1878 per
2302 1837 2366 1870 h‘oe
2380 1842 2488 1876 nom·

275 1888 361 1918 iuxta
392 1886 515 1926 regulas
547 1891 757 1924 personarum
787 1881 868 1912 tertii
899 1881 1045 1917 habitus,
1070 1879 1279 1921 profiteantur
1295 1881 1353 1912 tria
1407 1881 1503 1918 ordo;
1529 1891 1564 1912 ac
1588 1891 1645 1922 per
1667 1881 1740 1917 hoc,
1760 1881 1832 1912 licet
1855 1891 1922 1912 non
1945 1888 2056 1922 agatur
2079 1888 2189 1912 contra
2212 1889 2369 1914 statutum
2389 1883 2486 1918 Inan-

275 1940 358 1968 vota‚
384 1931 502 1962 scilicet
525 1924 683 1964 castitatis,
708 1925 902 1967 paupertatis
926 1933 958 1956 et
981 1925 1194 1962 obedientiae,
1219 1925 1282 1956 sint
1305 1925 1354 1956 in·
1407 1925 1500 1957 centii
1515 1925 1542 1962 *,
1568 1925 1673 1962 Extra,
1698 1925 1738 1957 de
1760 1925 1868 1967 Relig.
1893 1926 2000 1964 Dom„
2026 1926 2078 1957 Ne
2107 1927 2221 1965 nimia,
2245 1926 2349 1968 agitur
2377 1933 2487 1971 tamen
2513 1935 2619 1968 ’τςῆι

274 1978 435 2008 stitutores
460 1977 568 2005 novae
583 1971 760 2012 religionis;
786 1977 816 2002 et
833 1977 1065 2012 consequenter
1079 1977 1221 2010 peccent,
1242 1980 1278 2001 ac
1294 1980 1354 2011 pu·
1407 1977 1518 2001 contra
1542 1977 1696 2001 statutum
1721 1970 1866 2010 Gregorii
1881 1970 1908 2008 *,
1933 1980 2004 2012 cap,
2020 1970 2240 2014 Religionum,
2255 1971 2289 2002 in
2305 1972 2412 2009 Sexto,
2432 1982 2486 2004 ω,
2514 1980 2524 1991 .
2537 1978 2638 2004 M

275 2021 381 2053 niendi
407 2021 478 2057 sint,
504 2026 540 2050 ut
563 2017 759 2048 institutores
784 2025 887 2046 novae
904 2015 1066 2056 religionis
1091 2015 1211 2056 absque
1228 2015 1354 2046 licentia
1407 2015 1481 2046 dem
1505 2015 1564 2052 tit„
1582 2015 1637 2046 ubi
1657 2014 1816 2046 inhibetur
1839 2025 1906 2046 non
1930 2015 2038 2047 solum
2062 2025 2146 2047 nova
2169 2016 2298 2058 religio,
2315 2017 2371 2048 sed
2389 2013 2487 2049 etiarn
2587 2014 2611 2021 ”

275 2065 473 2107 Apostolica.
499 2064 538 2095 Et
562 2070 609 2094 est
631 2062 712 2093 ratio
733 2061 821 2092 dubii
846 2060 922 2101 quia
937 2060 1110 2100 collegium
1134 2059 1179 2091 sic
1202 2059 1354 2101 profiten·
1379 2063 1380 2068 ’
1408 2070 1512 2091 novus
1528 2060 1628 2092 ordo:
1641 2077 1663 2084 —
1680 2060 1891 2100 respondetur
1910 2061 2000 2102 quod
2025 2069 2090 2091 non
2114 2061 2244 2102 proprie
2259 2061 2311 2093 hic
2329 2061 2366 2093 fit
2379 2068 2487 2094 novun

274 2112 356 2143 tium
379 2117 426 2142 est
450 2108 624 2149 collegium
648 2106 868 2146 religiosarum
885 2114 1104 2146 personarum.
1130 2107 1177 2136 Ac
1201 2115 1258 2146 per
1279 2105 1353 2142 hoc,
1408 2106 1506 2142 ordo,
1538 2105 1593 2136 sed
1625 2104 1844 2146 praeexistenti
1873 2114 1904 2138 et
1934 2105 2114 2146 approbato
2144 2105 2249 2137 ordini
2279 2106 2498 2147 tertianarum-4

275 2164 322 2188 est
344 2156 387 2186 ibi
407 2155 515 2196 aliqua
531 2163 594 2184 una
611 2152 737 2192 religio:
763 2150 870 2182 omnis
886 2150 972 2181 enim
993 2159 1128 2191 persona
1145 2149 1291 2191 religiosa
1307 2157 1355 2181 est
1408 2149 1632 2192 superadditur
1656 2149 1790 2191 simplex
1813 2156 1929 2181 votum
1953 2150 2111 2187 castitatis,
2135 2150 2331 2192 paupertatis
2354 2157 2386 2183 et
2407 2152 2486 2194 obe-

274 2202 381 2242 aliqua
405 2199 558 2240 religione
582 2196 738 2237 religiosa.
771 2196 831 2227 Sed
862 2205 927 2226 non
953 2202 999 2225 est
1023 2195 1066 2226 ibi
1094 2194 1200 2236 aliqua
1223 2194 1354 2236 antiqua
1409 2195 1554 2226 dientiae.
1587 2194 1723 2226 Videtur
1746 2194 1830 2225 enim
1857 2194 1966 2236 potius
1998 2205 2054 2236 per
2077 2194 2155 2226 haec
2179 2202 2254 2227 vota
2283 2195 2395 2238 perfici
2417 2195 2486 2241 ipse

275 2246 401 2286 religio,
427 2251 463 2275 ut
486 2250 581 2284 patet.
610 2242 695 2282 Ergo
721 2247 766 2272 est
790 2240 834 2271 ibi
858 2250 942 2270 nova
966 2239 1087 2280 religio.
1124 2243 1170 2270 Ac
1193 2249 1251 2280 per
1274 2239 1352 2276 hoc,
1380 2276 1381 2279 Ἴ
1408 2240 1612 2271 tertianarum
1649 2238 1889 2270 conviventium
1920 2239 2019 2277 ordo,
2055 2249 2154 2281 quam
2189 2250 2294 2272 novus
2324 2239 2405 2273 ordo
2432 2239 2486 2273 'in-

275 2292 343 2322 eius
366 2288 524 2320 institutio
549 2294 596 2318 est
619 2285 778 2317 institutio
802 2294 905 2315 novae
928 2284 1101 2324 religioni&
1408 2284 1505 2315 stitui.

332 2336 367 2365 ln
398 2333 587 2374 oppositum
615 2338 680 2368 est,
710 2329 786 2371 quia
808 2329 1008 2360 instituentes
1039 2336 1070 2360 et
1093 2335 1252 2360 servantes
1276 2328 1354 2359 haec
1463 2329 1598 2360 Videtur
1627 2335 1734 2359 tamen
1766 2327 1846 2359 mihi
1877 2329 1966 2369 quod
1990 2338 2056 2359 non
2080 2328 2120 2360 sit
2142 2328 2302 2360 laudabile
2325 2329 2403 2362 haee
2424 2329 2485 2362 wi·

276 2381 343 2411 sine
368 2379 432 2410 ulla
457 2375 647 2418 Apostolica
670 2375 810 2410 licentia,
834 2374 1041 2404 arbitrantur
1062 2383 1097 2404 se
1120 2382 1277 2414 magnum
1301 2373 1353 2404 ob·
1379 2401 1381 2404 .
1407 2380 1481 2404 vota
1511 2372 1667 2414 simplicia
1698 2381 1879 2413 apponere:
1910 2373 1966 2404 sed
1996 2380 2110 2405 votum
2141 2383 2305 2415 apponere
2335 2374 2490 2408 castitatis,

33 2431 121 2452 ‘10⁸n·
139 2436 249 2459 cap-xvh
274 2426 419 2466 sequium
438 2427 613 2464 praestare
635 2421 706 2450 Deo
721 2419 756 2450 *ζ
783 2425 813 2450 et
828 2419 885 2449 viri
903 2417 1051 2458 religiosi,
1069 2428 1135 2448 non
1159 2417 1352 2458 ignorantes,
1408 2424 1554 2449 sanctum
1578 2424 1634 2448 est.
1664 2417 1830 2455 Quoniam
1854 2427 1892 2448 ex
1915 2417 1963 2448 his
1987 2418 2087 2449 tribus
2111 2418 2194 2449 votis
2218 2418 2417 2460 simplicibus
2439 2419 2484 2455 la—

33 2463 92 2479 vm.
108 2464 128 2479 ²·
276 2469 431 2510 omnique
454 2466 658 2498 veneratione
683 2464 770 2505 digni
794 2469 959 2504 apparent.
1407 2472 1509 2504 queos
1533 2462 1708 2493 incurrunt.
1734 2462 1775 2493 Et
1798 2462 1958 2493 intentum
1982 2473 2048 2493 non
2065 2470 2288 2505 assequuntur,
2307 2471 2342 2496 ut
2357 2463 2483 2504 religio-

35 2511 44 2518 '
59 2509 94 2530 ⁰⁶
108 2509 172 2540 ¹³⁶³:
184 2509 248 2534 1ur.,
331 2514 383 2544 lll.
398 2513 448 2544 Ad
465 2512 526 2542 hoc
543 2510 657 2541 dicitur
672 2509 772 2550 quod,
786 2508 862 2550 quia
878 2517 1001 2548 poenae
1014 2517 1079 2538 non
1093 2514 1167 2538 sunt
1183 2507 1352 2538 extenden-
1407 2517 1459 2538 sae
1475 2513 1642 2548 propterea
1665 2505 1752 2538 fiant.
1777 2506 1818 2537 Et
1832 2515 1999 2547 emergunt
2015 2507 2088 2538 inde
2105 2507 2309 2548 quaestiones
2325 2509 2483 2550 quodam-

34 2542 83 2584 ?tg'-
100 2542 189 2562 xv.,1n
205 2536 246 2558 se·
275 2560 332 2590 dae
347 2559 374 2595 *,
394 2558 468 2588 ideo
491 2556 525 2587 in
549 2553 736 2586 huiusmodi
760 2553 1004 2584 inhibitionibus
1028 2551 1204 2594 proprietas
1226 2551 1352 2583 videtur
1378 2586 1379 2589 Ἰ
1407 2552 1507 2582 modo
1531 2551 1697 2592 perplexae
1721 2561 1830 2582 coram
1854 2551 2013 2583 iudicibus
2036 2551 2208 2593 aliquibus.

1416 2630 1508 2637 ww

1046 2697 1371 2741 ARTICULUS
1401 2697 1708 2740 SECUNDUS

584 2794 741 2826 UTRUM
766 2792 932 2830 ALIQUA
956 2791 1132 2824 RELIGIO
1157 2791 1347 2824 ms‘riTut
1372 2792 1546 2823 DEBEAT
1570 2792 1628 2823 An
1653 2791 1799 2824 OPERA
1821 2791 2015 2823 AcrthE
2039 2791 2172 2823 viTAE

1150 2874 1228 2899 Cont.
1247 2873 1369 2907 impugn.
1389 2873 1486 2906 Relig„
1507 2880 1564 2906 cap.
1582 2880 1600 2899 1.

395 2978 463 3000 ff«
488 2969 511 2995 D
527 2967 720 2994 secunaum
736 2967 790 2992 sic
806 2965 1051 2992 paocsmrun.
1067 2953 1232 2991 Videtur
1246 2954 1353 3002 quod
1377 2952 1380 3005 l
1462 2965 1496 2991 2.
1528 2954 1769 3000 Pamisum,
1800 2953 1899 2990 idem
1928 2953 2110 2990 iudicium
2145 2952 2294 2990 videtur
2329 2963 2409 2989 esse
2434 2952 2482 2991 de

324 2998 350 3028 5:
405 2984 461 3057 ᾖ)
489 3010 592 3047 nulla
630 3008 761 3057 religio
798 3007 940 3046 institui
974 3007 1113 3045 debeat
1150 3007 1199 3044 ad
1233 3019 1352 3057 opera
1377 3026 1379 3049 ἢ
1406 3008 1602 3045 monachis
1634 3013 1671 3044 et
1701 3007 1747 3044 de
1779 3007 1971 3044 canonicis
2003 3005 2267 3057 regularibuS,
2296 3013 2339 3043 ut
2364 3005 2480 3043 habe-

310 3096 315 3110 ,
338 3102 341 3107 1
400 3046 635 3101 activae
663 3062 778 3099 vitae.
809 3061 950 3099 Omnis
971 3061 1074 3098 enim
1105 3060 1233 3110 religio
1267 3073 1351 3110 per·
1406 3069 1466 3098 tur
1486 3061 1614 3102 Extra.
1643 3061 1690 3098 de
1716 3061 1959 3108 Postulando,
1982 3060 2049 3098 Ex
2075 3061 2206 3097 Parte:
2236 3066 2272 3096 et
2300 3059 2346 3096 de
2373 3059 2481 3097 Statu.

333 3131 345 3144 s
365 3108 422 3143 737
446 3107 581 3154 tinet
610 3116 659 3154 ad
687 3115 930 3166 perfectionis
958 3122 1115 3162 statum,
1145 3122 1186 3152 ut
1216 3126 1260 3151 ex
1289 3127 1350 3152 su·
1377 3120 1379 3170 ζ
1405 3115 1614 3161 ΜοηαεΙι.,
1653 3114 1765 3157 Quod
1799 3114 1876 3152 Dei
1909 3113 2102 3160 timorem,
2137 3111 2272 3150 dicitur
2310 3113 2417 3162 quod
2453 3124 2480 3151 a

36 3176 247 3225 ’Qu-3¹31&
277 3184 344 3220 pra
363 3170 383 3192 ²⁸⁸
412 3170 519 3208 dictis
554 3177 668 3220 patet.
709 3170 786 3207 Sed
819 3168 1001 3218 perfectio
1036 3167 1200 3218 religiosi
1233 3176 1350 3206 status
1403 3174 1623 3206 sanctorum
1657 3168 1932 3206 monachorum
1967 3165 2155 3203 consortio
2191 3178 2266 3203 non
2293 3171 2482 3215 putantur?

34 3209 117 3252 {it-⁶³¹?
242 3220 246 3228 ’
277 3223 444 3261 consistit
463 3225 501 3262 in
522 3222 846 3272 contemplatione
867 3222 1104 3260 divinorum:
1137 3221 1226 3260 dicit
1245 3221 1350 3260 enim
1403 3222 1571 3260 seiuncti.
1602 3222 1651 3259 Et
1679 3221 1815 3260 eadem
1838 3219 1932 3258 ratio
1952 3218 2104 3257 videtur
2125 3231 2206 3256 esse
2228 3219 2275 3257 de
2297 3219 2480 3258 omnibus
2766 3263 2768 3265 ¹

277 3277 497 3326 Dionysius,
517 3290 552 3315 vi
583 3290 665 3327 cap.
687 3276 829 3314 Eccles.
855 3277 985 3323 Hier„
1015 3277 1121 3326 quod
1151 3276 1349 3314 nominan-
1405 3275 1485 3312 aliis
1515 3274 1710 3323 religiosis.
1749 3273 1828 3312 Sed
1862 3273 2145 3310 monachorum
2175 3272 2303 3322 religio
2338 3280 2395 3311 est
2422 3272 2489 3313 irt--¹
2594 3310 2596 3314 ,
2763 3273 2768 3295 ⁴

278 3336 339 3367 tur
366 3343 416 3367 ex
442 3331 517 3368 Dei
542 3343 643 3380 puro
670 3331 821 3367 servitio
850 3336 886 3367 et
906 3331 1126 3379 famulatu,
1156 3335 1191 3368 et
1218 3329 1351 3367 indivi-
1405 3329 1532 3366 stituta
1553 3328 1603 3367 ad
1621 3327 1743 3366 vitam
1764 3326 2124 3375 contemplativam:
2155 3327 2258 3364 unde
2287 3326 2478 3376 Hierony·
2535 3337 2537 3339 ·
2650 3327 2659 3334 ⁴
2763 3297 2768 3364 i

277 3384 375 3420 sibili
401 3390 435 3420 et
460 3385 650 3434 singulari
682 3384 758 3421 vita
789 3384 937 3421 uniente
975 3396 1038 3421 eos
1070 3383 1349 3421 indivisibilium
1377 3382 1379 3432 j
1406 3395 1492 3419 mus
1526 3381 1635 3429 dicit,
1670 3381 1723 3418 ad
1753 3379 1956 3417 Paulinum
1976 3378 2014 3416 *ε
2054 3380 2097 3416 Si
2126 3380 2232 3429 cupis
2263 3391 2343 3417 esse
2377 3379 2481 3429 quod
2504 3387 2614 3438 :lssffi-
2636 3388 2720 3417 tvm.
2763 3375 2768 3424 Ι

277 3437 415 3473 sanctis
443 3438 784 3485 convolutionibus,
814 3437 910 3475 idest
944 3436 1348 3487 contemplationibus,
1377 3466 1379 3479 ⁴
1404 3436 1550 3482 diceris,
1577 3450 1596 3469 «
1616 3434 1823 3472 monachus
1845 3448 1879 3481 ι,
1904 3433 2000 3471 idest
2033 3449 2052 3467 ι
2075 3434 2179 3472 solus
2202 3449 2236 3482 ι,
2266 3433 2359 3482 quid.
2371 3433 2479 3482 facis
2528 3432 2534 3438 ’
2605 3431 2611 3437 ’
2752 3438 2757 3441 “

279 3490 330 3527 ad
356 3490 578 3537 deiformem
609 3491 787 3528 unitatem
816 3497 852 3527 et
877 3490 1081 3528 amabilem
1110 3491 1193 3527 Deo
1222 3491 1350 3539 perfe-
1406 3490 1443 3526 in
1473 3487 1658 3526 urbibus?
1686 3487 1736 3524 Et
1763 3486 1866 3524 idem
1894 3487 2057 3524 habetur
2085 3487 2212 3533 Extra,
2233 3487 2280 3524 de
2297 3487 2476 3542 Renum,

279 3543 451 3580 ctionem.
482 3544 584 3591 Ergo
614 3544 764 3580 videtur
792 3543 897 3592 quod
927 3544 1030 3580 nulla
1050 3543 1180 3591 religio
1210 3542 1351 3580 institui
1377 3578 1379 3595 ,
1405 3542 1496 3580 Nisi
1519 3552 1605 3578 cum
1619 3540 1794 3590 pridem
1828 3547 1864 3577 et
1888 3540 1934 3578 de
1962 3540 2230 3591 Regularibus,
2254 3539 2363 3579 Licet
2376 3538 2477 3588 ’ᾓᾳιιί-

279 3597 399 3646 possit
427 3596 475 3634 ad
505 3609 623 3646 opera
653 3596 798 3633 activae
826 3596 939 3633 vitae.
1376 3597 1379 3642 ,¹
1405 3595 1575 3632 busdam.
1610 3594 1712 3642 Ergo
1745 3593 1898 3631 videtur
1926 3594 2031 3643 quod
2061 3593 2188 3631 omnis
2218 3593 2347 3641 religio
2375 3592 2481 3630 01·ἀί-Ι
