2768 4198
0 1394 9 1437 f

0 1762 9 1790 ς,

62 397 72 408 ⁸
86 397 134 424 Qu.
149 402 228 418 mni.

62 609 146 658 §.effi
158 615 276 658 ῗὲοέὶῧὶῖ

63 717 72 727 ⁸
85 717 137 738 Art.
153 722 170 742 1,
184 721 204 738 2.

63 1351 70 1369 ι’,
89 1353 95 1366 ι
117 1358 127 1362 -=
195 1370 198 1372 ,

55 1374 84 1390 .ίέ
108 1375 146 1388 :¹1⁴2
183 1374 200 1387 -ί

59 1571 135 1596 ἰσο.
143 1572 192 1600 dt..
199 1578 223 1595 ιι.
233 1578 255 1601 7.

959 259 1229 306 QUAESTIO
1260 260 1435 307 CXLIV,
1465 260 1764 298 ARTICULUS
1794 260 1846 296 IV

353 349 392 384 4.
422 338 664 384 PRAETEREA,
693 337 930 374 verecundia
959 346 1015 375 est
1043 351 1130 386 pars
1159 347 1375 388 temperan-

302 390 386 437 tiae,
416 398 458 427 ut
487 391 630 428 dictum
662 399 718 427 est
736 390 767 427 *.
798 391 891 428 Pars
920 399 1049 428 autem
1079 404 1157 429 non
1179 401 1376 441 separatur

302 455 326 480 a
353 451 446 480 toto.
477 444 578 481 Cum
596 444 706 492 igitur
728 444 980 493 temperantia
999 445 1046 482 sit
1064 445 1102 482 in
1122 447 1280 483 homine
1299 447 1376 483 vir-

301 505 427 543 tu050‚
455 497 608 535 videtur
634 498 741 546 quod
770 498 885 535 etiam
913 499 1159 537 verecundia.

357 551 432 587 SED
453 561 601 588 CONTRA
620 562 688 588 EST
714 552 819 600 quod
848 551 1108 601 Philosophus
1137 553 1237 600 dicit,
1267 554 1304 590 in
1327 554 1377 590 lV
1402 536 1404 571 l

301 604 422 641 Ethic.
449 603 490 651 ²⁸,
520 604 628 652 quod
662 605 891 642 verecundia
925 618 999 643 non
1033 612 1087 643 est
1113 607 1275 644 hominis
1302 613 1376 644 stu·
1403 643 1405 649 ,

302 657 408 694 diosi.

358 711 585 748 Responnsso
614 723 800 749 nicENDUM
830 712 946 761 quod,
975 713 1071 750 sicut
1099 714 1242 751 dictum
1271 722 1327 751 est
1345 714 1375 761 ²¹²,

302 763 536 801 verecundia
562 772 618 801 est
645 764 761 802 timor
789 765 946 803 alicuius
974 767 1228 816 turpitudinis.
1259 767 1378 814 Quod
1403 756 1405 805 l

303 825 432 854 autem
462 817 618 867 aliquod
649 819 796 855 malurn
825 831 904 856 non
933 819 1125 868 timeatur,
1155 829 1280 871 potest
1310 821 1377 858 du-

301 870 390 920 plici
418 871 566 908 ratione
585 869 599 893 ⁸
628 873 870 921 contingere:
903 886 982 911 uno
1012 875 1151 922 modo,
1182 875 1270 924 quia
1299 887 1378 912 non
1404 876 1405 907 ἓ

299 924 523 962 aestimatur
551 933 592 962 ut
621 926 789 972 malum;
820 926 892 964 alio
922 929 1060 975 modo,
1090 928 1180 976 quia
1208 941 1288 965 non
1317 941 1378 965 ae-
1404 951 1405 959 ἶ

302 978 476 1015 stimatur
508 987 550 1016 ut
587 980 791 1028 possibile,
820 981 883 1017 vel
917 989 959 1018 ut
987 981 1138 1018 difficile
1166 982 1289 1019 vitari.
1330 983 1379 1018 Et

299 1032 518 1069 secundum
547 1033 634 1080 hoc,
663 1034 900 1071 verecundia
928 1034 967 1071 in
995 1034 1124 1084 aliquo
1153 1035 1282 1072 deficit
1310 1037 1378 1072 du-

300 1085 458 1134 pliciter.
488 1086 576 1123 Uno
606 1088 739 1134 modo,
769 1087 858 1136 quia
878 1099 924 1124 ea
952 1101 1051 1137 quae
1072 1096 1159 1125 sunt
1189 1089 1377 1125 erubesci·
1404 1110 1406 1115 ‚

302 1138 403 1187 bilia,
424 1152 504 1176 non
524 1141 866 1189 apprehenduntur
885 1148 925 1176 ut
943 1142 1078 1190 turpia.
1100 1142 1149 1178 Et
1167 1141 1243 1178 hoc
1258 1142 1378 1179 modo
1404 1150 1406 1181 ὲ

303 1201 432 1230 carent
449 1194 683 1231 verecundia
708 1194 885 1231 homines
903 1193 941 1230 in
961 1194 1126 1244 peccatis
1146 1195 1377 1244 profundati,

300 1459 400 1497 tuosi
428 1460 663 1498 verecundia
683 1468 823 1498 carent.
855 1461 952 1498 Sunt
979 1469 1110 1499 tamen
1131 1461 1184 1499 sic
1207 1462 1380 1512 dispositi

302 1564 503 1604 darentur:
531 1567 637 1605 unde
664 1567 924 1618 Philosophus
953 1568 1054 1617 dicit,
1079 1569 1117 1606 in
1139 1569 1192 1606 IV
1208 1570 1329 1607 Ethic.
1347 1569 1378 1618 *‚

302 1619 406 1672 quod
434 1621 663 1659 verecundia
691 1627 747 1659 est
772 1634 823 1659 ex
848 1623 1103 1672 suppositione
1129 1623 1296 1662 studiosi.

354 1675 414 1710 An
443 1685 583 1712 ptumum
619 1687 719 1713 ERGO
749 1687 935 1714 DmENDuM
970 1676 1076 1726 quod
1111 1676 1282 1714 defectus
1310 1690 1377 1714 ve·
1406 1722 1407 1725 Ἴ

296 1846 300 1849 1
355 1806 381 1841 δ)
400 1807 502 1841 duplici
521 1809 635 1835 ratione.
648 1823 668 1829 -
681 1813 798 1842 propter
816 1809 948 1842 duplicem
969 1810 1101 1835 rationem
1121 1810 1204 1835 PGla.

2433 261 2500 306 145

1402 341 1403 389 ξ
1431 340 1637 377 recundiae
1673 339 1857 387 contingit
1893 339 1931 376 in
1960 338 2136 388 pessimis
2166 346 2202 374 et
2231 338 2385 387 optimis
2413 338 2504 374 viris

1432 405 1477 430 ex
1507 393 1667 430 diversis
1687 393 1822 440 causis,
1852 400 1894 429 ut
1923 392 2067 430 dictum
2088 399 2144 429 est
2162 391 2192 428 ³⁸.
2226 391 2420 428 Invenitur
2440 404 2505 427 au-

1431 454 1509 483 tem
1539 447 1576 483 in
1596 447 1654 483 his
1683 447 1749 495 qui
1768 446 2012 484 mediocriter
2040 459 2080 482 se
2107 445 2260 491 habent,
2289 445 2503 481 secundum

1431 500 1538 550 quod
1568 509 1624 537 est
1651 500 1690 537 in
1710 500 1762 537 eis
1791 500 1933 548 aliquid
1957 500 2006 538 de
2025 511 2157 537 amore
2178 498 2280 545 boni,
2311 506 2347 535 et
2375 506 2504 535 tamen

1431 566 1510 590 non
1538 554 1703 590 totaliter
1730 561 1818 591 sunt
1846 554 2039 590 immunes
2068 565 2090 590 a
2118 554 2233 589 malo.

1484 609 1543 644 An
1563 619 1754 645 SECUNDUM
1774 619 1960 645 mensuum
1981 607 2087 656 quod
2112 606 2161 643 ad
2179 605 2395 643 virtuosum
2420 617 2503 654 per-

1431 660 1524 697 tinet
1552 673 1630 697 non
1660 661 1784 697 solum
1814 661 1935 698 vitare
1962 661 2066 706 vitia,
2097 660 2164 697 sed
2194 659 2306 696 etiam
2333 671 2378 695 ea
2407 671 2504 708 quae

1431 714 1575 751 habent
1608 714 1775 763 speciem
1805 714 2005 751 vitiorum:
2044 714 2258 751 secundum
2292 713 2383 750 illud
2414 714 2426 748 I
2456 713 2507 749 ad

1437 768 1560 804 Thess.
1585 779 1610 804 v
1629 767 1669 804 *t
1707 769 1768 805 Ab
1803 769 1909 805 omni
1938 768 2060 816 specie
2087 762 2190 804 mizla
2219 767 2398 804 abstinete
2425 777 2503 803 vos.

1433 822 1482 858 Et
1501 821 1760 870 Philosophus
1781 821 1881 869 dicit,
1903 822 1942 858 in
1962 822 2013 858 IV
2032 821 2152 858 Ethic.
2168 820 2200 867 ²⁸,
2222 820 2329 868 quod
2347 820 2505 857 vitanda
2534 825 2543 834 ⁸

1433 883 1521 911 sunt
1547 876 1721 911 virtuoso
1749 883 1828 912 tam
1858 887 1903 912 ea
1932 887 2031 923 quae
2057 882 2144 911 sunt
2171 875 2273 911 mala
2299 874 2504 910 secundum

1431 929 1648 973 veritatem,
1679 941 1796 977 quam
1835 940 1879 965 ea
1912 940 2012 976 quae
2046 936 2133 965 sunt
2168 928 2269 964 mala
2300 927 2504 964 secundum

1432 981 1660 1030 opinionem.

1487 1037 1546 1071 Αι)
1583 1045 1744 1071 TERTIUM
1783 1046 1969 1071 DICENDUM
2011 1034 2118 1081 quod
2160 1034 2426 1071 infamationes
2470 1041 2506 1070 et

1433 1088 1642 1136 opprobria
1669 1087 1875 1134 virtuosus,
1905 1095 1946 1124 ut
1975 1087 2118 1124 dictum
2147 1095 2202 1124 est
2221 1087 2251 1134 ³⁶,
2283 1086 2504 1134 contemnit,

1433 1141 1542 1191 quasi
1581 1153 1626 1177 ea
1663 1140 1803 1188 quibus
1839 1140 1919 1189 ipse
1956 1153 2034 1177 non
2068 1148 2124 1177 est
2153 1140 2300 1188 dignus.
2341 1142 2388 1177 Et
2418 1141 2504 1177 ideo

1404 1232 1406 1237 ,
1435 1195 1482 1232 de
1512 1194 1570 1231 his
1592 1206 1709 1231 nemo
1730 1199 1742 1214 Ε
1771 1195 1935 1231 multum
1957 1194 2250 1231 verecundatur.
2281 1194 2349 1230 Est
2376 1202 2505 1230 tamen

301 1246 441 1295 quibus
469 1259 538 1283 sua
566 1255 724 1296 peccata
752 1259 831 1284 non
853 1247 1062 1296 displicent,
1083 1248 1151 1285 sed
1180 1248 1301 1296 magis
1331 1249 1378 1286 de
1404 1245 1406 1291 f

258 1298 357 1345 „jis
382 1299 604 1347 gloriantur.
635 1322 659 1328 -
688 1300 776 1338 Alio
797 1300 930 1348 modo,
957 1301 1045 1350 quia
1066 1313 1144 1338 non
1165 1302 1378 1351 apprehen·
1405 1302 1406 1344 ξ

302 1350 398 1389 dunt
423 1353 696 1402 turpitudinem
725 1362 767 1391 ut
799 1354 1024 1403 possibilem
1053 1354 1145 1401 sibi,
1175 1356 1237 1392 vel
1271 1355 1379 1404 quasi
1405 1367 1406 1391 1

301 1415 381 1443 non
409 1405 518 1444 facile
546 1406 756 1445 vitabilem.
786 1407 836 1444 Et
863 1408 939 1444 hoc
963 1408 1083 1445 modo
1108 1420 1219 1445 senes
1241 1417 1276 1446 et
1303 1409 1379 1446 vir-
1405 1446 1406 1453 ,

1433 1247 1567 1297 aliquis
1596 1255 1725 1284 motus
1748 1247 2004 1284 verecundiae
2033 1247 2285 1295 praeveniens
2306 1247 2504 1294 rationem,

1433 1301 1530 1338 sicut
1559 1308 1594 1337 et
1624 1308 1837 1338 ceterarum
1865 1300 2103 1350 passionum.

1487 1357 1546 1392 AD
1571 1365 1746 1397 QUARTUM
1766 1366 1952 1391 DICENDUM
1972 1354 2077 1403 quod
2096 1353 2330 1391 verecundia
2354 1365 2432 1390 non
2454 1362 2509 1390 est

1433 1420 1522 1458 pars
1537 1407 1812 1457 temperantiae
1828 1408 1937 1456 quasi
1953 1407 2094 1444 intrans
2111 1407 2314 1444 essentiam
2332 1406 2423 1453 eius,
2440 1407 2508 1443 sed

1405 1467 1406 1501 ἶ
1434 1461 1543 1510 quasi
1572 1461 1794 1511 dispositive
1821 1474 1860 1498 se
1882 1462 2028 1498 habens
2048 1462 2098 1498 ad
2117 1461 2252 1510 ipsam.
2283 1460 2396 1498 Unde
2416 1462 2508 1497 Am-

297 1519 354 1562 in,
383 1511 415 1550 si
442 1512 481 1550 in
509 1513 564 1551 eis
593 1521 692 1552 esset
710 1514 854 1565 aliquid
873 1522 996 1564 turpe,
1022 1515 1070 1553 de
1099 1515 1174 1552 hoc
1193 1528 1380 1553 verecun-
1405 1514 1407 1520 ’

1434 1515 1585 1553 brosius
1621 1515 1730 1562 dicit,
1761 1515 1799 1552 in
1829 1516 1842 1551 I
1872 1515 1918 1552 de
1942 1515 2050 1564 Offic.
2075 1514 2117 1562 *,
2148 1514 2253 1564 quod
2281 1514 2508 1551 verecundia

1406 1592 1407 1595 =
1433 1569 1524 1607 iacit
1543 1569 1674 1618 prima
1694 1569 1964 1618 temperantiae
1986 1568 2251 1616 fundamenta,
2280 1568 2507 1617 inquantum

1434 1623 1574 1661 scilicet
1602 1622 1734 1660 incutit
1762 1623 1963 1660 horrorem
1993 1621 2247 1671 turpitudinis.

1435 1845 1463 1870 h,
1489 1811 1514 1870 eg
1531 1810 1564 1834 de
1581 1809 1624 1834 his
1642 1816 1729 1834 nemo.
1741 1823 1760 1828 -
1778 1816 1856 1834 nemo
1875 1809 1908 1834 de
1926 1808 1967 1834 his
1986 1809 2061 1840 ABF,
2081 1808 2114 1834 de
2133 1808 2174 1833 his
2194 1815 2246 1833 non
2266 1807 2285 1839 1,
2305 1807 2386 1832 etiam
2411 1814 2458 1832 nec
2477 1807 2510 1832 de

1454 1852 1476 1870 ns
1516 1863 1523 1870 .

444 3659 553 3682 Sumam:
573 3658 674 3682 Tuam..
695 3657 727 3682 D.
741 3657 856 3682 Tnonme
876 3658 907 3683 T.
923 3659 975 3683 Vll.

2323 3668 2352 3692 19

2534 401 2541 409 ·
2557 399 2582 420 ln
2597 405 2702 427 corpore.

2535 778 2543 787 ⁸
2558 772 2625 794 Vers.
2641 778 2674 794 22.

2559 824 2614 846 Loc.
2626 824 2664 846 cit.
2675 841 2680 850 ‚
2692 830 2714 845 n.
2726 830 2744 852 5.

2533 1092 2543 1103 ⁸
2557 1092 2610 1113 Art.
2623 1097 2643 1118 2,
2660 1091 2688 1113 ad
2704 1097 2718 1112 1.

2537 1523 2547 1533 ⁸
2561 1522 2617 1549 Cap.
2632 1528 2697 1543 mn.
