2768 4198
45 1190 57 1202 ⁸
68 1190 139 1213 Num.
154 1197 170 1212 ι.

933 271 1201 317 QUAESTIO
1232 270 1440 318 CXLVIII,
1470 271 1768 308 ARTICULUS
1799 270 1850 307 IV

292 349 444 390 piscentia
466 348 503 379 fit
526 356 561 380 ut
585 358 644 388 ego
667 348 699 378 in
724 349 782 379 hac
806 348 856 379 die
875 348 985 378 ieiunii
1009 348 1158 378 excedam
1181 347 1213 378 in
1238 348 1361 388 quanti-

292 400 353 424 tate
377 393 471 423 nimis
496 392 711 428 comedendo,
737 399 767 423 et
790 399 824 423 tu
848 392 880 422 in
905 402 1051 428 numero,
1077 400 1185 423 contra
1204 392 1362 423 Ecclesiae

291 444 497 478 praeceptum
521 436 568 467 bis
592 437 802 468 comedendo.
828 437 913 476 Ergo
938 436 1078 467 diversae
1101 436 1222 476 species
1245 437 1362 467 habent

290 481 377 512 idem
399 481 570 512 motivum.

345 525 504 562 Secundo,
529 525 603 566 quia
627 525 738 555 eadem
762 525 905 556 similiter
928 524 1183 565 concupiscentia
1199 524 1234 556 fit
1251 532 1286 555 ut
1300 535 1359 565 ego

289 569 450 606 voraciter,
475 576 506 600 et
529 576 564 600 tu
587 569 742 600 excessive
766 570 926 600 comedas.
958 570 1043 609 Ergo
1073 570 1212 600 diversae
1240 569 1359 610 species

288 614 406 645 habent
427 614 514 644 idem
538 614 705 645 motivum.

349 659 467 696 Tertio,
492 658 568 698 quia
592 666 719 699 tempus
742 666 773 689 et
795 658 887 689 locus
911 669 977 689 non
994 668 1027 688 se
1043 658 1160 688 habent
1177 664 1212 689 ut
1228 658 1357 688 motiva.

287 703 404 733 Nullus
435 703 521 733 enim
551 709 658 743 potest
685 702 912 733 rationabiliter
935 703 1036 733 dicere
1063 703 1151 743 quod
1175 702 1357 743 praeventio

287 747 441 787 temporis
464 757 497 778 se
521 747 615 778 habet
638 753 674 777 ut
697 747 856 778 motivum
880 754 1023 787 respectu
1049 746 1109 777 cibi
1132 746 1290 777 sumendi.

347 791 483 829 Quarto,
509 791 584 832 quia
606 791 786 822 inordinata
810 791 1066 831 concupiscentia
1081 798 1129 822 est
1152 801 1234 831 quae
1249 797 1358 820 movet

286 835 327 866 ad
350 842 450 866 metas
475 836 581 872 modi,
606 836 775 876 temporis,
801 836 1002 877 quantitatis,
1023 843 1101 871 etc.‚
1127 835 1356 875 transgredien-

287 880 384 910 dum:
410 887 440 910 et
463 890 530 910 non
555 890 571 910 e
595 887 715 911 contra.

341 924 390 954 Ex
412 924 530 965 quibus
553 931 639 965 patet
658 931 688 955 et
707 925 797 965 quod
813 924 1060 955 fundamentum
1077 923 1177 954 dictae
1193 922 1356 963 opinionis

287 967 509 1009 distinguentis
533 969 652 1009 species
675 970 768 1009 gulae
791 979 888 1009 penes
913 968 1042 1004 motiva,
1060 975 1107 998 est
1126 967 1260 998 omnino
1285 967 1355 997 nul-

284 1013 363 1043 lum.
388 1013 429 1044 Et
452 1014 542 1054 quod
566 1023 631 1044 non
655 1020 702 1044 est
725 1013 830 1044 eidem
846 1012 992 1053 opinioni
1009 1020 1206 1043 consonum:
1232 1021 1306 1042 cum
1322 1011 1356 1041 in

286 1057 395 1088 multis
419 1058 584 1098 speciebus
608 1058 799 1088 enumeratis
828 1059 867 1088 ab
890 1058 949 1088 ista
972 1057 1125 1096 opinione
1152 1056 1238 1086 idem
1261 1055 1354 1086 moti-

285 1111 364 1132 vum
377 1102 568 1142 ,reperiatun
593 1109 629 1133 ut
651 1100 766 1142 patuit.

341 1146 393 1178 1V.
418 1147 469 1177 Ad
492 1146 586 1187 primi
609 1146 697 1177 dubii
713 1152 908 1186 argumenta,
933 1151 1043 1175 contra
1066 1143 1243 1184 specierum
1262 1142 1355 1183 gulae

284 1189 505 1222 sufficientiam
521 1191 552 1227 *‚
578 1190 720 1221 ordinate
743 1189 985 1231 respondendo,
1009 1188 1122 1219 dicitur
1151 1187 1191 1218 ad
1212 1187 1354 1227 primum

284 1235 374 1276 quod
397 1235 568 1266 comedens
592 1245 700 1266 carnes
724 1234 801 1265 feria
823 1240 909 1265 sexta
935 1239 1045 1273 peccat
1067 1232 1100 1262 in
1123 1231 1226 1272 prima
1251 1230 1355 1271 specie

283 1279 393 1320 gulae,
417 1280 450 1311 in
474 1279 737 1322 qua„attenditur
759 1278 838 1319 quid
865 1277 1013 1308 sumitur.
1047 1277 1114 1306 Nec
1138 1276 1242 1306 obstat
1265 1275 1355 1315 quod

271 1324 479 1359 almatiorqaut
501 1323 670 1365 pretiosior
690 1323 851 1354 interdum
866 1322 906 1353 sit
922 1321 1017 1362 piscis
1039 1329 1139 1361 quam
1154 1329 1238 1350 caro.
1264 1319 1354 1356 Quo-

251 1375 254 1377 ’
282 1368 370 1400 niam
393 1375 516 1400 constat
539 1368 628 1409 quod
651 1367 829 1398 secundum
853 1376 886 1397 se
909 1365 1024 1396 melior
1043 1364 1132 1396 cibus
1148 1370 1195 1394 est
1211 1372 1299 1394 caro:
1324 1370 1355 1394 et

0 1961 6 1968 υ
42 1951 53 1963 ·
61 1949 133 1973 Ecca.
144 1955 195 1978 etp.
205 1955 252 1977 xiv,

41 1983 101 2000 ven.
114 1982 134 2005 5.

39 2043 116 2092 aasz
133 2041 254 2091 affin:

39 2099 111 2118 malt·
131 2101 195 2118 num·
218 2100 250 2116 m.

38 2171 51 2183 ⁸
62 2171 119 2194 ιω.
132 2170 172 2193 cit.

40 2389 228 2427 ‘Amy-013,

0 2863 5 2874 Ὗ
38 2841 48 2852 ·
61 2839 132 2862 Num.
147 2846 172 2862 ιι.

282 1413 372 1454 quod
394 1413 428 1444 in
452 1413 554 1453 prima
577 1412 680 1452 specie
705 1411 921 1442 consideratur
943 1410 1121 1440 substantia
1144 1408 1214 1439 cibi.
1238 1407 1280 1438 Et
1303 1417 1352 1438 ex-

282 1457 415 1498 ponitur
444 1458 484 1488 ab
511 1459 653 1488 Auctore
683 1466 740 1496 per
761 1456 1007 1495 pretiositatem,
1033 1453 1108 1494 quia
1136 1451 1276 1493 pretium
1307 1458 1354 1483 est

282 1511 431 1532 mensura
454 1511 570 1536 rerum,
595 1507 627 1531 et
649 1510 685 1531 ex
709 1509 858 1530 mensura
882 1498 1017 1529 intendit
1041 1497 1240 1528 nobilitatem
1265 1506 1354 1527 men-

281 1545 388 1582 surati,
413 1545 530 1576 scilicet
553 1545 624 1581 cibi,
649 1543 833 1575 describere.

336 1590 388 1620 Ad
398 1589 574 1621 secundum
592 1589 707 1620 dicitur
718 1588 808 1629 quod
823 1587 994 1618 comedens
1011 1586 1129 1627 pluries
1145 1595 1243 1627 quam
1260 1585 1353 1616 debet

280 1641 388 1675 peccat
411 1633 443 1664 in
467 1640 579 1674 quarta
602 1633 707 1674 specie
729 1632 832 1673 gulae,
849 1632 883 1662 in
897 1642 962 1672 qua
977 1630 1149 1662 attenditur
1167 1630 1351 1671 praeventio

279 1678 443 1719 temporis.
469 1677 634 1716 Quoniam
658 1677 683 1708 si
703 1676 806 1718 prima
821 1676 900 1713 vice,
919 1676 1006 1706 verbi
1022 1675 1130 1716 gratia,
1155 1684 1289 1715 pransus
1306 1682 1354 1705 est

278 1723 312 1753 in
336 1722 386 1753 die
402 1722 512 1753 ieiunii
535 1722 614 1753 hora
630 1721 744 1758 debita,
762 1731 836 1752 cum
853 1721 991 1752 secunda
1009 1720 1080 1757 ,vice
1097 1719 1245 1756 comedit,
1261 1729 1351 1760 prae-

278 1767 365 1798 venit
387 1773 515 1808 tempus
543 1766 748 1798 comedendi:
774 1766 849 1807 quia
873 1775 975 1806 usque
999 1764 1032 1795 in
1056 1764 1140 1794 diem
1164 1770 1351 1805 sequentem

279 1811 469 1843 comedendi
492 1822 559 1842 non
584 1818 631 1842 est
653 1819 792 1851 tempus·

339 1857 390 1887 Ad
413 1857 542 1887 tertium
574 1855 688 1887 dicitur
720 1855 810 1896 quod
841 1861 933 1885 utens
962 1853 1033 1884 cibo
1060 1859 1195 1883 nocente
1225 1851 1351 1892 corpori

277 1901 329 1932 vel
344 1900 453 1932 animo
470 1911 537 1931 non
554 1907 663 1941 peccat
677 1906 808 1940 peccato
824 1899 917 1939 gulae
934 1898 1111 1929 secundum
1127 1907 1170 1933 se,
1183 1897 1238 1927 sed
1255 1903 1290 1927 ut
1306 1902 1353 1927 est

277 1945 358 1976 ratio
378 1945 506 1976 alterius
521 1944 599 1981 vitii,
617 1954 683 1985 quo
707 1943 825 1974 scilicet
847 1942 920 1984 quis
937 1942 996 1973 sibi
1018 1943 1079 1982 ipsi
1099 1947 1146 1972 est
1167 1950 1303 1981 nequam
1322 1940 1350 1971 *.

278 1989 405 2031 Species
429 1996 537 2021 autem
561 1988 654 2029 gulae
677 1987 851 2028 assignatae
868 1993 943 2018 sunt
965 1987 1004 2017 de
1028 1985 1163 2027 peccatis
1187 1985 1280 2025 gulae
1304 1994 1350 2015 se-

278 2034 423 2065 cundum
445 2044 488 2065 se.
518 2033 585 2064 Iam
609 2033 695 2063 enim
719 2042 756 2063 ex
778 2031 868 2062 dictis
893 2032 931 2062 ab
954 2033 1095 2062 Auctore
1111 2030 1130 2049 *
1151 2036 1238 2070 patet
1260 2030 1350 2070 quod

277 2078 465 2110 huiusmodi
482 2084 676 2109 nocumenta
699 2087 756 2117 per
771 2076 916 2108 accidens
931 2085 964 2106 se
979 2076 1096 2106 habent
1119 2075 1159 2105 ad
1182 2080 1349 2114 peccatum

301 2122 382 2155 ulae.

277 2133 299 2164 g
333 2167 385 2198 Ad
401 2172 553 2209 quartum
571 2165 684 2198 dicitur
699 2165 788 2206 quod
804 2165 837 2196 in
854 2165 895 2195 111
907 2164 1010 2195 Ethic.
1027 2163 1045 2183 *
1066 2162 1252 2194 Aristoteles
1275 2162 1351 2193 dicit

277 2211 410 2254 quidem
424 2217 638 2252 temperatum
655 2220 717 2241 non
733 2210 824 2241 exire
835 2210 988 2240 terminos
998 2208 1158 2245 sanitatis,
1174 2207 1350 2238 honestatis

278 2262 309 2288 et
322 2255 542 2298 facultatum,
568 2262 598 2286 et
627 2255 722 2291 bene,
754 2253 830 2295 quia
859 2259 1053 2295 temperatus
1086 2258 1196 2283 contra
1225 2251 1349 2282 nullam

278 2301 372 2332 debet
394 2310 485 2341 agere
507 2300 676 2331 virtutem:
707 2305 738 2329 et
759 2308 826 2328 non
850 2297 926 2328 dicit
955 2297 1045 2338 quod
1069 2296 1247 2327 secundum
1270 2295 1349 2326 haec

268 2345 335 2378 iria
349 2345 553 2376 attendantur
567 2353 682 2384 genera
701 2349 756 2374 aut
771 2342 890 2383 species
906 2341 1176 2382 intemperantiae.
1194 2340 1243 2371 Ex
1258 2340 1349 2371 dictis

277 2395 385 2422 autem
399 2388 549 2420 Auctoris
559 2388 577 2408 *
600 2387 766 2419 manifeste
781 2393 913 2427 apparet
927 2386 1018 2428 quod
1035 2392 1268 2417 nocumentum
1283 2385 1350 2416 ani-

275 2444 347 2465 mae
370 2440 401 2465 et
424 2432 566 2474 corporis
595 2439 641 2464 est
671 2442 727 2473 per
749 2431 894 2463 accidens
923 2432 963 2462 ad
991 2431 1118 2471 gulam:
1144 2440 1181 2461 ac
1207 2439 1264 2470 per
1286 2429 1349 2460 hoc

275 2477 451 2510 excluditur
469 2477 611 2518 primurn
626 2487 737 2518 genus.
762 2476 803 2507 Et
821 2475 964 2506 similiter
979 2475 1118 2511 tertium,
1136 2475 1226 2516 quod
1241 2473 1274 2504 in
1291 2484 1350 2505 no-

275 2529 427 2554 cumento
459 2522 647 2553 facultatum
670 2520 829 2552 consistit:
854 2520 967 2551 eadem
997 2520 1130 2550 ratione.
1162 2519 1348 2550 Secundum

273 2573 401 2603 autem,
426 2573 580 2607 tanquam
612 2571 879 2597 connumeratum
903 2564 951 2595 his
981 2574 1064 2605 quae
1086 2570 1162 2595 sunt
1188 2573 1245 2604 per
1267 2563 1348 2594 acci-

275 2613 363 2648 dens,
381 2610 561 2642 manifestat
585 2621 618 2641 se
641 2620 708 2641 non
731 2609 875 2651 positum
891 2616 927 2640 ut
949 2619 1054 2640 unum
1069 2609 1166 2640 trium
1182 2617 1346 2648 generum.

275 2657 316 2688 Et
338 2656 518 2687 secundum
541 2655 715 2691 veritatem,
739 2660 858 2695 spectat
882 2654 922 2684 ad
945 2653 1060 2684 vitium
1083 2652 1279 2684 contrarium
1301 2652 1348 2683 illi

274 2700 451 2732 honestati:
475 2699 562 2731 verbi
577 2699 686 2739 gratia,
711 2699 737 2729 si
754 2698 826 2740 quis
840 2698 979 2728 indebite
995 2698 1143 2728 comedat
1157 2697 1190 2727 in
1207 2697 1347 2734 ecclesia,

273 2744 458 2776 inhonestas
481 2745 558 2775 haec
582 2750 701 2784 spectat
720 2743 760 2773 ad
777 2742 928 2783 sacrilegii
943 2742 1075 2779 vitium;
1101 2748 1131 2772 et
1150 2741 1193 2772 sic
1213 2742 1252 2772 de
1267 2741 1346 2773 aliis.

329 2789 367 2820 V.
392 2790 443 2820 Ad
467 2788 598 2819 secundi
621 2787 710 2819 dubii
734 2793 930 2827 argumenta,
956 2793 1066 2817 contra
1087 2786 1244 2817 rationem
1260 2785 1346 2816 suffi-

275 2833 407 2865 cientiae
422 2834 455 2870 *‚
480 2832 704 2874 respondendo
735 2832 895 2868 ordinate,
920 2831 1035 2862 dicitur
1063 2831 1104 2861 ad
1132 2830 1347 2861 obiectionem

275 2885 385 2910 contra
407 2879 552 2919 primum
583 2877 723 2913 dictum,
748 2876 866 2907 scilicet
893 2875 996 2916 ipsam
1021 2875 1231 2911 divisionem,
1256 2876 1346 2916 quod

274 2922 388 2955 divisio
408 2929 455 2954 est
470 2922 603 2963 optima,
619 2928 650 2952 et
669 2921 795 2952 formali
810 2930 959 2952 sermone
974 2918 1151 2951 artificiosa.
1171 2919 1255 2950 Nam
1271 2930 1347 2954 cum

273 2967 349 3008 gula
365 2967 405 2998 sit
420 2967 500 2998 circa
517 2965 808 3007 concupiscentiam
825 2964 1040 2996 delectationis
1056 2964 1089 2994 in
1107 2963 1192 3000 cibo;
1209 2969 1240 2994 et
1259 2964 1347 2995 cibus

274 3021 342 3042 non
371 3011 485 3043 habeat
513 3011 671 3042 rationem
703 3010 763 3041 cibi
794 3010 854 3040 nisi
881 3009 914 3040 in
938 3009 1048 3039 ordine
1078 3008 1118 3038 ad
1142 3017 1249 3038 esum:
1279 3018 1346 3039 non

275 3055 479 3097 distinguitur
503 3056 591 3086 cibus
615 3066 633 3086 a
657 3055 853 3086 comestione
876 3061 1031 3094 tanquam
1047 3052 1110 3083 sint
1125 3051 1264 3083 diversae
1280 3063 1346 3083 rna-

275 3100 370 3131 teriae
391 3101 497 3141 gulae,
521 3100 576 3131 sed
600 3107 754 3141 tanquam
776 3099 842 3130 duo
859 3098 1009 3139 requisita
1026 3104 1056 3128 et
1071 3097 1290 3128 concurrentia
1306 3098 1346 3127 ad

275 3145 441 3176 materiam
462 3145 566 3186 gulae.
591 3144 729 3184 Oportet
751 3144 837 3175 enim
860 3152 1047 3174 concurrere
1066 3142 1174 3172 cibum
1190 3147 1221 3172 et
1239 3148 1347 3173 actum

276 3199 343 3230 quo
367 3189 440 3230 quis
463 3189 563 3220 utitur
585 3189 671 3226 cibo,
696 3199 795 3230 quem
817 3194 941 3219 constat
965 3197 1048 3223 esse,
1073 3196 1140 3216 non
1162 3185 1268 3216 videre
1291 3193 1347 3217 aut

276 3232 395 3270 audire,
420 3233 555 3264 vendere
571 3240 626 3264 aut
645 3243 760 3270 emere,
785 3233 840 3263 sed
864 3232 1047 3264 comedere:
1078 3237 1109 3261 et
1132 3236 1283 3261 neutrum
1306 3231 1346 3262 ab

276 3277 374 3308 altero
398 3277 570 3318 separabile
594 3284 650 3309 est.
674 3278 715 3308 Et
739 3283 862 3308 constat
885 3277 974 3319 quod
998 3275 1122 3316 aliquae
1146 3274 1346 3305 conditiones

276 3327 419 3362 spectant
442 3321 481 3351 ad
498 3321 615 3359 cibum,
635 3328 672 3353 ut
694 3322 878 3359 substantia,
896 3320 1053 3363 quantitas
1071 3326 1101 3350 et
1117 3319 1252 3360 qualitas
1269 3318 1344 3349 cibi:

278 3372 310 3396 et
331 3365 456 3406 aliquae
479 3365 519 3396 ad
541 3365 650 3406 ipsum
672 3373 778 3397 actum
802 3367 913 3397 utendi
931 3365 997 3402 illo,
1022 3371 1059 3395 ut
1081 3370 1209 3404 tempus
1226 3370 1257 3394 et
1275 3373 1344 3394 mo-

278 3411 348 3440 dus.
379 3410 511 3440 Falsum
535 3417 582 3440 est
605 3420 696 3450 ergo,
721 3411 895 3442 formaliter
918 3410 1101 3450 loquendo,
1126 3408 1215 3449 quod
1239 3408 1345 3438 omnis

278 3453 471 3485 inordinatio
488 3453 527 3484 sit
542 3464 579 3484 ex
602 3461 690 3494 parte
707 3461 794 3485 actus
819 3455 944 3486 utendi:
973 3454 1046 3484 licet
1065 3453 1160 3483 simul
1183 3463 1258 3483 cum
1273 3453 1344 3493 ipso

278 3505 351 3529 actu
378 3498 413 3528 in
443 3498 586 3538 potentia
607 3498 659 3528 vel
682 3498 715 3528 in
743 3505 826 3529 actu.
850 3517 871 3523 -
899 3499 941 3529 Et
968 3499 1009 3528 ad
1038 3497 1278 3538 probationem,
1309 3497 1346 3527 Si

279 3553 342 3573 non
366 3547 562 3579 sumeretur,
581 3551 643 3572 non
669 3547 750 3573 esset
772 3543 873 3583 gulae
891 3544 1022 3573 vitium:
1046 3542 1159 3573 dicitur
1182 3542 1271 3583 quod
1286 3551 1343 3582 gu-

278 3587 326 3617 lae
355 3586 470 3617 vitium
498 3593 544 3617 est
567 3586 662 3616 etiam
686 3586 711 3616 si
742 3596 908 3626 nunquam
933 3594 1077 3617 sumatur
1108 3586 1196 3617 cib'us
1225 3585 1343 3616 inordi-

278 3638 350 3662 nate
373 3631 541 3672 appetitus.
574 3630 753 3671 Loquendo
783 3637 891 3661 autem
915 3631 954 3660 de
977 3641 1101 3661 sumere
1125 3631 1158 3660 in
1181 3629 1341 3671 potentia,

2413 272 2481 318 173

1417 348 1530 380 dicitur
1554 349 1643 390 quod
1666 349 1811 389 probatio
1836 348 1915 379 nihil
1938 349 2035 378 valet:
2060 348 2136 389 quia
2159 358 2252 388 posse
2273 348 2356 378 sumi
2376 357 2422 379 est
2446 349 2483 378 de

1416 393 1536 424 ratione
1560 393 1631 429 cibi,
1657 400 1687 424 et
1709 403 1727 423 a
1750 392 1958 424 conditionali
1982 392 2126 432 negativa
2150 392 2244 422 unius
2268 392 2483 432 inseparabilis

1415 447 1481 467 non
1501 437 1643 478 sequitur
1663 437 1836 477 categorica
1859 437 1996 478 positiva
2009 436 2149 467 rationis.
2174 436 2270 467 Verbi
2285 436 2392 476 gratia,
2412 436 2484 467 licet

1414 481 1468 511 illa
1492 481 1532 512 sit
1554 491 1642 518 vera,
1666 482 1702 512 Si
1726 491 1788 512 non
1813 487 1860 512 est
1883 481 2031 518 risibilis,
2057 491 2120 512 non
2145 486 2191 512 est
2213 481 2323 511 homo:
2347 490 2413 511 non
2437 487 2482 511 ta-

1414 535 1487 556 men
1511 526 1603 562 valet‚
1627 526 1720 567 Ergo
1743 527 1827 556 ratio
1850 526 1987 556 hominis
2004 526 2145 556 sumitur
2161 535 2203 556 ex
2225 525 2413 556 risibilitate.
2439 525 2483 555 Ita

1415 579 1481 600 non
1504 570 1601 607 valet,
1626 570 1662 600 Si
1685 570 1773 601 cibus
1796 580 1859 600 non
1878 575 1988 610 posset
2014 571 2109 607 sumi,
2135 580 2198 600 non
2222 574 2416 600 causaretur
2439 570 2482 599 vi-

1413 615 1491 644 tium
1514 615 1626 655 gulae,
1650 615 1743 655 Ergo
1766 624 1904 645 causare
1920 615 2030 645 vitium
2054 615 2154 655 gulae
2178 615 2324 645 convenit
2346 613 2412 644 cibo
2429 623 2481 643 ra-

1413 659 1498 688 tione
1519 660 1718 699 sumptionis.
1748 658 1836 689 Sicut
1860 669 1926 688 non
1949 659 2047 695 valet,
2071 659 2165 700 Ergo
2188 668 2257 689 esse
2280 658 2382 688 cibum
2407 667 2480 688 con-

1413 704 1498 733 venit
1515 703 1576 733 sibi
1593 704 1719 734 ratione
1733 704 1931 743 sumptionis.
1957 703 2101 733 Sumitur
2117 703 2202 733 enim
2220 702 2295 743 quia
2313 709 2359 732 est
2375 701 2480 732 cibus:

1412 753 1443 777 et
1466 757 1542 783 non,
1567 747 1642 788 quia
1665 754 1819 783 sumatur,
1843 747 1916 777 ideo
1940 754 1986 777 est
2010 747 2108 778 cibus.

1466 792 1516 821 Ad
1540 792 1662 822 obiecta
1678 798 1788 822 contra
1803 792 1978 822 secundum
1996 791 2126 827 dictum,
2144 791 2262 821 scilicet
2277 791 2316 821 de
2332 800 2396 821 una
2412 799 2481 830 spe-

1412 834 1456 865 cie
1481 835 1573 875 gulae
1597 836 1775 866 secundum
1799 835 2007 866 substantiam
2032 836 2092 866 cibi
2107 835 2133 872 *,
2150 835 2265 866 dicitur
2288 835 2378 875 quod
2401 834 2481 864 illud

1411 879 1592 910 membrum
1616 890 1682 910 esse
1707 880 1860 910 divisibile
1884 880 2039 920 contingit
2063 880 2239 920 dupliciter.
2271 880 2345 910 Uno
2369 879 2480 914 modo,

1410 922 1442 952 in
1466 933 1533 954 esse
1557 924 1670 954 morali
1694 923 1878 960 formaliter,
1896 925 2072 954 secundum
2096 934 2152 964 per
2167 933 2201 954 se
2221 923 2408 954 differentias
2423 933 2480 963 gu-

1410 967 1476 998 lae:
1502 975 1532 998 et
1556 968 1600 998 sic
1623 975 1765 1007 negatur.
1789 967 1863 998 Alio
1880 968 1991 1004 modo,
2015 969 2193 999 secundum
2214 967 2401 998 differentias
2426 977 2482 1007 per

1409 1011 1569 1042 accidens:
1594 1019 1624 1042 et
1648 1012 1692 1042 sic
1716 1012 1908 1048 conceditur,
1933 1012 1987 1042 sed
2012 1022 2078 1042 non
2102 1019 2148 1043 est
2171 1019 2280 1043 contra
2304 1011 2480 1043 doctrinam

1410 1056 1573 1092 Auctoris;
1595 1056 1750 1097 quoniam
1766 1056 1886 1096 species
1899 1056 2014 1086 debent
2027 1066 2084 1096 per
2100 1066 2133 1087 se
2145 1056 2324 1087 differentiis
2341 1056 2481 1086 formali-

1410 1099 1469 1130 bus
1484 1099 1570 1130 illius
1585 1100 1708 1140 generis
1723 1100 1884 1136 constitui,
1902 1107 1932 1130 et
1948 1110 2013 1130 non
2030 1100 2211 1131 differentiis
2227 1110 2283 1140 per
2299 1100 2443 1131 accidens
2452 1100 2478 1131 *.

1410 1143 1450 1174 Et
1473 1153 1529 1183 per
1551 1143 1632 1174 hanc
1656 1144 1799 1184 regulam
1823 1144 2032 1184 respondetur
2056 1145 2096 1174 ad
2120 1144 2243 1175 obiecta
2266 1151 2374 1175 contra
2398 1144 2478 1174 indi-

1410 1187 1622 1218 visibilitatem
1652 1194 1719 1218 tam
1748 1188 1844 1218 huius
1876 1198 1974 1229 quam
2003 1188 2137 1219 aliarum
2166 1189 2353 1228 specierum.
2386 1189 2479 1219 Unde

1410 1241 1483 1262 cum
1515 1239 1625 1263 contra
1653 1232 1746 1262 istam
1770 1232 1908 1272 speciem
1937 1232 2082 1269 affertur,
2110 1232 2195 1270 Quia
2218 1233 2396 1263 substantia
2420 1233 2480 1263 cibi

1408 1276 1564 1307 dividitur
1587 1277 1619 1306 in
1640 1277 1833 1316 pretiosam,
1859 1282 1890 1307 et
1912 1278 2090 1314 insuetam,
2122 1276 2235 1307 dicitur
2258 1277 2347 1317 quod
2371 1277 2479 1307 distin-

1409 1320 1471 1350 ctio
1494 1320 1554 1351 ista
1577 1328 1624 1351 est
1647 1330 1703 1360 per
1717 1321 1861 1351 accidens
1885 1321 1924 1351 ad
1941 1321 2149 1351 substantiam
2165 1321 2242 1351 cibi:
2266 1320 2378 1351 accidit
2395 1320 2479 1351 enim

1408 1364 1584 1396 delectabili
1601 1365 1672 1395 cibo
1697 1365 1786 1406 quod
1809 1365 1849 1395 sit
1872 1364 2052 1405 prohibitus
2075 1365 2143 1405 lege
2166 1365 2216 1395 vel
2236 1365 2477 1395 consuetudine.

1410 1409 1501 1439 Unde
1524 1409 1722 1450 quicumque
1746 1409 1834 1440 cibus
1858 1410 2035 1440 secundum
2059 1409 2201 1450 seipsum
2224 1409 2403 1439 inordinate
2425 1419 2478 1449 ap-

1409 1452 1524 1493 petitur
1557 1453 1638 1483 infra
1665 1453 1826 1484 humanos
1856 1453 1990 1490 limites,
2020 1454 2085 1484 sive
2107 1453 2170 1484 hoe
2193 1453 2233 1484 sit
2256 1463 2292 1484 ex
2316 1453 2479 1483 nobilitate

1408 1497 1483 1533 eibi,
1508 1497 1573 1528 sive
1597 1508 1634 1528 ex
1657 1497 1887 1538 prohibitione,
1914 1505 1948 1528 ut
1972 1508 2079 1528 carnes
2103 1505 2178 1528 sunt
2200 1498 2232 1527 in
2256 1497 2381 1528 ieiuniis
2405 1507 2479 1537 pro-

1408 1541 1533 1578 hibitae,
1557 1542 1597 1572 ad
1622 1543 1755 1572 eandem
1777 1542 1916 1583 speciem
1940 1542 2033 1582 gulae
2052 1548 2204 1582 spectant.
2229 1542 2387 1573 Ciborum
2402 1552 2478 1572 vero

1407 1586 1566 1627 appetitus
1590 1594 1674 1617 extra
1698 1587 1858 1617 humanos
1881 1586 2007 1623 limites,
2032 1593 2068 1617 ut
2092 1587 2277 1622 carbonum,
2296 1586 2397 1623 calcis,
2415 1596 2478 1617 car-

1408 1631 1497 1661 nium
1521 1631 1746 1668 humanarum,
1771 1638 1802 1661 et
1825 1631 1988 1667 similium,
2013 1631 2052 1661 ad
2076 1630 2297 1661 bestialitatem
2321 1637 2477 1671 spectant:

1406 1685 1488 1716 quae
1511 1676 1571 1706 sub
1595 1675 1644 1706 his
1668 1675 1831 1716 speciebus
1856 1685 1922 1705 non
1947 1675 2140 1711 continetur,
2165 1675 2320 1716 quoniam
2344 1675 2419 1715 gula
2442 1681 2478 1705 ut

1407 1726 1452 1751 est
1475 1719 1656 1750 humanum
1678 1719 1803 1756 vitium,
1829 1720 1973 1750 distincta
1993 1726 2048 1750 est.

1461 1764 1512 1794 Ad
1541 1764 1663 1795 obiecta
1694 1771 1802 1795 contra
1834 1765 1962 1795 tertium
1988 1763 2128 1800 dictum,
2154 1763 2272 1794 scilicet
2295 1764 2333 1794 de
2358 1764 2478 1795 unitate

1377 1829 1379 1832 -
1406 1808 1519 1849 speciei
1535 1809 1628 1848 gulae
1644 1815 1801 1849 quantum
1820 1809 1860 1839 ad
1879 1808 2064 1849 qualitatem
2080 1808 2140 1838 cibi
2155 1808 2182 1844 *,
2200 1808 2315 1839 dicitur
2331 1809 2476 1848 negando

1406 1852 1627 1883 huiuscemodi
1646 1852 1781 1883 membri
1799 1852 2045 1883 divisibilitatem
2061 1852 2227 1882 formalem
2252 1859 2282 1883 et
2305 1862 2361 1892 per
2377 1862 2419 1889 se,
2440 1860 2476 1884 ut

1407 1897 1528 1928 dictum
1553 1904 1608 1928 est.
1633 1897 1674 1928 Et
1696 1907 1771 1928 cum
1787 1897 1910 1933 dicitur,
1937 1896 2022 1934 Quia
2038 1897 2193 1928 dividitur
2209 1906 2274 1937 per
2288 1898 2473 1937 qualitatem

1399 1947 1645 1982 praeparatam,
1667 1942 1718 1972 vel
1733 1943 1890 1979 nocivam,
1910 1941 1974 1971 iam
1989 1947 2075 1981 patet
2094 1941 2274 1981 responsio:
2299 1941 2388 1982 quod
2408 1951 2475 1972 esse

1405 1985 1556 2016 nocivum
1580 1985 1691 2016 accidit
1715 1985 1785 2017 cibo
1809 1993 1845 2016 ut
1868 1985 2030 2016 obiectum
2054 1992 2100 2016 est
2122 1985 2234 2025 gulae,
2260 1985 2335 2026 quia
2360 1985 2473 2016 accidit

1404 2030 1474 2061 cibo
1499 2037 1535 2061 ut
1558 2036 1605 2060 est
1628 2030 1834 2066 delectabilis;
1868 2037 1915 2061 est
1938 2030 2023 2060 enim
2047 2037 2169 2070 praeter
2191 2028 2297 2070 gulosi
2320 2029 2471 2060 intentio-

1405 2084 1488 2111 nem,
1513 2081 1549 2106 ut
1572 2076 1695 2105 Auctor
1718 2074 1795 2105 dixit
1807 2074 1835 2105 *.
1900 2104 1902 2106 .

1458 2119 1510 2150 Ad
1533 2118 1656 2150 obiecta
1673 2126 1783 2150 contra
1797 2124 1950 2160 quartum
1968 2125 1998 2149 et
2013 2119 2158 2159 quintum
2174 2118 2296 2148 dictum
2306 2118 2324 2137 ³⁸
2341 2128 2470 2158 respon—

1403 2163 1495 2194 detur
1517 2163 1663 2204 negando
1688 2170 1861 2204 utrumque
1884 2169 2101 2203 assumptum:
2131 2161 2247 2193 scilicet
2271 2168 2301 2193 et
2323 2162 2412 2203 quod
2435 2173 2473 2193 ex

1403 2214 1489 2248 parte
1509 2207 1702 2248 sumptionis
1725 2208 1788 2238 sint
1811 2207 1917 2247 plures
1937 2205 2128 2237 differentiae
2148 2205 2296 2236 formales
2316 2216 2372 2246 per
2387 2216 2419 2236 se
2439 2206 2470 2236 in

1403 2262 1515 2292 genere
1539 2252 1649 2292 gulae;
1683 2259 1713 2283 et
1743 2252 1832 2293 quod
1860 2251 2038 2282 secundum
2067 2251 2265 2287 membrum,
2290 2250 2407 2281 scilicet
2435 2260 2472 2280 ex

1402 2303 1489 2337 parte
1506 2296 1605 2332 modi,
1623 2296 1663 2326 sit
1678 2295 1832 2327 divisibile
1849 2295 2032 2332 formaliter,
2050 2301 2107 2325 etc.
2127 2295 2169 2325 Et
2187 2295 2227 2324 ad
2245 2294 2383 2336 primam
2399 2304 2472 2335 pro-

1403 2341 1574 2377 bationem,
1599 2340 1717 2373 scilicet
1739 2340 1816 2382 quia
1839 2339 1981 2381 sumptio
2004 2339 2184 2370 inordinata
2208 2345 2255 2369 est
2277 2339 2472 2380 quandoque

1402 2385 1478 2426 quia
1501 2385 1697 2427 frequentior
1720 2392 1767 2416 est
1790 2394 1888 2425 quam
1905 2391 2042 2425 oportet,
2066 2383 2277 2424 respondetur
2299 2384 2388 2424 quod
2412 2384 2472 2414 hu-

1402 2430 1542 2461 iusmodi
1566 2430 1765 2461 deordinatio
1788 2428 2068 2470 comprehenditur
2083 2428 2142 2458 sub
2158 2427 2262 2468 specie
2277 2435 2397 2468 quarta,
2415 2428 2471 2458 sci-

1401 2475 1473 2506 licet
1496 2474 1730 2515 praeventionis
1754 2473 1924 2514 temporis:
1950 2483 2024 2503 nam
2048 2473 2127 2503 dum
2149 2472 2301 2512 repetitur
2318 2472 2471 2503 comestio

1402 2519 1590 2556 inordinate,
1605 2519 1678 2550 ideo
1695 2525 1843 2560 peccatur
1857 2517 1932 2558 quia
1947 2524 2075 2558 tempus
2088 2526 2268 2557 congruum
2283 2516 2473 2547 comestioni

1402 2574 1470 2594 non
1493 2570 1684 2604 expectatur.
1709 2581 1730 2586 -
1754 2563 1795 2593 Et
1816 2572 1873 2603 per
1895 2562 1981 2593 idem
2004 2561 2214 2602 respondetur
2232 2561 2272 2590 ad
2288 2562 2471 2596 secundam,

1403 2609 1441 2639 de
1464 2608 1674 2649 multiplicata
1698 2607 1895 2639 comestione
1918 2606 1951 2636 in
1975 2606 2026 2636 die
2044 2605 2163 2641 ieiunii.
2187 2607 2270 2636 Ante
2289 2612 2416 2646 tempus
2434 2605 2472 2635 si-

1402 2653 1534 2695 quidem
1564 2653 1709 2683 debitum
1739 2651 1879 2682 comedit
1909 2650 1966 2691 qui
1988 2650 2086 2680 violat
2109 2649 2265 2685 ieiunium
2294 2649 2342 2680 bis
2367 2659 2472 2680 come-

1403 2698 1525 2728 dendo:
1550 2697 1706 2738 quoniam
1730 2705 1832 2737 usque
1855 2695 1888 2725 in
1906 2695 1991 2725 diem
2007 2694 2179 2725 crastinum
2203 2693 2374 2724 differenda
2391 2700 2473 2724 esset

1403 2742 1566 2778 comestio,
1588 2748 1623 2772 ut
1651 2740 1848 2782 praedictum
1872 2745 1919 2770 est
1933 2738 1958 2769 *.
1986 2757 2006 2761 -
2030 2739 2080 2769 Ad
2103 2738 2225 2769 tertiam
2250 2744 2358 2768 autem
2385 2738 2470 2768 obie-

1402 2787 1551 2822 ctionem‚
1577 2785 1714 2821 deloco,
1740 2791 1770 2815 et
1792 2790 1947 2825 quartam,
1965 2783 2004 2813 de
2019 2782 2092 2819 fine,
2113 2782 2227 2812 dicitur
2248 2783 2336 2822 quod
2359 2781 2470 2812 huius-

1403 2831 1491 2861 modi
1514 2829 1765 2860 inordinationes
1787 2829 1828 2859 ad
1851 2828 1988 2858 aliorum
2004 2827 2156 2858 vitiorum
2179 2827 2299 2867 species
2318 2833 2470 2866 spectant,

1402 2885 1459 2906 nec
1483 2875 1683 2905 constituunt
1706 2873 1826 2914 species
1848 2873 1952 2913 gulae.
1977 2872 2010 2902 Si
2034 2871 2105 2912 quis
2129 2871 2214 2902 enim
2237 2877 2367 2912 propter
2381 2871 2470 2901 adul-

1401 2920 1568 2952 terandum
1593 2918 1741 2955 comedit,
1767 2927 1833 2948 non
1856 2917 1959 2958 gulae,
1979 2916 2036 2947 sed
2051 2915 2195 2951 adulterii
2211 2915 2336 2946 macula
2350 2925 2383 2945 se
2399 2915 2470 2956 pol-

1400 2964 1475 2995 luit:
1509 2970 1539 2994 et
1569 2963 1711 2994 similiter
1741 2962 1766 2992 si
1789 2962 1861 3003 quis
1888 2961 1921 2991 in
1946 2960 2093 2992 ecclesiae
2117 2966 2338 3000 contemptum
2361 2959 2393 2989 in
2417 2959 2470 2989 illa

1401 3008 1549 3044 comedit,
1574 3018 1640 3038 non
1663 3007 1767 3047 gulae,
1792 3006 1846 3038 sed
1871 3005 2021 3046 sacrilegii
2046 3004 2164 3035 crimen
2187 3004 2326 3035 incurrit.
2356 3003 2469 3034 Defor-

1401 3053 1524 3083 mitates
1548 3051 1705 3093 siquidem
1722 3051 1808 3087 istae,
1826 3050 1901 3091 quia
1924 3060 1981 3090 per
1996 3049 2139 3080 accidens
2163 3058 2195 3079 se
2219 3049 2335 3079 habent
2354 3048 2392 3077 ad
2412 3058 2470 3087 gu-

1399 3098 1474 3133 lam,
1500 3106 1565 3127 non
1589 3095 1751 3127 sufficiunt
1773 3096 1812 3125 ad
1834 3094 2018 3126 intrinsecas
2041 3093 2133 3134 gulae
2150 3092 2268 3133 species
2285 3092 2469 3123 causandas.

1420 3176 1435 3180 x
1455 3142 1507 3172 Ad
1534 3141 1657 3172 obiecta
1685 3146 1794 3171 contra
1824 3145 1950 3171 sextum
1979 3138 2118 3173 dictum,
2143 3137 2260 3168 scilicet
2288 3137 2326 3166 de
2349 3136 2468 3170 unitate

1400 3185 1515 3226 speciei
1543 3185 1636 3225 gulae
1660 3195 1697 3215 ex
1719 3183 1944 3224 praeventione
1960 3182 2113 3223 temporis
2129 3182 2156 3218 *,
2181 3181 2390 3221 respondetur
2413 3190 2469 3212 ne-

1399 3230 1504 3270 gando
1529 3229 1619 3270 quod
1643 3229 1761 3269 species
1784 3228 1843 3258 ista
1867 3227 1906 3258 sit
1929 3226 2093 3262 divisibilis
2117 3225 2309 3262 formaliter,
2324 3232 2403 3263 etc„
2434 3231 2470 3256 ut

1399 3274 1486 3314 prius
1507 3273 1628 3304 dictum
1645 3279 1700 3304 est.
1725 3273 1767 3303 Et
1782 3272 1822 3303 ad
1835 3271 2068 3312 probationem,
2098 3271 2182 3308 Quia
2200 3270 2391 3310 praeventio
2408 3279 2468 3310 po-

1400 3324 1460 3349 test
1476 3327 1544 3349 esse
1568 3318 1619 3348 vel
1642 3319 1674 3347 in
1691 3317 1804 3347 ordine
1819 3315 1863 3347 ad
1879 3316 2074 3356 exigentiam
2091 3319 2240 3351 naturae,
2266 3314 2317 3344 vel
2338 3313 2468 3355 adpro-

1399 3363 1592 3399 hibitionem,
1612 3368 1689 3392 etc.:
1714 3361 1924 3401 respondetur
1946 3359 2035 3401 quod
2059 3368 2173 3389 omnes
2195 3358 2307 3388 allatae
2323 3357 2467 3388 differen-

1400 3407 1459 3438 tiae
1483 3417 1539 3447 per
1555 3405 1698 3436 accidens
1723 3415 1755 3435 se
1779 3405 1896 3435 habent
1919 3404 1958 3434 ad
1981 3403 2100 3444 gulam,
2125 3409 2181 3433 aut
2203 3402 2326 3433 nullam
2349 3402 2468 3433 faciunt

1399 3451 1567 3482 formalem
1598 3449 1816 3480 differentiam.
1846 3449 1930 3479 Nam
1962 3447 2144 3488 praeventio
2175 3447 2329 3487 temporis
2359 3454 2467 3477 contra

1398 3501 1603 3536 praeceptum
1618 3501 1759 3531 naturae,
1773 3493 1824 3524 vel
1848 3499 1957 3524 contra
1979 3498 2185 3533 praeceptum
2193 3491 2368 3527 Ecclesiae,
2384 3491 2467 3521 eius-

1398 3541 1472 3571 dem
1488 3546 1534 3570 est
1553 3538 1692 3569 rationis.
1708 3538 1792 3569 Vitia
1809 3537 1894 3568 enim
1911 3547 1977 3567 non
1994 3537 2233 3577 distinguuntur
2255 3545 2352 3576 penes
2377 3545 2465 3575 prae-

1399 3591 1488 3625 cepta
1511 3595 1528 3614 a
1552 3583 1668 3624 quibus
1696 3587 1855 3618 avertunt,
1881 3581 1936 3612 sed
1959 3591 2055 3623 penes
2080 3580 2201 3613 obiecta
2231 3580 2271 3610 ad
2295 3588 2376 3620 quae
2400 3586 2466 3609 ten-

1397 3630 1492 3659 dunt:
1517 3628 1602 3658 idem
1626 3633 1733 3658 autem
1757 3633 1803 3657 est
1822 3626 1993 3662 obiectum,
2011 3625 2127 3656 scilicet
2145 3624 2298 3664 temporis
2314 3633 2464 3663 praeven-

2510 841 2518 850 ⁴
2536 840 2607 861 Num.
2627 846 2655 865 ιι,
2676 841 2719 862 Se-

2509 866 2614 888 cundum.

2508 1100 2518 1110 ⁴
2531 1100 2628 1121 Aristot.
2642 1099 2721 1121 Meta—

2503 1126 2572 1153 phys.
2580 1126 2718 1174 lib.V1,cag.

2507 1159 2549 1200 ᾖξ’
2560 1158 2583 1174 η’
2609 1152 2718 1200 {effi-{11⁸

2602 1195 2607 1205 ,
2713 1197 2717 1200 ,

2506 1815 2515 1825 ·
2529 1815 2598 1837 Num.
2615 1821 2639 1839 ιι,
2657 1815 2715 1836 Ter-

2504 1841 2567 1863 tium.

2501 2077 2511 2086 ⁸
2524 2077 2575 2097 Art.
2590 2081 2610 2104 3,
2625 2075 2653 2096 ad
2667 2082 2687 2104 3.

2500 2124 2510 2134 ⁸
2519 2123 2590 2146 Num.
2602 2130 2627 2152 n,
2636 2124 2713 2152 Quar-

2499 2153 2552 2172 tum.

2500 2746 2509 2755 ⁸
2516 2744 2585 2766 Num.
2594 2751 2624 2772 tv,
2630 2744 2668 2766 Ad
2674 2751 2710 2766 se-

2499 2771 2602 2793 cundum.

2497 3191 2506 3200 ⁸
2520 3189 2590 3212 Num,
2614 3196 2642 3211 ιι,
2666 3190 2707 3211 Se-

2494 3218 2565 3238 xtum.
