2768 4198
62 702 71 711 ·
86 700 121 722 Cf.
142 699 272 722 Comment.

63 727 134 749 Caiet.
156 730 210 755 post
232 729 273 748 art

61 760 76 778 1.
93 759 157 775 num.
172 759 211 775 vn.

61 1175 71 1184 ·
93 1173 180 1195 nomn.
204 1172 271 1199 xlv,

59 1201 87 1248 gi.
99 1200 138 1221 nb.
150 1200 178 1227 11,
191 1199 271 1222 homil.

66 2622 75 2632 ⁸
95 2621 152 2649 Cap.
177 2626 211 2647 in,

63 2654 106 2670 xn.

68 2833 142 2855 Art.
158 2831 277 2861 pmecedq

67 2866 106 2887 qu.
113 2864 202 2886 itt-xxxx,
214 2862 254 2881 nrt.
261 2864 277 2883 ι,

66 2886 94 2908 ad
109 2892 128 2915 3.

937 249 1205 295 QUAESTIO
1237 248 1467 294 CLXXXII,
1496 249 1796 286 ARTICULUS
1828 249 1878 285 IV

1090 410 1413 453 ARTICULUS
1444 410 1720 460 QUARTUS

766 505 923 536 UTRUM
948 479 1053 536 viTA
1077 503 1242 535 ACTIVA
1266 504 1334 535 SIT
1358 504 1489 535 PRIOR
1513 504 1641 541 QUAM
1665 504 2042 537 CONTEMPLATIVA

758 594 800 619 De
823 594 913 623 Verit.,
936 602 980 626 qu.
999 601 1033 624 ιι,
1053 598 1099 618 art.
1118 600 1144 624 4,
1164 593 1195 617 ad
1217 600 1246 624 23
1269 593 1346 619 Cont.
1366 593 1514 619 retrahent.
1532 594 1566 619 ab
1586 593 1700 627 ingr-ess.
1718 593 1816 627 Relig.,
1835 602 1892 628 cap.
1910 601 1955 626 vu,
1975 595 2007 620 ad
2026 602 2051 628 7.

451 706 491 752 ξ(
514 697 536 721 ι)
552 695 726 727 QUARTUM
741 695 795 720 sm
811 695 1043 720 PROCEDITUR
1053 682 1083 719 ³¹⁶.
1095 682 1257 720 Videtur
1272 682 1378 731 quod

512 746 591 774 vita
621 737 745 774 activa
764 749 843 774 non
873 736 919 774 sit
938 737 1044 786 prior
1062 748 1180 785 quarn
1205 744 1377 773 contem-

328 701 389 771 (23⁸
432 727 485 781 {2⁴

334 733 665 841 &planva
695 791 780 827 Vita
815 790 917 827 enim
952 789 1251 839 contemplativa
1281 790 1377 827 dire-

379 808 434 827 ur»

319 795 505 882 ‘'4⁶an
514 853 572 881 cte
592 844 752 894 pertinet
773 844 821 881 ad
842 844 1086 881 dilectionem
1107 843 1192 890 Dei,
1209 843 1288 880 vita
1312 856 1378 880 au-

301 905 378 934 tem
408 896 531 935 activa
560 898 609 935 ad
631 898 875 936 dilectionem
903 897 1081 957 proximi.
1118 873 1195 934 Sed
1225 897 1376 935 dilectio

300 950 372 987 Dei
410 952 605 999 praecedit
641 952 883 989 dilectionem
921 951 1104 1001 proximi,
1148 950 1405 1001 inquantum'

299 1004 497 1053 proximus
534 1013 692 1054 propter
721 1006 848 1042 Deum
887 1005 1061 1054 diligitur.
1094 1005 1196 1053 Ergo
1225 1005 1378 1042 videtur

301 1058 407 1106 quod
446 1058 560 1095 etiam
597 1059 677 1096 vita
707 1059 1004 1108 contemplativa
1042 1058 1087 1096 sit
1115 1058 1220 1108 prior
1257 1071 1376 1107 quam

301 1119 436 1148 activa.

355 1176 389 1202 2.
421 1165 659 1213 PRAETEREA,
690 1166 899 1215 Gregorius
930 1166 1029 1213 dicit,
1049 1178 1164 1215 super
1182 1167 1317 1215 Ezech.
1339 1165 1375 1203 *ε

300 1219 501 1255 Sciendum
529 1225 584 1256 est
609 1220 721 1268 quod,
749 1220 846 1257 sicut
872 1220 993 1258 bonus
1020 1221 1114 1257 ordo
1142 1220 1295 1257 vivendi
1325 1226 1379 1256 est

301 1278 340 1308 ut
367 1273 415 1309 ab
444 1273 568 1310 activa
597 1274 634 1310 in
655 1273 985 1324 contemplativam
1015 1273 1201 1319 tendatur,
1222 1273 1273 1310 ita
1297 1273 1375 1322 ple-

301 1338 461 1375 rumque
490 1327 628 1363 utiliter
654 1339 678 1364 a
707 1327 997 1376 contemplativa
1025 1327 1176 1364 animus
1204 1327 1257 1364 ad
1286 1327 1376 1364 acti-

300 1391 387 1416 vam
418 1381 630 1429 reflectitur.
666 1382 758 1418 Non
788 1393 876 1429 ergo
907 1381 1126 1430 simpliciter
1144 1380 1223 1418 vita
1252 1380 1377 1419 activa

302 1441 359 1470 est
386 1433 492 1482 prior
520 1447 637 1483 quam
668 1434 978 1484 contemplativa.

358 1487 392 1523 3.
415 1488 650 1534 PRAETEREA,
674 1501 719 1525 ea
739 1501 837 1537 quae
860 1487 1018 1525 diversis
1040 1495 1276 1536 competunt,
1298 1500 1378 1525 non

301 1540 480 1577 videntur
500 1553 544 1578 ex
564 1542 787 1579 necessitate
817 1541 992 1578 ordinem
1013 1542 1168 1578 habere.
1200 1541 1277 1578 Sed
1298 1541 1376 1578 vita

303 1594 425 1631 activa
455 1602 490 1631 et
511 1596 808 1644 contemplativa
838 1595 995 1632 diversis
1017 1602 1257 1643 competunt:
1289 1594 1378 1631 dicit

212 1663 274 1705 :ven
303 1647 404 1684 enim
436 1648 653 1696 Gregorius,
675 1649 711 1685 in
740 1650 790 1685 VI
820 1649 966 1686 Moral.
987 1647 1023 1684 *τ
1054 1649 1174 1696 Saepe
1197 1648 1264 1696 qui
1289 1660 1377 1685 con-

269 1700 274 1705 ’
302 1701 479 1749 templari
504 1703 630 1739 Deum
668 1703 782 1750 quieti
802 1707 818 1723 α
840 1707 1039 1750 poterant,
1070 1701 1377 1749 occupationibus

296 1755 422 1802 pressi
448 1756 682 1792 ceciderunt.-
711 1761 748 1792 et
773 1767 885 1804 saepe
905 1755 971 1804 qui
997 1755 1172 1803 occupati
1198 1755 1292 1792 bene
1309 1755 1377 1791 hu·
1402 1759 1403 1765 ¹

302 1809 424 1845 manis
435 1809 571 1851 ,usibus
598 1810 778 1855 viverent,
797 1809 928 1858 gladio
957 1820 1050 1845 suae
1068 1807 1200 1856 quietis
1224 1808 1379 1844 extincti
1402 1828 1403 1838 κ

1402 1893 1404 1906 ξ
1430 1861 1478 1899 ad
1508 1861 1708 1911 passiones
1736 1867 1894 1910 propter
1932 1872 2067 1897 eorum
2097 1859 2285 1909 impeturn
2314 1859 2363 1896 ad
2393 1870 2507 1907 agen-

1431 1916 1538 1962 dum,
1560 1922 1647 1952 sunt
1667 1914 1838 1952 similiter
1852 1919 1867 1942 Υ
1892 1913 2014 1962 magis
2034 1913 2112 1963 apti
2131 1914 2180 1951 ad
2199 1913 2320 1951 vitam
2341 1912 2507 1953 activam

1403 2002 1404 2012 ,
1430 1976 1602 2029 propter
1617 1968 1769 2018 spiritus
1797 1967 2117 2016 inquietudinem.
2154 1965 2267 2004 Unde
2295 1965 2386 2004 dicit
2412 1965 2508 2005 Gre-

300 1867 396 1898 sunt.
427 1862 519 1898 Non
549 1875 639 1910 ergo
668 1862 746 1899 vita
775 1862 900 1899 activa
929 1861 1033 1911 prior
1062 1869 1118 1898 est
1138 1873 1254 1910 quam
1286 1873 1376 1898 con-

301 1915 534 1964 templativa.

355 1969 430 2006 SED
465 1980 613 2006 CONTRA
647 1981 714 2006 EST
742 1969 849 2018 quod
878 1967 1087 2016 Gregorius
1117 1967 1227 2014 dicit,
1256 1967 1295 2005 in
1325 1969 1375 2005 111

302 2021 446 2060 Homil.
462 2023 619 2071 Ezech.:
640 2023 776 2060 Activa
790 2023 867 2060 vita
881 2023 994 2071 prior
1012 2027 1067 2059 est
1079 2026 1247 2071 tempore
1261 2033 1376 2070 quam

301 2076 610 2125 contemplativa:
630 2077 719 2125 quia
735 2088 786 2113 ex
805 2077 903 2113 bono
919 2087 1033 2125 opere
1051 2076 1214 2113 tenditur
1227 2076 1279 2113 ad
1291 2087 1379 2112 con-

302 2130 591 2178 temptationem.

355 2184 583 2220 RESPONDEO
614 2194 802 2220 DICENDUM
830 2182 936 2231 quod
962 2181 1102 2230 aliquid
1131 2182 1267 2220 dicitur
1295 2194 1378 2220 esse

302 2236 406 2286 prius
436 2236 647 2286 dupliciter.
677 2236 765 2274 Uno
786 2236 919 2282 modo,
941 2235 1155 2272 secundum
1180 2248 1292 2273 suam
1311 2248 1377 2273 na-

303 2298 439 2326 turam.
470 2290 520 2326 Et
539 2290 614 2326 hoc
634 2289 754 2326 modo
782 2289 861 2326 vita
881 2289 1180 2337 contemplativa
1200 2297 1256 2326 est
1274 2289 1379 2337 prior

304 2355 422 2392 quam
452 2343 594 2390 activa,
624 2342 851 2392 inquantum
871 2342 1064 2391 prioribus
1093 2350 1130 2379 et
1156 2342 1379 2380 melioribus

304 2396 449 2434 insistit.
479 2396 591 2434 Unde
622 2403 657 2432 et
686 2396 852 2433 activam
869 2395 990 2433 vitam
1010 2403 1144 2433 movet
1173 2403 1209 2433 et
1237 2395 1377 2444 dirigit:

306 2449 399 2487 ratio
429 2450 530 2487 enim
558 2449 753 2499 superior,
784 2462 883 2499 quae
913 2448 1227 2498 contemplationi
1260 2449 1379 2498 depu-

304 2511 414 2550 tatur,
446 2510 690 2552 comparatur
719 2503 767 2540 ad
795 2503 1026 2550 inferiorem,
1049 2515 1147 2552 quae
1176 2503 1381 2552 deputatur

305 2556 456 2604 actioni,
477 2557 573 2594 sicut
592 2556 652 2593 vir
670 2557 720 2594 ad
738 2556 952 2604 mulierem,
969 2568 1068 2605 quae
1089 2564 1146 2593 est
1164 2568 1233 2605 per
1251 2556 1379 2594 virum

235 2626 276 2647 vn,
306 2610 484 2659 regenda,
513 2618 554 2648 ut
582 2610 819 2658 Augustinus
848 2610 949 2657 dicit,
979 2610 1047 2647 XII
1077 2610 1124 2647 de
1156 2609 1192 2647 T
1188 2610 1260 2647 rin.
1280 2609 1300 2632 *

357 2664 444 2703 Alio
473 2664 594 2702 modo
625 2671 680 2701 est
699 2663 841 2713 aliquid
871 2663 976 2713 prius
995 2663 1126 2712 quoad
1150 2675 1243 2702 nos:
1274 2663 1379 2712 quod

306 2717 447 2755 scilicet
467 2726 522 2756 est
541 2717 646 2767 prius
666 2717 704 2755 in
723 2717 787 2755 via
806 2716 1074 2766 generationis.
1095 2717 1144 2755 Et
1162 2717 1239 2755 hoc
1258 2717 1378 2756 modo

305 2771 384 2808 vita
411 2771 536 2809 activa
565 2779 621 2808 est
647 2771 753 2820 prior
781 2783 897 2820 quam
934 2771 1252 2820 contemplativa:
1291 2771 1379 2820 quia

306 2886 422 2927 patet.
449 2878 660 2927 Dispositio
681 2879 782 2916 enim
802 2878 841 2916 in
859 2878 922 2916 via
941 2877 1196 2926 generationis
1223 2890 1379 2928 praece-

307 2932 360 2971 dit
386 2932 564 2980 formam,
591 2944 691 2981 quae
719 2931 938 2981 simpliciter
962 2939 999 2971 et
1027 2931 1241 2971 secundum
1271 2939 1379 2970 natu-

307 2983 419 3022 ramss
449 2994 504 3023 est
531 2986 648 3035 prior

361 3118 388 3150 α)
408 3118 499 3151 quieti.
513 3132 531 3138 -
549 3119 637 3151 quiete
656 3118 776 3151 PGHpC.
795 3126 848 3143 om.
869 3118 901 3144 D.

362 3153 387 3186 β)
408 3158 544 3181 naturam.
559 3169 577 3174 -
594 3162 672 3180 suam
692 3157 820 3180 naturam
840 3154 887 3180 Pa.

1485 684 1545 719 An
1575 695 1714 720 ramum
1747 695 1846 720 ERGO
1877 695 2063 721 mcENDUM
2092 683 2200 732 quod
2227 683 2307 721 vita
2337 690 2508 721 contem-

1431 736 1575 785 plativa
1595 749 1675 774 non
1694 736 1894 774 ordinatur
1923 737 1972 774 ad
2004 738 2330 787 qualemcumque
2359 737 2434 774 Dei
2454 737 2508 774 di-

1431 790 1649 837 lectionem,
1671 791 1739 828 sed
1760 791 1809 828 ad
1829 790 2051 839 perfectam.
2083 791 2161 828 Sed
2189 791 2267 828 vita
2294 790 2420 828 activa
2444 803 2509 828 ne-

1433 844 1597 881 cessaria
1628 851 1684 881 est
1711 844 1759 881 ad
1789 843 2032 882 dilectionem
2053 844 2218 892 proximi
2243 845 2507 893 qualemcum-

1433 909 1528 946 que..
1552 897 1664 935 Unde
1686 897 1896 946 Gregorius
1917 896 2017 944 dicit,
2038 897 2078 934 in
2107 898 2156 934 111
2178 897 2325 935 Homil.
2344 898 2509 947 Ezech..·

1431 951 1521 988 Sine
1539 950 1830 1000 contemplativa
1857 951 1934 988 vita
1963 951 2108 988 intrare
2120 956 2282 999 possunt
2313 951 2366 989 ad
2390 951 2508 989 caele-

1429 1010 1522 1041 stem
1545 1005 1716 1053 patriam
1737 1006 1802 1054 qui
1820 1005 1920 1041 bona
1946 1016 2044 1053 quae
2066 1010 2238 1053 possunt,
2261 1005 2417 1053 operari
2433 1016 2508 1043 non

1431 1058 1651 1108 negligunt.-
1679 1058 1760 1095 sine
1779 1058 1904 1096 activa
1923 1064 2050 1096 autem
2079 1058 2224 1095 intrare
2243 1070 2318 1095 non
2338 1064 2509 1107 possunt,

1429 1113 1463 1149 si
1490 1111 1690 1162 negligunt
1717 1112 1818 1150 hona
1846 1111 2002 1160 operari
2027 1123 2126 1160 quae
2137 1117 2308 1160 possunt.
2343 1111 2402 1149 Ex
2431 1123 2509 1161 quo

1431 1166 1546 1202 etiarn
1576 1173 1679 1214 patet
1707 1165 1814 1214 quod
1842 1165 1920 1202 vita
1949 1165 2074 1202 activa
2109 1164 2305 1214 praecedit
2338 1172 2510 1203 contem-

1430 1219 1633 1269 plativam,
1664 1218 1760 1256 sicut
1787 1219 1825 1256 id
1854 1220 1960 1268 quod
1990 1226 2047 1256 est
2082 1231 2290 1256 commune
2318 1217 2507 1265 omniurn,

1402 1277 1404 1289 '
1429 1272 1646 1323 praecedit
1639 1285 1676 1309 ιιι
1691 1272 1755 1310 via
1774 1271 2030 1321 generationis
2049 1271 2087 1310 id
2108 1273 2213 1322 quod
2234 1279 2289 1310 est
2307 1271 2507 1322 proprium

1429 1327 1702 1376 perfectorum.

1484 1382 1543 1418 AD
1564 1391 1756 1418 SECUNDUM
1777 1391 1963 1418 nicENDUM
1983 1379 2090 1428 quod
2118 1391 2140 1416 a
2159 1378 2238 1416 vita
2266 1377 2392 1416 activa
2418 1390 2508 1428 pro-

1431 1434 1577 1472 ceditur
1606 1434 1655 1471 ad
1682 1433 1801 1470 vitam
1831 1432 2171 1493 contemplativam
2201 1433 2416 1470 secundum
2445 1444 2507 1471 or-

1431 1488 1561 1526 dinem
1590 1486 1862 1536 generationis:
1893 1499 1915 1524 a
1942 1486 2021 1524 vita
2050 1494 2179 1524 autern
2206 1485 2506 1535 contemplativa

1431 1541 1573 1579 reditur
1601 1540 1649 1578 ad
1677 1540 1797 1577 vitam
1834 1540 1998 1577 activam
2028 1552 2097 1589 per
2128 1539 2233 1577 viam
2273 1538 2504 1586 directionis,

1429 1603 1471 1632 ut
1500 1594 1641 1632 scilicet
1677 1594 1756 1631 vita
1785 1594 1909 1631 activa
1946 1606 2014 1643 per
2052 1593 2420 1642 contemplationem
2450 1592 2505 1630 di-

1430 1649 1583 1699 rigatur.
1623 1648 1728 1685 Sicut
1767 1647 1881 1684 etiam
1919 1659 1989 1696 per
2018 1646 2262 1696 operationes
2298 1646 2506 1695 acquiritur

1429 1701 1593 1748 habitus,
1616 1709 1652 1738 et
1674 1713 1744 1750 per
1763 1700 1938 1738 habitum
1959 1700 2187 1749 acquisitum
2217 1700 2421 1749 perfectius
2441 1699 2506 1737 ali—

1430 1755 1515 1805 quis
1544 1762 1736 1804 operatur,
1766 1762 1807 1791 ut
1835 1754 1971 1791 dicitur
1998 1754 2037 1791 in
2067 1755 2098 1790 II
2127 1754 2248 1791 Ethic.
2269 1752 2290 1775 '¹²

1483 1811 1542 1845 An
1571 1819 1734 1845 TERTIUM
1763 1819 1950 1844 DICENDUM
1971 1807 2078 1855 quod
2104 1807 2155 1844 illi
2184 1806 2249 1854 qui
2279 1814 2366 1842 sunt
2393 1806 2557 1855 proni¹'

1430 2023 1572 2071 gorius,
1594 2022 1633 2060 in
1653 2022 1704 2059 Vl
1724 2021 1873 2059 Moral.
1892 2020 1925 2069 ³¹³,
1955 2021 2063 2070 quod
2092 2019 2267 2058 nonnulli
2284 2020 2336 2058 ita
2354 2019 2511 2070 inquieti

1429 2082 1518 2114 sunt
1545 2082 1594 2122 ut,
1623 2076 1657 2113 si
1682 2075 1920 2113 vacationem
1948 2074 2091 2112 laboris
2117 2073 2331 2120 habuerint,
2348 2083 2510 2124 granius

1433 2131 1627 2168 laborent:
1657 2129 1746 2178 quia
1766 2134 1869 2167 tanto
1888 2128 2092 2166 deteriores
2115 2127 2240 2166 cordis
2257 2126 2439 2165 tumultus
2457 2133 2510 2166 to-

1432 2184 1566 2230 lerant,
1586 2188 1728 2232 quanto
1747 2183 1800 2220 eis
1821 2182 1990 2220 licentius
2008 2183 2060 2219 ad
2086 2181 2334 2232 cogitationes
2352 2186 2466 2220 vacat
2482 2178 2509 2218 ³.

1431 2257 1456 2267 -
1468 2237 1638 2284 Quidam
1654 2248 1750 2273 vero
1770 2236 1914 2273 habent
1932 2234 2154 2274 naturaliter
2170 2234 2289 2273 animi
2304 2234 2508 2285 puritatem

1433 2298 1471 2328 et
1498 2290 1678 2338 quietem,
1708 2301 1777 2338 per
1805 2301 1923 2338 quam
1952 2290 2000 2327 ad
2030 2288 2400 2338 contemplationem
2423 2285 2511 2329 suxit

1433 2343 1532 2392 apti:
1563 2343 1628 2392 qui
1658 2342 1688 2380 si
1717 2342 1879 2380 totaliter
1898 2341 2112 2380 actionibus
2133 2341 2375 2391 deputentur,
2398 2341 2510 2380 detri-

1433 2404 1609 2434 mentum
1643 2396 1896 2434 sustinebunt.
1933 2395 2045 2434 Unde
2085 2394 2293 2444 Gregorius
2332 2393 2442 2443 dicit,
2470 2394 2510 2432 in

1432 2451 1484 2487 VI
1504 2450 1650 2488 Moral.
1670 2449 1702 2497 *,
1734 2450 1840 2499 quod
1858 2449 2098 2498 quorundam
2122 2449 2319 2486 hominum
2348 2448 2400 2486 ita
2419 2448 2511 2486 otio-

1432 2516 1498 2541 sae
1525 2509 1667 2541 mentes
1693 2509 1783 2540 sunt
1809 2508 1860 2550 ut,
1878 2503 1913 2540 si
1939 2514 2003 2540 eos
2029 2502 2140 2540 labor
2167 2501 2425 2551 occupationis
2443 2513 2510 2539 ex-

1434 2558 1559 2606 cipiat,
1580 2557 1617 2594 in
1646 2557 1727 2606 ipsa
1746 2556 1975 2606 operationis
1995 2555 2233 2593 inchoatione
2250 2555 2509 2594 succumbant.

1488 2610 1584 2657 Sed,
1606 2610 1703 2648 sicut
1721 2610 1803 2659 ipse
1823 2617 1958 2659 postea
1976 2609 1997 2631 *
2017 2609 2166 2657 subdit,
2192 2620 2306 2658 saepe
2324 2614 2362 2646 et
2373 2608 2511 2660 pigras

1433 2670 1574 2701 mentes
1592 2676 1705 2701 amor
1732 2664 1784 2701 ad
1801 2675 1895 2713 opus
1918 2663 2078 2706 excitat,·
2105 2668 2142 2700 et
2158 2663 2344 2712 inquietas
2362 2662 2400 2700 in
2420 2673 2509 2702 coa·

1433 2718 1674 2766 templatione
1700 2718 1814 2760 timor
1841 2718 2022 2766 refrenat.
2051 2716 2164 2755 Unde
2193 2723 2231 2754 et
2257 2715 2308 2754 illi
2328 2715 2395 2766 qui
2422 2723 2511 2753 sunt

1405 2804 1407 2811 .
1433 2771 1553 2819 magis
1582 2771 1659 2820 apti
1689 2772 1738 2809 ad
1767 2771 1932 2809 activam
1961 2770 2094 2818 vitam,
2120 2777 2283 2820 possunt
2306 2781 2377 2819 per
2405 2781 2508 2807 exer-

307 2824 473 2874 disponit
501 2826 549 2863 ad
578 2825 931 2884 contemplativam,
953 2833 993 2861 ut
1022 2836 1066 2861 ex
1090 2836 1206 2873 supra
1224 2824 1244 2846 '¹‘
1273 2824 1379 2862 dictis
1405 2849 1406 2852 =

1433 2825 1563 2862 citium
1593 2825 1740 2862 activae
1770 2825 1820 2863 ad
1839 2823 2180 2873 contemplativam
2206 2823 2444 2874 praeparari:
2473 2830 2511 2861 et

1405 2889 1406 2926 ξ
1433 2878 1484 2916 illi
1505 2878 1754 2916 nihilominus
1769 2877 1835 2927 qui
1854 2885 1943 2916 sunt
1957 2877 2079 2926 magis
2097 2877 2149 2916 ad
2167 2875 2508 2925 contemplativam

1433 2932 1522 2982 apti,
1544 2939 1706 2981 possunt
1725 2931 1903 2970 exercitia
1920 2931 2022 2969 vitae
2047 2930 2193 2969 activae
2213 2929 2352 2976 subire,
2372 2937 2415 2967 ut
2441 2941 2510 2979 per

1404 3019 1406 3031 Α
1432 2986 1507 3023 hoc
1527 2986 1578 3023 ad
1607 2985 1970 3035 contemplationem
1998 2984 2206 3044 paratiores
2235 2982 2453 3021 reddantur.

1490 3119 1516 3152 γ)
1536 3118 1669 3144 similiter.
1680 3132 1699 3138 -
1717 3117 1877 3151 sinpliciter
1894 3117 1947 3149 PE,
1966 3122 1993 3143 et
2009 3121 2071 3150 pon
2090 3115 2178 3150 magis
2196 3116 2237 3142 ed.
2255 3122 2288 3146 a,-
2307 3121 2336 3142 ut
2355 3123 2403 3142 nos
2422 3116 2455 3143 G.

1489 3153 1514 3187 ὃ)
1534 3158 1622 3181 vacat.
1633 3167 1653 3175 -
1671 3157 1771 3181 vacant
1788 3154 1841 3180 PD.

930 3368 971 3370 -
974 3367 1248 3371 ------
1253 3328 1893 3410 *Qu——

2534 1778 2560 1801 S.

2613 1757 2752 1780 .„rurv.-

2615 1768 2755 1807 .I'eet.1,n,

2538 2025 2549 2036 ⁸
2557 2017 2666 2048 Lod-ott.

2537 2457 2548 2468 ⁸
2560 2456 2621 2480 thid.
