2768 4198
42 598 52 606 ⁸
66 595 101 617 Cf.
118 601 181 617 num.
197 601 218 616 v.

41 729 252 784 isias-..ztan

40 789 69 810 7r.

42 859 51 868 ⁸
65 857 100 879 Cf.
116 863 179 879 num.
194 863 224 878 vr.

44 1613 51 1622 ’
64 1611 133 1633 Num.
150 1618 165 1633 r.

43 3178 52 3186 ⁴
67 3175 136 3198 Num,
153 3182 177 3198 rr.

286 248 360 294 544

282 325 477 366 religiosum,
503 325 574 366 plus
598 325 751 365 importat
773 334 872 365 quarn
888 323 1085 363 ingressum:
1111 322 1267 363 quoniam
1283 331 1351 352 esse

281 370 466 410 religiosum
496 370 648 410 importat
683 378 749 399 esse
780 368 978 408 professum,
1004 374 1034 397 et
1068 365 1134 396 fieri
1165 366 1351 406 religiosum

281 415 434 455 importat
458 413 608 455 profiteri,
633 420 691 443 etc.

338 460 372 489 ln
396 459 586 499 oppositum
616 464 724 488 autem
748 463 812 491 est,
837 455 911 496 quia
934 455 1113 485 indistincte
1143 465 1202 495 pro
1230 464 1297 485 uno
1322 461 1352 484 et

282 547 508 578 determinatur
532 547 571 576 de
594 545 660 576 voti
684 544 780 575 huius
803 544 950 574 vinculo:
975 551 1011 574 ut
1034 550 1120 584 patet
1143 543 1290 574 intuenti.

338 592 376 623 11.
395 592 429 622 In
446 591 560 621 eodem
577 589 709 620 articulo
735 595 861 629 quarto,
879 588 1012 619 dubium
1031 589 1172 618 secundo
1187 587 1353 618 occurrit*

282 638 320 667 de
345 635 549 666 conclusione
576 633 758 674 principali:
789 636 856 669 An,
882 633 1016 669 scilicet,
1041 642 1161 662 vovens
1190 631 1352 672 religionis

280 681 458 721 ingressum
482 679 583 719 possit
605 678 689 709 licite
714 678 804 708 exire.
834 678 875 707 Et
898 677 978 708 ratio
1002 677 1090 707 dubii
1115 683 1162 707 est
1185 676 1261 717 quia
1284 686 1351 706 non

281 725 396 756 dicitur
410 723 532 754 venisse
548 723 602 763 qui
620 732 686 752 non
709 722 794 752 stetit
808 722 838 751 *z
864 731 899 752 ac
916 731 973 762 per
996 721 1068 758 hoc,
1086 731 1152 751 non
1169 721 1283 752 dicitur
1298 730 1350 751 ve-

281 770 363 800 nisse
388 768 427 798 ad
451 767 637 807 religionem
661 766 718 807 qui
741 776 806 796 non
831 766 916 797 stetit
938 766 971 796 in
995 766 1059 802 illa,
1084 766 1138 796 sed
1162 765 1257 796 exivit
1280 771 1351 795 ante

280 814 365 844 illius
385 811 628 853 professionem.
653 828 674 833 -
698 811 732 841 In
757 810 946 851 oppositum
971 818 1018 841 est
1039 810 1152 841 littera.

336 858 389 888 111.
414 856 449 887 In
474 857 588 887 eodem
612 855 744 886 articulo
768 862 892 896 quarto,
908 855 1043 886 dubium
1067 854 1159 886 tertio
1181 855 1274 884 est*:
1300 856 1351 884 An

279 902 349 933 talis
372 908 449 932 voto
474 900 610 942 simplici
634 900 802 940 obligatus,
819 899 924 930 exiens
948 899 1015 930 sine
1040 910 1134 930 causa
1161 898 1351 935 rationabili,

279 947 340 977 hoc
365 953 410 976 est
434 955 470 976 ex
494 945 562 976 sola
585 944 727 976 libertate
751 954 901 975 concessa
916 944 984 975 iure
1008 944 1146 980 novitiis,
1171 942 1354 974 satisfecerit

278 998 366 1028 voto,
384 998 443 1021 etc.
467 990 508 1020 Et
532 996 578 1020 est
594 989 673 1020 ratio
699 989 787 1019 dubii
810 989 886 1030 quia
909 1000 1012 1020 annus
1036 988 1234 1029 probationis
1251 998 1268 1018 a
1284 987 1352 1018 iure
1378 998 1379 1011 ³

279 1036 463 1067 conceditur
493 1044 568 1065 cum
598 1034 740 1064 libertate
773 1034 909 1064 exeundi
944 1034 1064 1075 absque
1096 1033 1156 1064 alia
1180 1042 1291 1069 causa,
1316 1039 1353 1063 ut

279 1087 380 1121 patet:
405 1090 441 1110 ac
465 1089 521 1119 per
543 1079 615 1115 hoc,
637 1078 795 1118 obligatus
819 1079 996 1109 secundum
1017 1078 1156 1109 formam
1180 1077 1256 1108 iuris
1281 1084 1353 1118 pot-

279 1132 326 1156 est
349 1134 386 1155 ex
408 1124 477 1155 sola
499 1123 641 1154 libertate
665 1123 749 1154 licite
773 1123 865 1155 exire.

335 1169 370 1200 In
393 1168 584 1210 oppositum
605 1175 713 1198 autem
730 1174 777 1198 est
793 1174 863 1198 tum
880 1167 1058 1199 infidelitas.
1084 1167 1169 1204 Quia
1186 1167 1268 1197 sicut
1284 1176 1351 1197 non

279 1213 352 1244 facit
375 1213 449 1245 satis
474 1212 663 1254 promittens
686 1212 730 1243 ire
754 1213 904 1248 Romam,
926 1212 951 1242 si
971 1212 1038 1242 sine
1055 1211 1232 1242 rationabili
1258 1221 1353 1242 causa
1378 1209 1379 1215 ¹

279 1265 408 1298 accepto
432 1257 543 1288 itinere
567 1257 708 1294 desistat;
733 1257 776 1288 ita
799 1267 866 1288 non
885 1255 1035 1288 satisfacit
1058 1256 1114 1297 qui
1138 1255 1285 1298 promisit
1308 1255 1352 1286 ire
1378 1293 1380 1295 v

1378 1303 1379 1320 ³
1406 1301 1543 1339 fectum,
1568 1311 1767 1343 perseverare
1799 1299 1981 1342 profitendo
2011 1301 2112 1332 illam:
2143 1301 2191 1332 sin
2223 1308 2346 1339 autem,
2369 1301 2482 1333 redire.

279 1347 346 1378 sine
369 1345 549 1378 rationabili
577 1356 672 1377 causa
696 1346 880 1377 retrocedit:
906 1356 981 1377 cum
1005 1346 1063 1377 iter
1085 1355 1152 1376 non
1183 1351 1354 1387 quaeratur
1378 1369 1379 1384 1

1378 1386 1379 1423 ἰ
1405 1398 1482 1422 voto
1500 1391 1576 1422 haec
1592 1398 1639 1422 est
1657 1390 1842 1427 differentia,
1859 1390 1950 1432 quod
1972 1390 2152 1431 Ingrediens
2168 1400 2205 1423 ex
2219 1398 2298 1423 voto
2321 1391 2484 1432 obligaturi

278 1303 318 1333 ad
334 1302 532 1343 religionem,
557 1302 593 1338 si,
619 1308 743 1342 arrepto
769 1301 940 1333 novitiatus
962 1301 1073 1332 itinere
1090 1301 1129 1331 ad
1153 1301 1351 1341 religionem,

280 1391 339 1422 nisi
363 1398 399 1422 ut
421 1390 554 1422 fideliter
577 1390 755 1432 arripiatur,
772 1398 803 1422 et
819 1397 1043 1432 prosequatur,
1064 1398 1121 1422 etc.
1139 1408 1160 1414 -
1174 1391 1264 1422 Turn
1288 1390 1351 1421 dis-

280 1437 405 1478 paritas,
434 1436 518 1467 Nam
541 1435 567 1466 si
589 1435 652 1466 hoc
675 1435 801 1466 licitum
824 1442 880 1472 est,
905 1435 1050 1477 sequitur
1072 1435 1162 1476 quod
1185 1445 1242 1476 par
1271 1441 1353 1465 esset

281 1480 422 1512 conditio
440 1480 551 1511 novitii
571 1490 646 1511 cum
665 1487 742 1511 voto
767 1480 940 1520 religionis,
962 1487 992 1511 et
1008 1480 1075 1510 sine
1099 1486 1188 1519 voto,
1205 1487 1241 1511 ut
1257 1486 1351 1520 patet.

280 1525 505 1566 Disparitatem
528 1531 633 1555 tamen
659 1535 808 1566 magnam
833 1534 900 1556 esse
923 1531 1047 1556 constat
1070 1524 1151 1555 inter
1174 1524 1351 1566 obligatum

280 1577 357 1601 voto
381 1570 421 1600 ad
444 1569 641 1610 religionem,
658 1575 690 1600 et
713 1569 803 1600 nullo
826 1576 904 1600 voto
929 1569 1114 1600 adstrictum
1138 1569 1177 1599 ad
1201 1569 1299 1600 illam.

338 1615 390 1646 lV.
415 1614 466 1644 Ad
488 1614 630 1654 primum
654 1613 822 1644 dubium*
845 1613 960 1644 dicitur
992 1613 1082 1654 quod
1105 1619 1219 1644 votum
1243 1614 1282 1644 de
1304 1613 1350 1643 in—

280 1703 435 1745 quoniam
458 1702 580 1742 ingredi
604 1702 791 1742 religionem
813 1709 845 1733 et
867 1701 932 1732 fieri
953 1701 1140 1742 religiosum
1155 1702 1242 1733 idem
1258 1709 1349 1739 sunt;

280 1747 451 1778 novitiatus
481 1747 567 1777 enim
598 1746 676 1777 nihil
707 1746 793 1777 aliud
818 1753 864 1777 est
887 1757 986 1788 quam
1016 1754 1125 1777 motus
1156 1746 1196 1776 ad
1226 1746 1350 1787 religio·
1377 1738 1379 1770 ι’

280 1802 364 1823 nem.
382 1791 503 1822 Verum
520 1791 602 1822 sicut
616 1791 648 1822 in
664 1790 869 1831 generatione
892 1790 1026 1822 naturali
1050 1791 1210 1822 invenitur
1233 1791 1351 1831 duplex

279 1836 355 1872 fieri,
380 1836 497 1867 scilicet
520 1835 587 1866 fieri
611 1836 642 1866 in
663 1836 800 1867 termino
823 1835 1052 1877 generationis,
1077 1836 1166 1877 quod
1191 1843 1238 1866 est
1264 1835 1350 1866 idem

279 1881 369 1923 quod
392 1880 512 1911 factum
529 1890 606 1917 esse,
624 1887 654 1911 et
673 1879 739 1911 fieri
762 1880 795 1911 in
818 1880 879 1917 via,
893 1881 981 1922 quod
1002 1880 1034 1910 in
1058 1880 1244 1912 alteratione
1262 1890 1351 1921 prae-

278 1926 328 1956 via
351 1925 496 1956 consistit
520 1932 551 1956 et
574 1924 779 1965 distinguitur
802 1936 819 1956 a
844 1925 927 1957 facto
951 1934 1038 1956 esse:
1073 1925 1115 1956 ita
1138 1925 1171 1957 in
1197 1925 1350 1966 religione

278 1970 438 2001 invenitur
468 1970 586 2011 duplex
615 1968 683 2000 fieri
713 1969 908 2010 religiosum.
937 1970 1057 2006 Unum,
1082 1970 1171 2011 quod
1196 1976 1243 2000 est
1264 1969 1351 2001 idem

278 2014 368 2056 quod
391 2014 511 2046 factum
536 2024 602 2045 esse
627 2014 828 2055 religiosum:
858 2022 889 2046 et
913 2015 974 2046 hoc
998 2014 1142 2046 consistit
1168 2014 1201 2045 in
1229 2014 1350 2055 profes-

279 2059 384 2095 sione;
409 2069 485 2090 nam
508 2058 707 2100 professione
731 2059 846 2100 aliquis
869 2058 904 2091 fit
928 2066 958 2091 et
978 2059 1079 2090 factus
1103 2066 1149 2091 est
1168 2058 1351 2100 religiosus;

278 2104 345 2145 ipsa
370 2103 455 2135 enirn
479 2103 678 2144 professione
694 2104 899 2135 constituitur
921 2104 1036 2146 aliquis
1053 2103 1085 2134 in
1102 2114 1170 2135 esse
1191 2103 1350 2144 religioso,

279 2156 310 2180 et
331 2148 367 2180 fit
390 2149 496 2189 primo
521 2148 698 2189 religiosus.
723 2149 879 2186 Alterum,
905 2149 995 2190 quod
1019 2155 1065 2180 est
1088 2148 1138 2179 via
1162 2149 1202 2179 ad
1226 2149 1351 2190 religio-

279 2203 352 2224 sum
378 2203 463 2231 esse,
493 2200 524 2224 et
553 2193 758 2234 distinguitur
781 2205 799 2224 a
823 2193 944 2225 facturn
971 2202 1053 2224 esse:
1086 2201 1117 2224 et
1147 2193 1289 2225 consistit
1317 2193 1350 2224 in

280 2238 447 2270 novitiatu.
472 2237 608 2270 Constat
630 2245 739 2270 autem
761 2239 851 2279 quod
874 2249 995 2270 vovens
1018 2248 1051 2269 se
1075 2237 1141 2269 fieri
1164 2237 1350 2279 religiosum

279 2283 311 2313 in
329 2282 412 2314 facto
429 2292 506 2319 esse,
523 2289 619 2314 vovet
633 2290 821 2324 perpetuam
838 2282 1122 2324 perseverantiam:
1147 2293 1182 2314 ac
1198 2292 1255 2324 per
1278 2284 1350 2320 hoc,

279 2327 415 2358 intendit
436 2326 535 2365 illam,
549 2337 648 2368 quam
671 2327 821 2358 vovendo
845 2327 1012 2368 promittit.
1036 2326 1166 2358 Vovens
1189 2333 1297 2358 autern
1318 2337 1350 2358 se

280 2371 346 2402 fieri
370 2378 406 2402 ut
429 2371 461 2402 in
481 2371 542 2407 via,
566 2379 672 2412 potest
695 2382 761 2405 non
785 2372 947 2402 intendere
970 2377 1026 2402 aut
1041 2371 1225 2411 promittere
1249 2381 1352 2412 perse-

279 2415 453 2447 verantiam
477 2423 665 2456 perpetuam
689 2416 845 2448 absolute.
870 2417 911 2447 Et
933 2416 1017 2452 ideo,
1038 2425 1113 2446 cum
1136 2415 1169 2446 in
1193 2425 1267 2447 casu
1292 2426 1349 2456 po-

280 2460 341 2491 sito
371 2467 572 2501 supponatur
600 2468 752 2493 neutrum
780 2460 877 2492 fuisse
901 2461 939 2491 de
971 2459 1164 2500 cogitatione
1194 2467 1224 2492 et
1247 2460 1349 2492 inten-

280 2504 367 2536 tione
382 2505 537 2542 voventis,
555 2505 673 2537 scilicet
689 2515 746 2536 nec
763 2515 959 2547 perseverare
979 2515 1037 2536 nec
1055 2515 1120 2536 non
1143 2515 1350 2546 perseverare,

280 2549 352 2580 ideo
377 2549 561 2590 simpliciter
584 2549 756 2581 dicendum
781 2557 827 2581 est
850 2549 940 2591 quod
963 2556 1059 2581 vovet
1082 2560 1114 2580 se
1138 2548 1204 2580 fieri
1224 2550 1350 2591 religio-

280 2604 353 2625 sum
377 2601 413 2625 ut
435 2593 468 2624 in
484 2593 550 2631 via;
575 2594 664 2636 quod
682 2602 727 2625 est
751 2594 837 2626 idem
860 2594 951 2636 quod
966 2594 1088 2636 ingredi
1112 2594 1299 2635 religionem
1316 2601 1351 2626 ut

281 2638 438 2677 novitius,
462 2639 617 2680 quoniam
642 2639 813 2671 novitiatus
838 2639 917 2670 nihil
940 2638 1027 2670 aliud
1051 2645 1098 2670 est
1120 2649 1218 2680 quam
1239 2639 1288 2670 via
1312 2639 1351 2670 ad

281 2683 478 2724 religionem.

335 2728 383 2759 De
406 2735 542 2760 vovente
558 2735 666 2759 autem
681 2728 771 2770 quod
786 2729 848 2760 erit
863 2728 1048 2770 religiosus,
1067 2738 1159 2760 secus
1175 2735 1232 2760 est.
1257 2729 1351 2766 Nam,

280 2779 437 2814 quantum
462 2779 509 2804 est
532 2783 569 2804 ex
593 2780 703 2804 natura
727 2773 805 2809 voti,
830 2779 955 2804 tenetur
977 2773 1018 2804 ad
1041 2773 1102 2804 hoc
1126 2773 1216 2815 quod
1240 2772 1279 2804 sit
1302 2783 1350 2804 re-

280 2816 422 2856 ligiosus.
455 2817 495 2848 Et
519 2827 594 2848 cum
618 2827 684 2848 non
708 2817 748 2848 sit
770 2817 885 2859 aliquis
909 2816 1075 2858 religiosus
1099 2817 1159 2848 nisi
1190 2817 1352 2859 professus

281 2860 375 2892 fuerit
391 2861 587 2902 religionem,
605 2861 760 2903 quoniam
778 2861 890 2893 novitii
914 2871 980 2892 non
997 2868 1071 2893 sunt
1094 2861 1153 2892 nisi
1174 2863 1351 2894 secundum

280 2906 358 2947 quid
382 2905 530 2947 religiosi,
555 2906 673 2938 scilicet
696 2906 728 2937 in
752 2906 818 2943 via;
847 2913 973 2938 tenetur·
996 2907 1036 2937 ad
1060 2905 1272 2947 profitendam
1305 2917 1351 2938 re-

280 2950 445 2990 ligionem.
461 2968 482 2974 —
495 2951 614 2983 -Potest
637 2958 744 2982 tamen
761 2961 818 2991 per
833 2950 988 2987 accidens,
1007 2951 1125 2982 scilicet
1140 2961 1176 2982 ex
1201 2958 1288 2992 parte
1305 2952 1351 2983 in-

281 2995 431 3026 tentionis
455 2995 600 3027 voventis
622 2995 711 3037 largo
735 2996 894 3027 vocabulo
918 2995 1111 3027 intendentis
1135 3005 1202 3027 esse
1221 2996 1352 3038 religio-

280 3049 373 3077 sum,
399 3046 434 3071 ut
464 3039 582 3071 scilicet
605 3050 779 3072 commune
811 3048 857 3073 est
888 3040 1015 3072 novitiis
1047 3048 1077 3072 et
1107 3040 1276 3081 professis,
1302 3051 1353 3072 ae-

281 3083 440 3124 quivalere
465 3084 526 3115 hoc
554 3091 669 3116 votum
692 3091 769 3116 voto
793 3085 832 3115 de
863 3084 1005 3125 ingressu
1030 3093 1060 3116 et
1084 3085 1122 3116 de
1146 3084 1212 3116 fieri
1228 3085 1351 3127 religio-

282 3138 364 3159 sum.

339 3173 376 3203 V.
410 3173 460 3203 Ad
488 3174 666 3204 secundum
697 3173 866 3204 dubium*
896 3173 1011 3205 dicitur·
1041 3174 1130 3215 quod
1158 3183 1270 3205 verum
1307 3181 1355 3205 est

282 3227 347 3247 non
371 3217 493 3247 venisse
518 3228 593 3248 eum
617 3218 672 3259 qui
697 3228 762 3248 non
788 3218 872 3249 stetit
896 3219 935 3249 ad
955 3218 986 3249 id
1011 3229 1069 3259 pro
1094 3228 1160 3260 quo
1184 3218 1280 3250 venit.
1306 3217 1353 3250 ‘Et

282 3261 353 3291 ideo
377 3261 554 3302 ingrediens
571 3262 767 3303 religionem,
784 3272 857 3293 cum
872 3262 976 3294 veniat
999 3263 1038 3293 ad
1063 3263 1222 3304 religionis
1239 3264 1353 3304 proba-

282 3305 414 3342 tionem,
439 3316 504 3337 non
529 3306 684 3338 diceretur
706 3306 829 3338 venisse
852 3307 887 3343 si,
908 3307 1077 3348 ingressus,
1102 3308 1221 3349 absque
1238 3309 1353 3349 proba·
1379 3327 1380 3330 =

283 3349 370 3379 tione
394 3351 611 3382 retrocederet.
643 3351 704 3382 Sed
729 3351 753 3382 si
778 3351 960 3392 probationi
984 3362 1116 3393 operam
1144 3352 1213 3390 dat,
1238 3353 1354 3384 dicitur

283 3393 405 3424 venisse
431 3395 470 3424 ad
495 3395 680 3436 religionem
705 3396 922 3436 probandam:
953 3396 1028 3437 quia
1052 3404 1112 3428 stat
1135 3396 1167 3427 in
1191 3396 1352 3438 religionis

284 3437 481 3478 probatione.
511 3439 687 3477 Quocirca,
712 3440 794 3471 sicut
821 3447 937 3481 sponte
964 3441 1144 3481 ingrediens
1166 3441 1352 3483 religionem

284 3488 315 3513 et
337 3481 370 3512 in
394 3482 582 3522 probatione
604 3484 690 3515 illius
714 3495 746 3516 se
770 3495 916 3516 exercens
941 3491 971 3516 et
994 3485 1204 3526 postmodum
1236 3485 1351 3523 exiens,

284 3525 398 3557 dicitur
427 3527 549 3558 venisse
573 3534 604 3558 et
626 3529 763 3565 stetisse,
788 3529 863 3570 quia
886 3529 973 3561 venit
995 3530 1035 3561 ad
1062 3529 1249 3570 religionem
1279 3540 1352 3571 pro—

283 3570 423 3601 bandam
441 3576 472 3602 et
493 3570 526 3602 in
550 3572 739 3612 probatione
761 3573 860 3610 stetin
885 3573 928 3605 ita
944 3584 982 3604 ex
999 3580 1076 3605 voto
1101 3574 1279 3615 ingrediens
1302 3583 1351 3605 re-

283 3614 454 3655 ligionem,
480 3621 523 3653 et,
548 3616 714 3656 probando
743 3617 847 3653 illam,
872 3618 1001 3648 tandem
1031 3618 1153 3655 exiens,
1181 3618 1295 3649 dicitur
1322 3625 1352 3649 et

899 245 1167 292 QUAESTIO
1198 243 1450 290 CLXXXIX,
1479 244 1780 281 ARTICULUS
1811 245 1863 282 IV

1405 322 1528 352 venisse
1552 329 1583 353 et
1606 323 1738 359 stetisse,
1757 323 1868 353 eadem
1893 322 2026 354 ratione.
2051 324 2144 355 Unde
2169 323 2248 355 nihil
2271 324 2377 356 obstat
2400 323 2482 355 dicta

1377 376 1379 385 ¹
1405 367 1515 406 regula
1538 367 1738 397 conclusioni
1763 367 1859 397 huius
1883 367 2016 398 articuli.

1462 411 1515 441 Vl.
1541 411 1592 441 Ad
1615 411 1744 441 tertium
1769 411 1904 442 dubium
1922 411 1940 431 *
1963 412 2079 443 dicitur
2103 412 2193 453 quod
2211 412 2270 443 iste
2294 419 2419 443 tenetur
2442 412 2483 442 ad

1377 453 1379 492 ζ
1405 455 1585 495 ingressum
1605 455 1766 495 religionis
1790 456 1970 486 secundum
1989 456 2127 487 formam
2150 456 2238 487 iuris.
2262 457 2304 487 Et
2321 457 2483 497 ingressus

282 504 396 534 eodem
420 502 581 542 religionis
596 509 673 532 voto
690 501 722 530 in
746 500 848 530 littera
872 507 1086 540 computatur,
1112 499 1137 528 si
1161 498 1353 529 sufficienter
1378 514 1379 521 κ

1406 500 1585 530 secundum
1601 499 1740 530 formam
1764 500 1852 537 iuris,
1869 510 1908 531 ex
1923 507 2036 532 natura
2053 508 2151 538 actus,
2170 501 2336 532 ordinatur
2350 501 2390 531 ad
2405 511 2482 541 pro-

1405 544 1585 574 bationem:
1603 544 1759 584 quoniam
1782 544 1856 575 ideo
1870 544 2047 585 ingreditur
2061 545 2135 586 quis
2151 545 2338 586 religionem
2354 552 2392 576 ut
2405 555 2482 586 pro-

1404 589 1458 619 bet
1481 597 1567 625 eam;
1592 588 1736 629 alioquin
1761 598 1862 619 vanus
1886 596 1968 620 esset
1994 590 2163 630 ingressus,
2189 590 2309 621 vanitas
2333 596 2441 621 autem
2463 599 2483 620 a

1405 643 1495 663 more
1519 640 1550 663 et
1572 633 1641 673 lege
1658 632 1760 664 aliena
1776 641 1834 664 est.
1858 633 2008 664 Probatio
2033 641 2142 665 autem
2165 634 2337 675 religionis,
2354 634 2436 665 sicut
2451 640 2484 665 et

1405 677 1562 718 cuiusque
1582 677 1625 707 rei
1650 677 1810 717 probatio,
1831 677 1856 707 si
1880 678 1966 708 bona
1989 677 2052 709 fide
2074 678 2119 715 fit,
2140 679 2308 710 ordinatur
2330 679 2371 710 ad
2395 688 2482 710 acce-

1378 736 1380 742 *
1405 722 1582 762 ptationem
1606 721 1632 752 si
1648 721 1794 752 inventae
1818 721 1937 754 fuerint
1952 722 2154 754 conditiones
2177 723 2262 754 illius
2285 730 2392 764 gratae
2409 733 2482 765 pro-

1405 766 1503 797 banti.
1528 767 1626 797 Recta
1650 776 1791 807 namque
1806 766 1886 797 ratio
1903 776 1970 797 non
1989 767 2127 798 admittit
2143 774 2180 798 ut
2196 767 2319 809 aliquid
2342 769 2482 809 proban-

1405 811 1485 841 dum
1509 811 1610 847 detur,
1628 818 1668 847 et,
1685 811 1822 842 inventis
1839 811 1991 842 omnibus
2014 812 2166 852 probatae
2182 811 2226 844 rei
2243 812 2483 844 conditionibus

1404 855 1509 896 gratis,
1528 855 1697 886 refutetur:
1724 855 1838 886 frustra
1854 855 1941 886 enirn
1964 862 2046 886 esset
2068 856 2225 897 probatio,
2243 857 2279 894 si,
2296 864 2363 888 tam
2385 856 2481 898 gratis

1405 910 1504 941 quam
1522 910 1587 930 non
1603 900 1698 940 gratis
1722 900 1858 931 inventis
1876 900 2126 937 conditionibus,
2144 907 2225 932 esset
2249 900 2387 942 paritura
2404 911 2480 932 eun-

1406 945 1478 976 dem
1504 944 1662 976 effectum.
1690 944 1747 976 Est
1770 944 1865 985 igitur
1887 944 2047 985 ingressus
2077 944 2149 976 finis
2173 945 2337 986 probatio:
2367 946 2481 986 proba-

1406 989 1501 1020 tionis
1526 997 1634 1020 autem
1665 988 1736 1019 finis
1760 995 1922 1029 gratarum
1945 990 1995 1020 vel
2026 989 2221 1030 ingratarum
2257 989 2482 1020 conditionum

1405 1034 1565 1070 inventio,
1589 1034 1632 1064 ita
1656 1034 1746 1074 quod
1768 1033 1961 1064 inventionis
1982 1040 2146 1074 gratarum
2169 1033 2241 1065 finis
2270 1041 2316 1065 est
2338 1034 2482 1075 acceptio

1406 1078 1586 1119 religionis,
1611 1078 1806 1118 ingratarum
1831 1085 1949 1115 autem,
1970 1078 2128 1110 refutatio.
2152 1079 2194 1109 Et
2209 1085 2296 1120 patet
2318 1079 2399 1110 ordo
2423 1078 2482 1110 iste

1407 1133 1444 1154 ex
1468 1131 1581 1155 natura
1604 1130 1754 1159 actuum;
1779 1130 1810 1154 et
1833 1132 1870 1154 ex
1889 1122 2055 1154 communi
2079 1122 2329 1164 ingredientium
2355 1122 2482 1165 religio-

1406 1178 1483 1199 nem
1506 1167 1694 1199 intentione.
1723 1167 1951 1199 Communiter
1969 1168 2056 1198 enim
2084 1168 2256 1199 intendunt
2277 1167 2428 1209 experiri,
2450 1174 2482 1202 et

1406 1213 1432 1243 si
1456 1212 1656 1243 conditiones
1680 1211 1841 1253 religionis
1864 1211 2027 1244 invenient
2049 1219 2153 1253 gratas
2175 1211 2325 1250 totaliter,
2348 1210 2412 1244 hoc
2434 1218 2483 1244 est

1406 1264 1436 1289 et
1460 1257 1638 1288 secundum
1662 1267 1695 1287 se
1719 1264 1750 1288 et
1772 1257 1805 1287 in
1835 1256 1947 1288 ordine
1971 1257 2011 1288 ad
2041 1267 2114 1287 suas
2141 1257 2223 1289 vires
2238 1255 2279 1288 'et
2305 1262 2404 1288 suurn
2433 1256 2479 1298 af·

1406 1347 1491 1385 Quia
1515 1346 1611 1387 igitur
1633 1346 1715 1377 inter
1736 1346 1967 1387 ingredientem
1995 1353 2111 1387 sponte
2133 1352 2166 1377 et
2188 1345 2420 1387 ingredientem
2442 1352 2482 1378 ex

1406 1446 1443 1467 ex
1466 1435 1533 1467 voti
1556 1435 1685 1467 vinculo
1709 1436 1750 1466 ad
1773 1435 1806 1466 id
1830 1435 1920 1477 quod
1943 1443 2059 1476 sponte
2081 1435 2212 1468 inchoat
2242 1436 2328 1467 bona
2351 1434 2415 1477 fide
2435 1434 2483 1474 11⁸7

1405 1481 1550 1521 grediens
1574 1480 1641 1511 sine
1664 1487 1757 1516 voto;
1783 1486 1814 1511 et
1836 1479 2017 1521 ingrediens
2041 1479 2107 1512 sine
2126 1486 2205 1512 voto
2230 1472 2324 1512 debet
2347 1480 2482 1521 probare

1378 1529 1379 1561 1
1405 1525 1610 1567 religionem,
1635 1531 1681 1562 et,
1707 1524 1732 1555 si
1757 1523 1867 1555 omnia
1890 1525 2028 1556 totaliter
2049 1530 2137 1566 grata
2160 1523 2314 1562 inveniet,
2339 1525 2482 1567 persever

1378 1576 1379 1585 ¹
1406 1579 1489 1606 rare,
1514 1569 1657 1611 alioquin
1682 1570 1785 1600 bonae
1810 1568 1882 1600 fidei
1906 1568 1986 1600 ratio
2011 1579 2077 1600 non
2108 1569 2263 1601 salvatur:
2295 1575 2423 1610 oportet
2436 1571 2487 1601 *ut

1378 1613 1379 1652 ζ
1405 1614 1585 1654 ingrediens
1609 1623 1646 1645 ex
1669 1621 1747 1645 voto
1780 1620 1925 1645 teneatur
1947 1613 1988 1644 ad
2011 1614 2226 1655 probandum,
2251 1620 2292 1649 et,
2317 1613 2344 1644 si
2371 1613 2483 1645 omnia

280 1669 388 1699 gressu
408 1658 580 1698 religionis,
597 1666 628 1690 et
644 1665 757 1689 votum
774 1658 814 1690 de
818 1658 901 1699 fieri
915 1658 1117 1699 religiosum,
1134 1658 1350 1699 aequivalent:
1378 1659 1379 1683 l

1405 1659 1552 1695 totaliter,
1578 1667 1613 1690 ut
1636 1659 1831 1690 declaratum
1855 1665 1911 1696 est,
1927 1666 2015 1699 grata
2038 1658 2190 1695 inveniet,
2203 1665 2334 1692 ,tenetur
2357 1668 2395 1691 ex
2412 1658 2484 1692 vin·-

1405 1704 1479 1734 culo
1505 1703 1553 1733 sui
1577 1703 1672 1743 primi
1692 1702 1759 1734 voti
1783 1713 1981 1743 perseverare
2005 1702 2187 1744 profitendo
2210 1703 2409 1744 religionem.
2435 1700 2483 1737 lta

1405 1748 1495 1789 quod
1519 1757 1585 1778 non
1609 1754 1716 1788 potest
1739 1756 1776 1778 ex
1795 1747 1863 1778 sola
1887 1747 2010 1778 ratione
2032 1747 2184 1779 libertatis
2206 1747 2240 1778 in
2256 1747 2324 1779 iure
2347 1747 2481 1789 scriptae

1381 1817 1385 1820 .
1404 1792 1616 1824 retrocedere:
1642 1792 1697 1822 sed
1713 1797 1875 1832 oporteret
1891 1791 2033 1833 aliquam
2050 1792 2159 1823 adesse
2176 1792 2397 1831 conditionem
2413 1802 2480 1823 non

1404 1843 1543 1878 gratam,
1569 1836 1681 1867 saltem
1703 1835 1813 1873 istam,
1838 1835 1956 1867 scilicet
1979 1835 2068 1877 quod
2095 1836 2229 1877 probata
2259 1835 2369 1878 religio
2392 1834 2483 1878 'parit

1405 1881 1464 1912 sibi
1480 1881 1640 1912 minorem
1657 1880 1879 1912 fortitudinem
1895 1881 2058 1922 roburque
2077 1880 2187 1912 minus
2200 1880 2299 1912 animi
2323 1880 2485 1922 adripiat

1405 1925 1681 1967 perseverantiam,
1699 1932 1731 1956 et
1753 1932 1922 1966 propterea
1945 1925 2036 1956 timet
2059 1935 2100 1956 ne
2123 1925 2156 1956 in
2177 1935 2329 1966 processu
2353 1925 2482 1967 tepidas

1404 1970 1593 2007 inveniatur,
1617 1980 1653 2001 ac
1677 1980 1733 2011 per
1756 1970 1818 2001 hoc
1842 1969 1949 2001 minus
1973 1970 2053 2002 bene
2076 1979 2136 2011 pro
2159 1969 2266 2001 anima
2289 1980 2358 2003 sua.
2383 2003 2387 2011 ,

1460 2015 1526 2046 Nec
1550 2015 1612 2046 hoc
1635 2022 1682 2046 est
1706 2022 1815 2046 contra
1838 2013 2015 2046 libertatem
2035 2025 2053 2045 a
2075 2014 2144 2046 iure
2168 2006 2489 2056 concessam.,Quo,—,

1405 2059 1491 2090 niam
1515 2059 1642 2091 libertas
1665 2059 1719 2090 illa
1742 2059 1774 2090 in
1799 2058 1870 2090 foro
1895 2058 2106 2091 ecclesiastico
2129 2059 2253 2090 nullam
2269 2058 2364 2100 exigit
2387 2056 2486 2101 ratic»,

1405 2114 1494 2141 nem,
1519 2105 1575 2136 sed
1599 2103 1715 2135 sufficit
1737 2104 1828 2146 quod
1852 2103 1993 2136 novitius
2017 2103 2114 2140 dicat,
2138 2103 2224 2136 Nolo
2247 2104 2391 2146 amplius
2406 2098 2486 2136 ’ὠέ

1405 2150 1586 2181 vobiscum:
1614 2149 1670 2180 sed
1701 2148 1734 2180 in
1758 2148 1831 2180 foro
1859 2148 2087 2186 conscientiae,
2113 2157 2195 2191 quae
2227 2157 2275 2180 est
2301 2148 2485 2181 secundum*

1404 2201 1522 2226 rectam
1545 2193 1712 2230 rationem,
1738 2193 1845 2235 aliqua
1869 2193 2003 2235 exigitur
2026 2193 2107 2225 ratio
2130 2193 2266 2226 alicuius
2288 2193 2323 2225 in
2345 2193 2480 2235 probata

1403 2239 1556 2280 religione
1584 2237 1777 2270 conditionis
1797 2237 1905 2270 minus
1927 2245 2046 2279 gratae,
2064 2239 2299 2279 utu-probatum
2323 2244 2379 2271 est.
2396 2255 2416 2262 —
2439 2238 2485 2271 Et

1403 2282 1620 2315 confirmatur.
1645 2282 1730 2320 Quia
1744 2292 1848 2314 annus
1865 2282 2062 2324 probationis
2081 2282 2265 2314 communis
2289 2289 2336 2314 est
2357 2278 2480 2331 novitio

1404 2335 1435 2359 et
1458 2327 1613 2368 religioni.
1639 2327 1774 2358 Constat
1796 2334 1904 2358 autem
1928 2327 2029 2368 quod,
2053 2327 2079 2358 si
2102 2333 2178 2368 post
2200 2328 2373 2368 probatum
2389 2326 2480 2359 novi-

1403 2372 1486 2404 tium
1506 2371 1594 2402 nulla
1616 2371 1738 2412 ingrata
1761 2371 1906 2412 religioni
1929 2371 2072 2403 conditio
2096 2371 2244 2409 occurrit,
2261 2371 2286 2402 si
2310 2371 2421 2413 religio
2443 2381 2480 2404 ex

1404 2417 1473 2448 sola
1494 2416 1637 2447 libertate
1661 2416 1811 2447 refutaret
1834 2415 2008 2452 novitium,
2033 2417 2072 2447 ab
2096 2416 2187 2447 omni
2211 2416 2352 2457 sapiente
2376 2425 2480 2458 repra·

1404 2461 1604 2498 henderetur,
1630 2467 1661 2492 et
1684 2471 1749 2492 non
1769 2461 1855 2492 bona
1871 2460 1934 2492 fide
1957 2471 2049 2501 agere
2073 2470 2148 2492 cum
2172 2461 2296 2492 novitio
2313 2461 2478 2493 diceretur.

1403 2505 1474 2537 Pari
1498 2515 1573 2546 ergo
1589 2505 1721 2542 ratione,
1741 2505 1880 2537 novitius
1903 2505 2007 2537 malae
2022 2504 2096 2536 fidei
2113 2515 2185 2537 reus
2203 2512 2250 2538 est
2264 2515 2374 2538 coram
2396 2506 2479 2543 Deo,

1404 2550 1429 2581 si
1445 2561 1482 2581 ex
1499 2550 1567 2581 sola
1585 2549 1729 2582 libertate
1745 2550 1928 2582 retrocedit:
1954 2550 2101 2591 quamvis
2122 2550 2154 2581 in
2176 2549 2387 2582 ecclesiastico
2400 2549 2479 2588 ,foro

1405 2595 1484 2626 nihil
1509 2594 1567 2626 sibi
1591 2594 1653 2625 dici
1678 2594 1789 2635 possit.

1460 2639 1572 2671 Peccat
1595 2649 1671 2679 ergo
1689 2646 1822 2681 uterque
1845 2638 2005 2680 ingressus
2028 2639 2228 2680 religionem,
2252 2639 2278 2670 si
2295 2648 2332 2670 ex
2352 2638 2420 2671 sola
2442 2638 2479 2670 li·

1405 2685 1524 2716 bertate
1548 2684 1732 2715 retrocedat.
1764 2683 1827 2715 Sed
1849 2683 2010 2726 ingressus
2033 2684 2101 2715 sine
2124 2690 2202 2715 voto
2226 2683 2388 2715 venialiter
2412 2690 2481 2715 tan-

1378 2755 1379 2760 ,
1405 2735 1476 2760 turn
1492 2735 1611 2770 peccat.
1645 2729 1808 2769 Ingressus
1839 2734 1948 2760 autem
1980 2720 2018 2760 ἒι
2040 2735 2118 2760 voto
2146 2735 2256 2769 peccat
2286 2728 2478 2761 mortaliter:

1405 2773 1480 2815 quia
1504 2783 1541 2804 ex
1567 2780 1645 2804 voto
1677 2773 1863 2814 intelligitur
1886 2783 1919 2804 se
1950 2773 2107 2815 obligasse
2135 2773 2175 2804 ad
2199 2774 2285 2815 bona
2314 2772 2377 2805 fide
2406 2782 2481 2814 pro·

1406 2818 1559 2854 bandum,
1584 2818 1674 2860 quod
1698 2828 1764 2849 non
1791 2824 1904 2849 servat.

1460 2863 1501 2894 Et
1525 2872 1581 2904 per
1604 2862 1681 2893 haec
1705 2868 1791 2904 patet
1814 2862 1982 2903 responsio
2006 2862 2046 2893 ad
2071 2861 2206 2894 obiecta.
2457 2891 2460 2895 .

1462 2907 1530 2939 Vll.
1555 2907 1596 2939 Et
1619 2907 1645 2938 si
1669 2907 1774 2938 adhuc
1797 2906 1966 2938 obiiciatur
1989 2917 2026 2938 ex
2055 2906 2167 2944 littera,
2188 2906 2264 2948 quia
2287 2905 2321 2937 in
2345 2915 2478 2946 respon-

1378 2959 1380 2964 ’
1405 2951 1496 2983 sione
1519 2952 1560 2983 ad
1583 2951 1762 2983 secundum
1792 2951 1921 2983 dicitur:
1950 2951 2013 2983 Ille
2035 2952 2090 2993 qui
2113 2951 2304 2993 religionem
2334 2950 2480 2992 ingredi-

1406 3002 1472 3034 tur,
1497 2998 1526 3027 si
1548 3002 1653 3034 exeat,
1674 2997 1868 3037 praesertim
1889 3006 1931 3027 ex
1945 2997 2056 3037 aliqua
2073 2995 2261 3027 rationabili
2282 3004 2395 3033 causa,
2413 3005 2478 3027 non

1405 3046 1544 3083 generat
1566 3041 1771 3079 scandalum,
1788 3047 1860 3072 etc.:
1877 3057 1900 3065 -
1916 3050 1952 3072 ex
1976 3051 2015 3072 eo
2032 3039 2118 3072 enim
2133 3039 2223 3082 quod
2241 3039 2432 3080 interposuit
2447 3039 2480 3082 ly

1379 3113 1381 3135 Ι
1402 3086 1609 3127 praesertim,
1623 3086 1754 3117 denotat
1769 3085 1857 3127 quod
1874 3085 1971 3116 etiam
1983 3084 2050 3116 sine
2066 3083 2246 3116 rationabili
2262 3094 2357 3115 causa
2373 3084 2480 3116 exiens

1379 3141 1381 3164 ε
1407 3140 1473 3161 non
1497 3129 1696 3167 scandalizat,
1720 3130 1797 3172 qula
1811 3129 1901 3171 jacit
1921 3129 2007 3171 quod
2026 3127 2087 3160 sibi
2109 3129 2192 3161 licet.
2216 3146 2236 3151 —
2260 3129 2424 3161 Praeterea
2446 3129 2479 3160 in

1407 3175 1616 3214 responsione
1639 3175 1680 3205 ad
1704 3174 1833 3206 tertium
1864 3173 1994 3205 dicitur:
2023 3173 2165 3204 Tenetur
2194 3178 2230 3204 ut
2257 3174 2372 3205 saltem
2405 3173 2481 3205 velit

1407 3221 1551 3260 experiri
1572 3230 1615 3250 an
1631 3221 1661 3250 ei
1684 3219 1835 3260 expediat
1850 3219 1883 3250 in
1899 3218 2059 3260 religione
2075 3226 2264 3249 remanere:
2287 3228 2351 3250 non
2368 3222 2477 3250 autem

1406 3269 1534 3295 tenetur
1554 3264 1599 3296 ad
1615 3269 1774 3305 perpetuo
1790 3262 2036 3294 remanendum.
2061 3262 2108 3293 Ex
2124 3262 2183 3294 hac
2202 3261 2290 3294 enim
2308 3262 2411 3294 littera
2427 3262 2480 3293 ha·

1407 3309 1498 3340 betur
1521 3309 1610 3350 quod
1635 3307 1751 3340 sufficit
1766 3306 1894 3338 habenti
1917 3306 1978 3338 tale
1995 3313 2108 3338 votum
2133 3307 2223 3348 quod
2238 3307 2313 3339 velit
2335 3306 2479 3348 experiri,

1406 3353 1554 3395 quamvis
1578 3363 1644 3384 non
1668 3358 1838 3384 remaneat.

1463 3397 1526 3428 Sed
1550 3397 1626 3428 haec
1650 3396 1739 3427 facile
1763 3401 1981 3426 monstrantur
2004 3396 2083 3427 nihil
2106 3397 2242 3427 obstare.
2274 3396 2315 3427 Et
2338 3395 2480 3436 primum

1407 3441 1539 3484 quidem
1551 3440 1630 3472 nihil
1642 3440 1760 3471 obstat:
1781 3439 1866 3481 quia,
1885 3449 1943 3480 pro
1960 3447 2082 3481 quanto
2099 3440 2138 3472 de
2155 3441 2306 3472 scandalo
2324 3439 2478 3482 loquiturt

1407 3492 1531 3517 constat
1545 3485 1635 3527 quod
1659 3485 1698 3515 de
1714 3491 1786 3516 actu
1811 3484 1955 3515 exteriori
1972 3492 2019 3516 est
2042 3494 2158 3517 sermo.
2184 3485 2244 3517 late
2260 3492 2368 3517 autem
2391 3491 2480 3516 actus

1406 3529 1549 3566 exterior,
1574 3528 1691 3560 scilicet
1714 3529 1882 3569 probatam
1906 3529 2094 3570 religionem
2117 3529 2265 3570 refutare,
2289 3539 2356 3560 non
2379 3535 2428 3561 est
2442 3537 2480 3560 ex

1406 3583 1466 3605 suo
1488 3582 1602 3614 genere
1626 3573 1741 3605 malus.
1767 3573 1807 3604 Et
1831 3580 1998 3615 propterea
2024 3583 2090 3605 non
2115 3580 2162 3606 est
2183 3573 2304 3606 activus
2328 3572 2477 3605 scandali.

1406 3618 1447 3649 Et
1470 3624 1516 3649 est
1539 3618 1674 3649 omnino
1698 3618 1816 3655 licitus,
1842 3625 1877 3650 ut
1901 3618 1934 3649 in
1958 3618 2061 3650 littera
2085 3618 2250 3655 subditur,
2275 3618 2300 3649 si
2324 3627 2361 3649 ex
2385 3627 2479 3649 causa

2509 416 2520 427 ⁶
2534 415 2604 438 Num.
2620 422 2654 438 rrr.

2755 3355 2768 3524 *At-..4-
