2768 4198
964 257 1232 304 QUAESTIO
1263 256 1436 302 CLXIV,
1467 256 1764 293 ARTICULUS
1795 256 1824 291 11

2414 259 2489 307 337

302 339 394 374 dum
427 339 503 374 hoc
536 337 641 386 quod
675 337 871 373 subiicitur
900 337 1151 373 dominationi
1177 336 1269 382 viri,
1300 348 1368 384 per
1393 342 1396 370 1
1422 336 1557 372 mulier
1585 335 1760 384 concipit,
1791 346 1946 371 necesse
1976 342 2032 370 est
2061 334 2166 382 quod
2195 346 2397 372 aerumnas
2426 349 2492 385 pa-

1394 394 1395 426 }
1421 390 1533 426 tiatur
1562 397 1598 425 et
1620 401 1707 425 cum
1729 388 1860 425 dolore
1890 387 2031 436 pariat:
2062 396 2212 436 praeter
2232 389 2390 425 Beatam
2409 390 2492 426 Vir-

299 391 375 427 hoc
394 390 499 438 quod
521 390 671 427 dicitur:
702 390 779 426 Sub
802 389 878 425 viri
893 395 1076 438 potestate
1095 390 1179 426 eris.
1209 410 1234 417 —
1264 390 1369 426 Sicut

301 451 428 480 autem
458 443 507 480 ad
534 443 732 479 mulierem
761 442 923 490 pertinet
950 451 992 478 ut
1016 443 1200 479 subdatur
1218 443 1301 479 viro
1331 443 1368 479 in

301 655 480 703 quidem,
523 666 592 702 per
633 662 754 690 terrae
797 654 1050 700 sterilitatem,
1090 667 1176 690 cum
1218 655 1369 691 dicitur:

300 708 507 744 Maledicta
540 712 643 743 terra
672 707 709 743 in
738 718 851 754 opere
883 712 957 744 tuo.
998 708 1194 754 Secundo,
1225 720 1293 756 per
1321 710 1372 744 la-

301 761 404 797 boris
440 760 690 805 anxietatem,

299 813 476 862 percipit:
505 814 608 849 unde
637 813 793 850 dicitur:
822 814 868 850 In
898 814 1029 850 labore
1056 815 1226 851 comedes
1254 815 1300 851 de
1327 826 1371 851 ea

301 867 443 903 cunctis
477 867 604 903 diebus
641 866 740 903 vitae
774 872 871 903 tuae.
911 867 1064 914 Tertio,
1100 875 1285 915 quantum
1323 868 1371 905 ad

302 920 579 968 impedimenta
608 931 707 968 quae
728 920 959 968 proveniunt
978 928 1118 957 terram
1139 921 1369 958 colentibus:

301 973 405 1010 unde
434 972 587 1009 dicitur:
627 973 763 1020 Spinas
791 979 827 1009 et
853 973 1010 1010 tribulos
1036 974 1269 1023 germinabit
1294 975 1370 1011 tibi.

357 1026 537 1062 Similiter
557 1026 671 1063 etiam
701 1039 745 1062 ex
766 1034 871 1074 parte
900 1027 1051 1063 animae
1073 1027 1206 1075 triplex
1236 1040 1371 1064 eorum

162 1094 174 1111 ι
301 1091 429 1128 poena
458 1079 692 1116 describitur.
723 1079 853 1115 Primo
883 1079 1052 1127 quidem,
1074 1088 1259 1127 quantum
1291 1082 1339 1117 ad
1360 1086 1372 1102 ι
1398 1079 1400 1105 1

303 1132 568 1169 confusionem
599 1144 715 1181 quarn
744 1133 844 1181 passi
875 1141 961 1169 sunt
991 1133 1037 1169 de
1067 1133 1272 1169 rebellione
1294 1146 1372 1170 car

62 1193 145 1216 ‘Genu
153 1199 215 1241 ὀιρ.
239 1200 275 1221 in,

302 1239 526 1284 amborum,
555 1245 592 1275 et
623 1244 886 1288 cognoverunt
915 1251 956 1275 se
983 1250 1062 1275 esse
1089 1239 1220 1275 nudos.
1251 1260 1275 1266 —
1305 1234 1399 1276 Sed

248 1342 256 1344 Ὗ
303 1292 446 1338 cundo,
472 1300 660 1341 quantum
690 1292 738 1329 ad
767 1291 1067 1340 increpationem
1097 1291 1274 1340 propriae
1296 1293 1372 1328 cul-

303 1452 715 1489 commemorationem
762 1452 909 1488 fUtUI'ae
951 1458 1110 1487 mortlS.

1422 443 1562 490 ginem,
1592 454 1691 490 quae
1718 442 1799 478 sine
1817 442 2056 490 corruptione
2075 442 2245 489 concepit
2269 447 2305 478 et
2330 442 2410 478 sine
2428 443 2492 479 do-

300 497 358 533 his
395 508 493 544 quae
526 496 575 532 ad
604 495 856 532 domesticam
886 496 1218 532 conversationem
1257 496 1368 544 perti-
1395 494 1396 503 ¹

301 557 402 595 nent,
423 549 472 585 ita
493 549 542 585 ad
562 548 688 584 virum
718 547 879 596 pertinet
907 549 1012 596 quod
1038 549 1250 585 necessaria
1269 550 1369 586 vitae

301 610 489 650 procuret.
519 602 568 637 Et
597 601 696 637 circa
722 602 797 637 hoc
826 601 980 649 punitur
1008 602 1210 650 tripliciter.
1241 602 1369 638 Primo
1396 618 1397 635 ι

1423 496 1502 532 lore
1523 496 1672 543 peperit
1688 494 1719 541 ³⁸,
1749 495 1838 542 quia
1868 494 1949 531 eius
1978 494 2177 543 conceptio
2198 501 2214 515 ‘²
2243 507 2321 531 non
2345 495 2412 531 fuit
2436 508 2493 532 se·
2522 506 2531 514 ·

1424 550 1593 585 cundum
1623 549 1745 596 legem
1775 555 1932 584 naturae
1971 560 1991 584 a
2020 548 2153 596 primis
2182 548 2401 596 parentibus
2430 550 2493 586 de-

1424 602 1555 638 rivata.
1587 601 1627 638 Si
1647 609 1775 638 autem
1796 601 1920 650 aliqua
1944 614 2022 638 non
2044 601 2206 650 concipit
2235 613 2361 649 neque
2386 603 2492 650 parit,

1396 650 1563 703 {patitur
1607 654 1807 691 sterilitatis
1852 654 2062 691 defectum:
2107 654 2171 703 qui
2213 656 2494 703 praeponderat

1397 742 1398 747 ,
1425 708 1560 756 poenis
1588 707 1806 756 praedictis.

729 760 810 796 sine
847 772 922 808 qua
957 761 1099 797 fructus
1135 769 1258 798 terrae
1293 767 1398 797 non]

1479 760 1659 797 Similiter
1696 761 1809 797 etiam
1840 768 1991 809 oportet
2024 768 2064 797 ut
2092 760 2325 810 quicumque
2354 769 2493 798 terram

1426 822 1622 862 operatur,
1653 814 1690 850 in
1721 814 1860 850 sudore
1889 814 2016 850 vultus
2049 815 2226 851 comedat
2253 826 2408 863 panem.
2447 815 2496 851 Et

1425 868 1488 915 qui
1518 867 1588 916 ipsi
1608 865 1620 888 λ
1650 879 1718 915 pei·
1746 879 1786 903 se
1816 867 2080 914 agriculturam
2116 879 2195 904 non
2229 876 2425 915 exercent,
2458 869 2495 904 in

1397 951 1399 962 ,
1425 920 1504 956 aliis
1543 920 1736 956 laboribus
1773 928 2025 968 occupantur,
2055 922 2168 957 homo
2198 921 2300 957 enim
2330 922 2497 958 nascitur

1396 976 1400 1018 1
1424 974 1476 1010 ad
1501 973 1683 1018 laborem,
1711 981 1751 1010 ut
1783 973 1917 1010 dicitur
1935 974 2004 1010 Iob
2024 985 2046 1010 v
2065 973 2104 1010 *t
2136 982 2172 1010 et
2200 974 2252 1010 sic
2277 987 2416 1022 panem
2447 976 2494 1011 ab

1397 1030 1399 1044 ³
1425 1027 1504 1063 aliis
1534 1027 1571 1063 in
1600 1026 1741 1062 sudore
1769 1026 1896 1062 vultus
1927 1027 2163 1063 elaboratum
2194 1028 2439 1064 manducant.

1397 1056 1399 1077 1

1398 1109 1399 1133 1

1478 1082 1535 1116 Αι)
1575 1091 1748 1121 QUARTUM
1787 1091 1972 1116 mCENDUM
2006 1080 2112 1128 quod
2146 1081 2254 1117 locus
2287 1081 2347 1117 ille
2381 1083 2495 1118 Para-

1398 1132 1495 1169 disi
1528 1132 1731 1179 terrestris,
1768 1133 1945 1179 quamvis
1979 1145 2057 1169 non
2091 1133 2231 1170 serviat
2263 1134 2410 1171 homini
2447 1134 2495 1171 ad

303 1185 360 1222 nis
380 1187 428 1222 ad
449 1186 643 1235 spiritum:
674 1185 775 1222 unde
796 1184 931 1222 dicitur
948 1185 988 1221 *τ
1017 1186 1151 1234 Aperti
1170 1192 1258 1222 sunt
1274 1187 1375 1223 oculi
1398 1186 1399 1246 1
1426 1197 1551 1230 usum,
1578 1185 1692 1221 servit
1721 1193 1850 1222 tamen
1870 1185 1904 1222 ei
1925 1186 1973 1222 ad
1994 1186 2286 1224 documentum.
2317 1189 2409 1224 dum
2432 1200 2496 1224 co-

1398 1238 1573 1286 gnoscit
1601 1246 1757 1286 propter
1775 1246 1977 1286 peccatum
2007 1252 2046 1275 se
2076 1240 2138 1276 tali
2162 1241 2248 1277 loco
2278 1241 2392 1277 fuisse
2422 1241 2495 1290 pri-

1398 1306 1400 1341 3
1425 1298 1579 1335 vatum3
1610 1299 1647 1327 et
1675 1291 1768 1327 dum
1798 1303 1866 1350 per
1895 1304 1939 1328 ea
1969 1304 2067 1340 quae
2097 1293 2343 1341 corporaliter
2370 1294 2405 1331 in
2432 1294 2494 1331 illo

301 1357 396 1394 pae:
425 1357 494 1394 per
521 1346 596 1382 hoc
625 1345 729 1393 quod
759 1344 913 1382 dicitur.
949 1346 1067 1391 Ecce,
1096 1345 1222 1381 Adam
1241 1345 1373 1392 sactus
1398 1362 1399 1380 ι
1426 1343 1611 1380 Paradiso
1641 1352 1727 1380 sunt
1744 1343 1775 1390 ³¹⁶,
1806 1344 2040 1381 instruuntur
2058 1352 2076 1374 ι*
2105 1347 2151 1382 de
2180 1347 2237 1383 his
2257 1359 2356 1395 quae
2384 1348 2495 1396 perti-

302 1404 357 1436 est
386 1399 497 1447 quasi
524 1409 620 1435 unus
647 1410 698 1435 ex
724 1398 842 1435 nobis.
870 1418 896 1425 -
925 1397 1077 1443 Tertio,
1107 1406 1294 1445 quantum
1324 1399 1400 1449 ad
1426 1404 1517 1433 nent
1537 1397 1585 1433 ad
1608 1397 1831 1433 Paradisum
1853 1399 2067 1444 caelestem,
2089 1411 2166 1446 quo
2197 1399 2319 1436 aditus
2348 1401 2495 1437 homini

303 1505 408 1553 quod
442 1505 476 1541 ei
510 1505 652 1541 dictum
683 1512 755 1541 est.
793 1504 922 1541 Pulvis
954 1516 1010 1550 es,
1040 1510 1076 1540 et
1107 1505 1143 1541 in
1176 1504 1372 1552 pulverem
1399 1519 1400 1553 j

302 1558 511 1595 reverteris.
548 1558 610 1594 Ad
644 1558 747 1606 quod
786 1557 901 1593 etiam
939 1557 1102 1605 pertinet
1135 1558 1239 1605 quod
1268 1559 1400 1595 Deus'

289 1612 391 1660 fecit
416 1611 468 1647 eis
496 1611 640 1647 tunicas
662 1610 857 1658 pelliceas,
887 1610 924 1647 in
953 1611 1103 1658 signum
1137 1612 1374 1649 mortalitatis
1399 1614 1400 1618 ’

303 1677 452 1702 eorum.

302 1770 447 1808 centiae
476 1770 606 1807 fuisset
632 1778 762 1818 partus
791 1771 937 1819 absque
967 1770 1111 1807 dolore.
1142 1770 1243 1807 Dicit
1271 1770 1373 1807 enim

302 1823 548 1872 Augustinus,
580 1824 669 1860 XIV
696 1823 742 1859 de
772 1823 852 1860 Ciu.
882 1823 958 1860 Dei
980 1823 1019 1860 *ε

302 1878 391 1915 dum
416 1889 491 1914 non
512 1877 652 1913 doloris
670 1877 843 1926 gemitus,
862 1877 929 1912 sed
947 1877 1174 1913 maturitatis
1193 1877 1374 1925 impulsus

63 1830 220 1859 ’capum

291 1932 467 1980 feminea
491 1931 636 1967 viscera
656 1929 859 1975 relaxaret,
888 1930 985 1966 sicut
1010 1931 1062 1966 ad
1088 1930 1374 1979 concipiendum
1399 1938 1401 1964 ἑ

303 1997 378 2021 non
408 1984 568 2020 libidinis
595 1983 789 2031 appetitus,
818 1984 884 2020 sed
903 1983 1139 2020 voluntarius
1160 1996 1247 2020 usus
1267 1990 1374 2020 natu-

303 2050 388 2075 ram
418 2043 618 2085 utramque
646 2037 905 2086 coniungeret.

358 2090 551 2127 Subiectio
581 2097 709 2126 autern
731 2089 898 2126 mulieris
919 2090 965 2126 ad
985 2089 1113 2126 virum
1134 2089 1374 2137 intelligenda

305 2151 360 2180 est
387 2144 425 2180 in
454 2155 622 2192 poenam
652 2143 820 2180 mulieris
849 2155 931 2179 esse
961 2143 1125 2188 inducta,
1157 2155 1235 2179 non
1255 2155 1374 2203 quan-

303 2205 385 2234 tum
414 2197 463 2234 ad
490 2196 678 2244 regimen,
708 2196 796 2244 quia
827 2196 940 2232 etiam
970 2203 1056 2232 ante
1085 2204 1286 2244 peccatum
1314 2197 1375 2233 vir

64 2254 212 2282 Ἰωάσου·υ
224 2261 252 2277 οι

63 2288 102 2309 xi,
120 2271 219 2311 ver-‚33

63 2298 171 2364 ἒβη.
184 2314 235 2336 0¹⁹·
249 2282 279 2336 ’Ἴ
304 2311 417 2340 steret
436 2302 465 2340 t:
503 2303 572 2339 sed
604 2310 718 2350 prout
745 2302 898 2348 mulier,
921 2310 1052 2339 contra
1080 2303 1278 2351 propriam
1306 2315 1376 2339 vo-

164 2362 180 2393 t
302 2357 507 2402 luntatem,
537 2367 693 2392 necesse
718 2361 736 2382 η
770 2356 885 2392 habet
911 2355 984 2392 viri
1011 2355 1199 2392 voluntati
1227 2367 1373 2404 parere.

162 2407 179 2431 ’¹
358 2409 495 2458 Spinas
524 2417 653 2446 autem
683 2416 719 2445 et
746 2409 906 2446 tribulos
934 2416 1032 2445 terra
1061 2408 1324 2456 germinasset,
1345 2409 1376 2446 si

302 2463 423 2500 homo
453 2474 531 2499 non
559 2470 771 2510 peccasset,
801 2462 839 2499 in
868 2462 997 2498 cibum
1027 2462 1265 2509 animalium,
1295 2475 1374 2499 non

304 2523 433 2552 autem
462 2515 500 2552 in
529 2515 695 2552 hominis
724 2527 914 2564 poenam:
945 2516 1033 2564 quia
1055 2515 1196 2552 scilicet
1223 2528 1293 2564 per
1313 2528 1376 2552 eo-

162 2571 177 2598 0
304 2581 389 2606 rum
418 2577 593 2606 exortum
627 2569 752 2605 nullus
780 2569 889 2605 labor
916 2576 981 2605 aut
1009 2568 1164 2616 punctio
1184 2566 1197 2589 θ
1226 2568 1375 2605 homini

304 2622 477 2671 operanti
506 2621 543 2658 in
571 2629 670 2658 terra
699 2621 906 2666 accideret,
935 2629 976 2659 ut
1003 2622 1238 2669 Augustinus
1268 2622 1374 2668 dicit,

65 2682 143 2705 ’m
159 2682 205 2710 111
222 2688 277 2710 mi»
302 2687 417 2724 super
445 2675 537 2712 Gen.
562 2675 614 2711 ad
638 2674 701 2711 litt.
729 2674 749 2696 ²⁸
785 2675 975 2721 Quamvis
1002 2674 1186 2711 Alcuinus
1216 2675 1314 2711 dicat
1335 2674 1376 2697 **

64 2715 276 2794 Σὲπφ-
255 2737 280 2757 et
304 2729 410 2778 quod
438 2735 524 2765 ante
553 2735 755 2777 peccatum
783 2735 881 2765 terra
910 2727 1069 2764 omnino
1099 2728 1225 2776 spinas
1255 2736 1291 2764 et
1314 2728 1375 2764 tri-

65 2789 175 2816 intema-
189 2778 276 2811 mii·
305 2783 416 2819 bulos
445 2794 524 2819 non
552 2781 812 2829 germinasset.
845 2781 920 2818 Sed
949 2781 1115 2829 primurn
1143 2781 1278 2817 melius
1308 2790 1374 2818 est.

358 2837 416 2872 An
445 2847 637 2872 SECUNDUM
656 2846 842 2871 memnon
872 2834 977 2883 quod
1006 2833 1209 2870 multitudo
1239 2847 1375 2870 conce-

305 2896 442 2938 ptuum
470 2888 660 2925 inducitur
692 2888 730 2924 in
758 2899 926 2936 poenam
955 2887 1142 2933 mulieris,
1172 2899 1251 2923 non
1289 2900 1376 2935 pro-

305 2949 389 2990 pter
416 2941 539 2990 ipsam
558 2941 864 2990 procreationem
885 2940 1013 2988 prolis,
1034 2952 1132 2988 quae
1153 2940 1267 2976 etiam
1289 2949 1375 2977 ante

306 3002 508 3044 peccatum
531 2995 680 3031 fuisset:
709 2994 777 3031 sed
805 3001 962 3042 propter
980 2993 1262 3030 multitudinem
1281 2993 1376 3030 affli-

309 3049 490 3094 ctionum,
512 3060 610 3097 quae
631 3053 638 3068 ¹
668 3047 805 3083 mulier
823 3047 962 3096 patitur
982 3058 1027 3082 ex
1051 3046 1126 3082 hoc
1154 3047 1260 3094 quod
1289 3059 1375 3095 por-

307 3108 361 3138 tat
398 3102 517 3138 fetum
554 3108 797 3149 conceptum.
843 3100 956 3137 Unde
990 3099 1180 3146 signanter
1218 3100 1375 3136 coniun-

309 3153 430 3200 gitur:
467 3154 731 3202 Multiplicabo
768 3165 947 3190 aerumas
983 3158 1066 3189 tuas
1109 3158 1145 3188 et
1178 3159 1376 3200 conceptus

310 3211 403 3243 tuos.

364 3260 423 3294 An
457 3270 617 3296 TER-rium
651 3272 836 3297 DICENDUM
874 3259 978 3308 quod
1012 3258 1096 3295 illae
1129 3270 1278 3306 poenae
1314 3258 1378 3294 ali-

311 3311 470 3359 qualiter
497 3312 546 3348 ad
574 3325 710 3349 omnes
737 3313 935 3361 pertinent.
966 3312 1244 3359 Quaecumque
1274 3311 1376 3348 enim

364 3423 386 3454 ε)
406 3422 520 3455 quidem,
541 3426 669 3454 quantum
687 3424 763 3449 ad.-
780 3425 886 3457 quidem
904 3426 941 3450 ad
959 3426 1130 3459 BEFILpCK,
1149 3425 1239 3458 quoad
1258 3425 1304 3451 sK.

364 3458 389 3491 ζ)
409 3458 577 3483 εκίεῖενεΐμ-
595 3458 730 3483 extitisset
748 3459 794 3485 Pa.

364 3494 391 3525 η)
412 3500 522 3518 necesse.
534 3500 642 3518 -nunc
660 3500 764 3519 necesse
782 3495 828 3520 Pa.

364 3527 388 3561 Θ)
404 3529 556 3560 punctio.—
570 3528 678 3560 punitio
698 3529 830 3562 PCHLpK
850 3535 875 3555 et
893 3538 919 3556 a.

365 3565 384 3597 ι)
403 3571 479 3597 quae.
493 3579 511 3582 —
530 3571 596 3596 quas
616 3563 644 3589 P.

262 2255 418 2303 dcaput
451 2250 619 2287 mulieris
637 2249 657 2270 ²¹⁶
685 2249 815 2286 fuisset
849 2256 886 2285 et
921 2249 1001 2285 eius
1037 2250 1271 2308 gubernator
1299 2249 1374 2285 exi·
1400 2243 1401 2248 ¹

1158 1452 1400 1488 secunduml
1398 1457 1674 1513 praeparatur
1703 1462 1770 1498 per
1799 1451 2006 1487 Christum.

1479 1505 1538 1539 AD
1577 1515 1741 1545 QUINTUM
1781 1515 1967 1541 D1CENDUM
1997 1505 2123 1552 quod,
2154 1507 2267 1541 salvis
2297 1506 2496 1553 spiritualis

1428 1569 1562 1593 sensus
1581 1556 1780 1604 mysteriis,
1802 1557 1908 1593 locus
1933 1557 1992 1593 ille
2022 1558 2225 1606 praecipue
2245 1559 2394 1595 videtur
2414 1572 2496 1595 esse

1427 1610 1696 1646 inaccessibilis
1720 1618 1876 1658 propter
1894 1611 2180 1647 vehementiam
2202 1621 2327 1648 aestus
2348 1612 2385 1648 in
2405 1613 2497 1649 locis

1400 1688 1401 1710 1
1428 1663 1662 1700 intermediis
1693 1675 1737 1699 ex
1766 1664 2045 1712 propinquitate
2075 1665 2176 1701 solis.
2207 1666 2255 1701 Et
2282 1666 2357 1702 hoc
2387 1666 2497 1713 signi-

355 1719 415 1754 An
443 1729 581 1754 PRIMUM
608 1728 707 1754 ERGO
736 1728 921 1754 maurinum
950 1718 1054 1765 quod
1083 1717 1120 1753 in
1149 1725 1246 1753 statu
1267 1717 1374 1754 inno·
1400 1720 1401 1741 1

1059 1824 1120 1859 Sic
1147 1824 1199 1860 ad
1220 1824 1373 1872 parien—
1399 1832 1401 1858 j

1428 1717 1564 1753 ficatur
1592 1729 1661 1764 per
1678 1717 1907 1764 flammeum
1935 1718 2128 1766 gladium:
2157 1719 2221 1766 qui
2241 1719 2425 1755 versatilis
2445 1720 2497 1755 di-

1429 1770 1539 1815 citur,
1571 1777 1725 1818 propter
1753 1771 2023 1818 proprietatem
2054 1779 2181 1807 motus
2211 1772 2401 1808 circularis
2430 1773 2498 1808 hu-

1428 1822 1596 1859 iusmodi
1625 1830 1772 1858 aestum
1799 1824 1999 1860 causantis.
2031 1825 2079 1860 Et
2108 1825 2194 1872 quia
2216 1832 2343 1861 motus
2364 1838 2499 1874 corpo-

1399 1913 1401 1918 ,
1430 1877 1516 1912 ralis
1546 1884 1739 1912 creaturae
1774 1876 1986 1925 disponitur
2014 1878 2223 1913 ministerio
2252 1879 2496 1926 angelorum,

1429 1938 1470 1965 ut
1497 1937 1600 1977 patet
1628 1942 1696 1977 per
1724 1930 1999 1977 Augustinum,
2031 1931 2079 1966 III
2100 1931 2146 1967 de
2169 1931 2325 1976 Trin.*;
2357 1944 2497 1968 conve-

1430 1982 1578 2019 nienter
1598 1983 1711 2018 etiam
1733 1982 1846 2019 simul
1867 1995 1954 2019 cum
1975 1983 2101 2031 gladio
2120 1984 2285 2020 versatili
2310 1986 2497 2022 Cherubin

1430 2035 1646 2083 adiungitur
1668 2041 1696 2081 ⁹,
1735 2037 1786 2072 ad
1816 2037 2095 2073 custodiendam
2131 2037 2231 2073 viam
2265 2038 2362 2087 ligni
2387 2039 2496 2075 vitae.

1430 2089 1541 2126 Unde
1569 2089 1803 2136 Augustinus
1833 2089 1932 2135 dicit,
1962 2090 2013 2126 XI
2037 2102 2150 2138 super
2178 2091 2270 2127 Gen.
2296 2092 2347 2127 ad
2372 2092 2437 2128 litt.
2457 2091 2497 2128 *z

1400 2187 1401 2190 Ἰ
1428 2143 1519 2178 Hoc
1549 2154 1622 2190 per
1655 2142 1828 2178 caelestes
1856 2148 2056 2191 potestates
2089 2144 2201 2180 etiam
2240 2144 2276 2180 in
2314 2145 2498 2181 Paradiso

1400 2229 1402 2242 <
1429 2195 1565 2231 visibili
1580 2196 1734 2243 factum
1764 2207 1843 2231 esse
1870 2197 2097 2232 credendum
2126 2202 2189 2242 est,
2222 2203 2261 2233 ut
2281 2209 2354 2245 per
2381 2210 2500 2247 ange-

365 3600 391 3633 κ)
410 3600 466 3625 eius
491 3599 666 3631 conceptio.-
684 3598 741 3623 eius
764 3603 903 3631 conceptus
927 3601 1038 3631 codices,
1056 3602 1210 3627 huiusmodi
1233 3605 1375 3634 conceptus
1402 3607 1404 3616 >

312 3637 352 3662 ed.
371 3643 404 3667 a‚·
422 3643 470 3668 pro
488 3635 619 3663 derivata,
633 3634 771 3659 derivatus
791 3634 834 3664 sC,
853 3635 991 3661 derivatae
1010 3637 1041 3666 D,
1060 3637 1210 3662 derivatam
1230 3637 1276 3662 sG.

454 3688 564 3712 Summe
584 3687 685 3713 Tnot..
706 3688 736 3713 D.
756 3688 871 3712 Timum
890 3688 922 3713 T.
941 3689 995 3714 VII.

1430 2249 1544 2285 licum
1573 2249 1820 2285 ministerium
1850 2255 1942 2285 esset
1970 2249 2044 2286 illic
2078 2250 2264 2298 quaedam
2295 2251 2407 2299 ignea
2437 2262 2499 2287 cu-

1429 2302 1562 2338 stodia.

1484 2357 1543 2391 AD
1567 2365 1709 2391 sextum
1734 2366 1919 2392 DICENDUM
1943 2355 2049 2404 quod
2079 2355 2212 2401 homo,
2242 2355 2272 2392 si
2300 2364 2387 2405 post
2414 2369 2501 2405 pec-

1431 2415 1558 2445 catum
1595 2408 1642 2444 de
1675 2407 1776 2455 ligno
1812 2408 1912 2444 vitae
1947 2409 2194 2455 comedisset,
2233 2421 2311 2446 non
2346 2418 2502 2458 propter

1429 2463 1505 2499 hoc
1539 2461 1862 2498 immortalitatem
1898 2470 2178 2510 recuperasset,
2209 2462 2276 2499 sed
2313 2463 2499 2500 beneficio

1429 2514 1528 2552 illius
1548 2514 1620 2551 cibi
1646 2514 1831 2563 potuisset
1849 2514 1968 2551 vitam
1988 2515 2108 2562 magis
2128 2516 2366 2563 prolongare.
2388 2516 2499 2553 Unde

1431 2567 1537 2617 quod
1570 2567 1720 2610 dicitur,
1751 2573 1786 2604 et
1811 2568 1916 2604 vivat
1941 2569 1978 2605 in
2012 2574 2227 2614 aeternum,
2258 2569 2420 2605 sumitur
2448 2569 2499 2605 ibi

1430 2627 1626 2658 aeternum
1654 2633 1725 2669 pro
1754 2621 1943 2658 diuturno.
1983 2622 2070 2657 Hoc
2102 2629 2230 2657 autem
2268 2634 2347 2658 non
2385 2633 2498 2670 expe-

1430 2675 1559 2712 diebat
1588 2674 1746 2719 homini,
1772 2682 1813 2710 ut
1841 2674 1879 2710 in
1909 2674 2060 2710 miseria
2087 2674 2200 2711 huius
2227 2674 2328 2711 vitae
2359 2674 2498 2711 diutius

1430 2735 1685 2776 permaneret.

1484 2783 1542 2817 AD
1571 2792 1751 2816 SEPTIMUM
1780 2791 1964 2816 mCENDUM
1994 2780 2111 2828 quod,
2142 2780 2238 2816 sicut
2265 2781 2498 2828 Augustinus

1432 2834 1530 2879 dicit,
1555 2835 1606 2869 XI
1627 2845 1740 2881 super
1759 2833 1851 2869 Gen.
1876 2833 1928 2869 ad
1945 2833 2009 2869 litt.
2030 2833 2060 2879 ²¹⁶,
2081 2834 2197 2870 verba
2216 2834 2292 2870 Dei
2318 2846 2391 2870 non
2421 2840 2498 2871 tam
2526 2847 2535 2857 ·

1430 2893 1517 2924 sunt
1536 2887 1674 2934 primis
1695 2886 1918 2934 parentibus
1946 2886 2166 2932 insultantis,
2196 2898 2310 2934 quam
2339 2893 2498 2933 ceteros,

1431 2952 1479 2977 ne
1509 2941 1560 2976 ita
1592 2940 1829 2987 superbiant,
1859 2939 2096 2985 deterrentis,
2121 2946 2277 2988 propter
2304 2952 2396 2988 quos
2430 2941 2498 2977 ista

1430 2992 1640 3040 conscripta
1655 2998 1757 3029 sunt:
1777 2993 1866 3040 quia
1884 2992 2024 3029 scilicet
2041 3005 2115 3029 non
2134 2994 2256 3029 solum
2275 2993 2401 3030 Adam
2422 3006 2496 3030 non

1423 3047 1503 3096 fuit
1518 3047 1651 3094 factus
1678 3043 1824 3093 qualise
1842 3046 1939 3093 fieri
1963 3046 2091 3091 voluit,
2110 3047 2177 3083 sed
2194 3058 2262 3082 nec
2281 3046 2374 3083 illud
2400 3047 2501 3094 quod

1421 3101 1554 3148 factus
1568 3100 1719 3147 fuerat,
1749 3099 1996 3135 conservavit.

1486 3154 1545 3188 AD
1566 3163 1738 3188 ocTAvuM
1758 3163 1942 3188 DICENDUM
1963 3151 2067 3200 quod
2087 3151 2243 3188 vestitus
2264 3153 2499 3190 necessarius

1432 3212 1487 3241 est
1514 3205 1661 3242 homini
1681 3204 1895 3241 secundum
1914 3212 2053 3241 statum
2082 3205 2290 3253 praesentis
2311 3205 2497 3253 miseriae,

1431 3266 1588 3306 propter
1622 3257 1717 3293 duo:
1757 3257 1882 3305 primo
1912 3257 2090 3304 quidem,
2120 3266 2277 3306 propter
2305 3258 2497 3296 defectum

1432 3311 1479 3347 ab
1522 3310 1769 3346 exterioribus
1806 3310 2067 3356 nocumentis,
2103 3319 2195 3359 puta
2231 3311 2456 3361 intemperie
2485 3318 2498 3334 ⁰

1483 3423 1512 3456 λ)
1533 3425 1578 3456 qui
1597 3424 1656 3456 ipsi.
1668 3438 1688 3442 -
1706 3424 1757 3456 ipsi
1775 3424 1821 3456 qui
1839 3424 1867 3449 P.

1485 3460 1513 3493 μ)
1534 3461 1713 3484 instruuntur.
1726 3474 1745 3478 -
1763 3459 1908 3484 instruitur
1927 3459 2007 3483 PsAC
2027 3465 2052 3483 et
2070 3467 2096 3485 a.

1484 3496 1507 3527 ν)
1527 3495 1695 3528 adiungitur.
1707 3509 1726 3513 -
1744 3495 1933 3528 adiunguntur
1950 3495 2126 3527 ADEFILpK.
2145 3495 2320 3528 coniungitur
2338 3497 2378 3521 ed.
2397 3503 2422 3521 a.

1486 3529 1510 3562 Ε)
1528 3531 1622 3563 qualis.
1636 3545 1653 3549 —
1671 3537 1738 3562 quas
1757 3531 1809 3560 ΒΕ,
1830 3533 1958 3562 quantum
1979 3530 2007 3561 F,
2027 3530 2104 3562 quasi
2123 3531 2141 3559 Ι,
2160 3531 2232 3563 quod
2251 3532 2296 3556 Pa.

1484 3567 1509 3598 ο)
1530 3566 1693 3597 intemperie.
1708 3580 1725 3584 -
1744 3565 1919 3597 intemporale
1938 3566 1979 3590 vel
1999 3566 2172 3597 intemperale
2198 3567 2257 3596 AE,
2278 3566 2498 3598 intemperantiae

1431 3602 1462 3631 D.
1482 3602 1508 3626 in
1528 3605 1648 3633 tempore
1666 3602 1721 3631 HL,
1741 3601 1923 3633 intemperiem
1943 3601 1988 3630 ΒΚ,
2008 3601 2180 3633 intemperati
2198 3602 2255 3627 Pla.

2320 3687 2353 3718 43

2554 504 2578 526 S.
2610 505 2718 526 Bemard.
2729 522 2735 531 ,

2522 531 2596 553 Serm.
2617 531 2639 552 in
2664 531 2734 553 Dom.

2522 557 2580 578 infra
2607 557 2660 579 oct.
2688 558 2735 579 As-

2521 587 2607 614 sumpt.
2616 584 2641 605 B
2649 584 2677 605 V.
2686 584 2734 605 Ma-

2521 616 2576 632 riae.

2620 647 2636 663 κ

2524 983 2533 993 “
2546 982 2616 1004 Vei-s.
2632 988 2653 1009 7.

2524 1352 2608 1375 ·Gen.
2631 1359 2681 1380 cap
2705 1359 2735 1380 ιι,

2523 1385 2581 1401 vers
2598 1379 2611 1401 8
2627 1386 2678 1407 sqq.

2621 1417 2640 1443 μ

2525 1941 2534 1950 ⁸
2549 1941 2606 1968 cap.
2621 1946 2652 1961 iv.

2526 2096 2658 2123 ’ὤμω

2553 2846 2611 2874 Cap.
2624 2853 2703 2868 xxxix.
