2768 4198
48 530 59 541 ⁸
73 528 138 550 Vm.
153 532 169 548 ι.

50 569 59 579 ·
73 568 83 589 1
93 567 126 589 ad
136 566 200 593 Cor„
210 571 260 593 cap.

49 600 87 621 ιιι,
103 599 162 615 vers.
178 598 208 621 3¹-

53 1059 64 1071 ⁸
77 1057 145 1084 thid„
163 1062 214 1085 cap.
235 1061 266 1083 ix,

53 1090 112 1108 ven.
127 1089 161 1111 ²7·

57 1285 67 1295 ⁸
106 1289 129 1305 u.
139 1287 162 1304 tv
173 1281 204 1304 de
215 1281 269 1304 Ha-

117 1323 125 1330 .
156 1309 180 1331 in
201 1307 269 1331 refut.

110 1352 116 1357 .
149 1334 270 1359 ,Ἠιοωιι

56 1361 269 1414 aeaeis:

57 1417 66 1428 ⁸
81 1414 118 1446 Cf.
133 1419 252 1458 nstssfl·

59 1807 224 1836 ‘anot-q.

78 3528 88 3539 ⁸
102 3529 152 3550 Art.
169 3534 189 3556 2,
203 3527 232 3549 ad
245 3533 265 3555 3.

963 260 1230 307 QUAESTIO
1261 260 1398 306 CLXI,
1426 260 1725 297 ARTICULUS
1755 260 1804 296 III

286 341 407 382 telligas
440 340 500 370 nisi
523 340 576 370 illa
601 341 639 370 de
670 339 787 380 quibus
811 346 858 370 est
885 349 990 370 sermo
1014 339 1047 369 in
1071 345 1270 379 argumento,
1294 339 1356 369 hoc

287 392 333 417 est
357 384 441 415 dona
463 384 523 415 Dei
547 383 689 414 meliora.
714 383 823 420 Aliter,
848 383 984 414 humiles
1008 390 1292 423 praesumptuosos
1312 382 1355 412 fa-

289 439 373 461 ceres
396 429 436 459 ad
459 437 606 469 quaeque
631 427 760 458 maiora.
785 445 804 450 -
828 428 868 458 Et
892 437 1009 464 rursus»,
1034 427 1109 468 quia
1132 427 1286 458 auxilium
1310 427 1357 457 di-

287 474 399 504 vinum
427 472 612 503 ordinatum
641 478 688 502 est
716 470 806 514 (quia
834 482 917 512 quae
945 482 964 502 a
988 472 1058 502 Deo
1086 477 1182 510 sunt,
1207 472 1357 503 ordinata

288 523 375 555 sunt,
400 524 436 548 ut
460 517 575 547 dicitur
596 517 688 547 Rom.
704 526 759 546 xm
771 515 813 558 *),
838 516 911 547 ideo
935 516 1075 552 humilis,
1099 517 1140 546 ad
1163 517 1358 547 charismata

290 563 425 594 meliora
440 562 458 581 *
480 561 506 592 si
529 560 630 592 tendit
653 560 779 591 innixus
803 561 911 591 divino
936 561 1068 596 auxilio,
1094 561 1155 591 hoc
1179 567 1306 602 appetat
1329 567 1360 590 et

291 613 424 638 conetur
446 615 575 646 sperans
599 605 742 636 ordinate
766 605 824 635 sibi
848 615 944 645 opem
969 605 1109 635 divinam
1129 605 1297 636 affuturam
1320 604 1360 635 ad

291 650 423 682 meliora
447 650 547 680 dona:
573 655 604 679 et
623 659 689 679 non
705 649 794 690 quod
817 656 947 680 attentet
969 649 1122 680 inchoans
1139 659 1174 680 ea
1190 659 1272 690 quae
1292 658 1360 690 per-

291 695 449 726 fectorum
473 700 566 729 sunt,
591 700 627 724 ut
650 694 743 724 multi
767 693 953 734 incipientes
976 693 1009 724 in
1031 694 1082 724 via
1105 693 1164 724 Dei
1192 693 1298 724 statim
1322 693 1360 723 ad

292 737 572 778 contemplationis
594 738 736 778 quietem
761 739 888 769 student
910 739 1027 769 volare.
1061 738 1096 768 In
1120 748 1186 779 quo
1218 747 1284 768 non
1308 748 1359 768 so-

291 784 361 814 lum
382 782 611 822 imprudenter,
629 783 683 813 sed
707 783 842 823 superbe
861 790 969 823 agunt,
986 792 1053 813 non
1077 789 1296 813 mensurantes
1311 792 1361 812 se-

292 828 398 869 ipsos:
423 833 454 857 et
475 827 680 858 vehementer
702 834 822 864 errant,
847 837 882 858 ac
905 827 1094 868 periculose.
1125 827 1249 858 Debent
1276 826 1362 857 enim

293 872 334 903 ad
360 871 493 902 meliora
525 871 668 903 ordinate
697 872 884 912 procedere,
909 871 997 912 prius
1025 871 1189 902 domando
1219 871 1364 912 proprias

293 915 457 957 passiones
482 926 517 946 ac
541 915 742 956 operationes
759 916 944 947 exteriores:
970 923 1000 946 et
1023 922 1097 956 post
1118 915 1298 956 frequentes
1322 915 1364 946 vi-

294 960 408 992 ctorias
437 960 471 990 in
495 970 610 1000 campo
642 961 780 991 subactis
810 960 974 997 hostibus,
999 961 1038 990 ad
1061 966 1207 990 montem
1239 959 1365 1001 quietae

294 1004 573 1045 contemplationis
597 1005 773 1036 ascendere.
798 1005 908 1036 Simile
931 1004 1010 1045 quid
1034 1004 1146 1035 accidit
1168 1004 1217 1035 his
1239 1004 1296 1045 qui
1318 1013 1365 1035 se-

295 1051 380 1090 ipsos
408 1059 471 1080 non
504 1050 683 1091 castigant,
713 1057 744 1080 et
765 1050 809 1080 ad
825 1049 1082 1090 praedicandum
1106 1049 1224 1084 aliis*‚
1249 1055 1304 1079 aut
1327 1048 1366 1079 ad

295 1094 468 1135 regendum
493 1093 589 1131 alios,
614 1103 647 1124 se
670 1094 827 1134 ingerunt.
860 1094 935 1124 Non
958 1100 1005 1123 est
1026 1093 1143 1123 horum
1171 1092 1291 1133 aliquid
1313 1102 1366 1123 ae-

295 1139 417 1170 mulari
445 1138 640 1169 charismata
673 1138 807 1169 meliora
838 1147 895 1178 per
933 1136 1087 1168 auxilium
1120 1136 1280 1172 divinum,
1312 1137 1368 1167 sed

295 1189 602 1224 praesumptuosum
625 1192 702 1213 esse.

353 1227 391 1258 V.
417 1227 452 1257 In
477 1226 684 1266 responsione
708 1226 748 1256 ad
771 1225 900 1256 tertium
916 1225 1060 1255 eiusdem
1083 1224 1215 1260 articuli,
1232 1223 1368 1254 dubium

296 1281 334 1302 ex
357 1271 505 1307 Martino,
529 1270 584 1303 ubi
609 1280 704 1310 supra
719 1270 752 1306 *,
778 1269 925 1305 occurrit,
949 1275 1059 1300 contra
1081 1268 1162 1299 hanc
1186 1268 1367 1308 responsio-

297 1325 372 1349 nem
386 1320 548 1355 arguente.
572 1315 681 1344 Primo
692 1314 720 1350 *,
743 1314 819 1355 quia
834 1321 891 1344 aut
905 1313 1049 1354 loquitur
1064 1313 1103 1343 de
1119 1312 1232 1343 eadem
1247 1313 1369 1343 ratione

297 1358 480 1391 communi:
505 1365 560 1390 aut
584 1358 723 1399 propria.
746 1359 822 1389 Non
836 1358 876 1388 de
899 1357 1086 1388 communi:
1111 1356 1187 1398 quia
1202 1357 1247 1388 sic
1271 1357 1367 1388 etiam

297 1403 330 1435 in
354 1402 614 1444 praesumptione
637 1402 715 1443 spei,
740 1410 771 1433 et
793 1401 939 1433 firmitate
966 1409 1076 1433 contra
1103 1401 1368 1441 desperationem,

297 1446 458 1478 invenitur
481 1457 545 1478 una
560 1447 742 1478 communis
758 1446 848 1483 ratio,
866 1453 944 1487 puta
966 1447 1092 1476 bonum
1107 1445 1249 1476 rationis.
1266 1463 1287 1468 -
1303 1445 1370 1476 Nec

298 1492 338 1523 de
361 1491 506 1533 propria:
530 1491 606 1532 quia
626 1491 683 1527 sic,
702 1490 876 1532 unicuique
891 1498 937 1521 est
956 1501 1014 1521 sua
1037 1490 1166 1531 propria
1189 1490 1280 1526 ratio,
1304 1496 1371 1521 tam

298 1537 332 1568 in
354 1535 470 1568 timore
499 1545 599 1577 quam
617 1535 650 1566 in
675 1535 823 1572 audacia,
847 1541 915 1566 tam
937 1535 970 1565 in
994 1544 1050 1574 spe
1081 1544 1180 1575 quam
1203 1534 1237 1565 in
1261 1535 1371 1575 despe-

299 1580 430 1613 ratione.
454 1580 621 1622 Alioquin,
646 1590 713 1611 non
737 1587 819 1611 esset
840 1579 970 1620 propria
985 1579 1091 1616 alicui,
1111 1580 1166 1610 sed
1190 1579 1372 1610 communis

299 1625 455 1667 pluribus.

355 1668 522 1707 Secundo,
545 1668 621 1710 quia
645 1668 761 1700 falsum
785 1675 832 1700 est
855 1668 944 1710 quod
971 1668 1022 1699 illa
1052 1667 1132 1699 ratio
1156 1667 1313 1708 assignata
1340 1667 1374 1698 in

300 1713 487 1745 fortitudine
510 1712 550 1744 sit
579 1713 762 1744 communis
791 1713 899 1744 timori
930 1720 960 1744 et
990 1712 1150 1744 audaciae.
1183 1713 1265 1743 Nam
1296 1712 1374 1743 haec

300 1758 392 1795 ratio,
417 1757 549 1794 scilicet,
573 1758 701 1789 Bonum
726 1759 864 1789 rationis
892 1763 938 1788 est
956 1757 1114 1798 periculis
1137 1758 1250 1788 mortis
1274 1767 1373 1797 prae-

291 1802 471 1844 ferendum
487 1801 514 1839 *,
530 1811 597 1832 non
620 1809 667 1833 est
682 1801 762 1833 ratio
779 1802 923 1833 frenandi
939 1801 1115 1837 audaciam,
1133 1801 1188 1832 sed
1204 1801 1305 1842 magis
1321 1811 1374 1832 ex-

301 1847 419 1879 citandi
441 1847 624 1878 audaciam:
649 1857 815 1888 nunquam
840 1846 926 1877 enim
949 1846 1022 1887 quis
1045 1846 1084 1876 ab
1108 1846 1256 1876 audendo
1281 1853 1375 1877 retra-

302 1891 388 1923 hitur
411 1901 467 1932 per
490 1891 579 1922 illam
603 1891 771 1922 rationem.

303 1979 535 2021 sperationem,
560 1986 607 2010 est
639 1980 820 2011 communis
844 1979 970 2020 utrique
995 1978 1094 2015 actui,
1122 1977 1239 2009 scilicet
1262 1979 1374 2019 despe-

305 2023 475 2062 rationiet
497 2024 575 2064 spei.
605 2024 689 2054 Nam
714 2024 794 2055 ratio
817 2024 891 2060 ista,
915 2024 1042 2054 Bonum
1066 2028 1246 2063 competens
1268 2028 1299 2054 et
1321 2023 1375 2054 de-

304 2069 403 2100 bitum
427 2073 475 2099 est
497 2069 756 2109 adipiscendum,
781 2079 848 2099 non
872 2068 980 2099 solum
1002 2067 1108 2098 firmat
1131 2074 1240 2098 contra
1263 2068 1376 2108 despe-
1401 2097 1403 2107 ἱ

305 2113 472 2150 rationem,
489 2113 544 2144 sed
567 2113 703 2144 refrenat
725 2123 816 2154 spem
839 2113 879 2143 ab
902 2112 1141 2153 incompetenti.

364 2157 509 2196 Quarta,
534 2157 610 2199 quia
633 2157 729 2188 etiam
752 2158 813 2188 alia
846 2157 926 2188 ratio
957 2157 1114 2197 assignata
1137 2167 1174 2187 ex
1197 2156 1304 2187 divina
1328 2167 1375 2188 re-

305 2201 455 2238 verentia,
480 2209 527 2233 est
550 2202 732 2233 communis
755 2202 882 2242 utrique
905 2201 999 2232 actui.
1023 2201 1107 2232 Nam
1127 2201 1208 2232 sicut
1232 2211 1269 2232 ex
1291 2211 1377 2232 reve-

306 2245 405 2277 rentia
418 2245 523 2277 divina
540 2256 607 2277 non
619 2247 692 2287 plus
707 2247 766 2277 sibi
782 2245 854 2288 quis
870 2245 1012 2276 attribuit
1027 2255 1126 2287 quam
1141 2245 1199 2276 sibi
1217 2252 1378 2286 competat

307 2291 485 2322 secundum
507 2291 642 2330 gradum
673 2290 822 2321 sortitum
845 2301 863 2320 a
886 2290 976 2327 Deo,
1000 2290 1044 2320 ita
1068 2299 1106 2320 ex
1136 2289 1248 2320 eadem
1277 2289 1313 2320 fit
1337 2300 1377 2320 ne

307 2335 408 2366 homo
438 2341 622 2366 contemnat
644 2342 675 2366 et
697 2335 835 2375 negligat
865 2344 947 2376 quae
975 2334 1070 2365 habet
1093 2344 1112 2364 a
1134 2334 1222 2371 Deo,
1247 2335 1303 2365 sed
1333 2334 1378 2365 eis

306 2385 415 2411 utatur
437 2389 519 2420 quae
542 2379 637 2410 habet
660 2379 699 2410 ab
723 2389 773 2411 eo.

318 2455 322 2458 Α
362 2423 416 2455 VI.
440 2424 492 2454 Ad
515 2423 708 2455 evidentiam
735 2423 868 2460 horum,
893 2423 972 2454 scito
996 2423 1087 2464 quod
1117 2422 1380 2464 compatiendum

307 2477 420 2499 censeo
444 2468 582 2500 Martino
606 2475 636 2499 et
659 2468 744 2505 aliis,
769 2468 826 2509 qui
850 2478 916 2498 non
948 2467 1170 2500 intellexerunt
1196 2477 1301 2509 neque
1323 2478 1379 2508 pe-

307 2518 470 2543 netrarunt
493 2513 682 2543 sententiam
704 2513 864 2544 Auctoris,
892 2515 1094 2552 Acceperunt
1123 2511 1282 2554 siquidem
1305 2512 1379 2543 hinc

308 2566 375 2587 non
399 2557 506 2587 solum
529 2557 618 2587 illam
641 2556 874 2593 affirmativam,
898 2556 1024 2593 scilicet,
1048 2557 1099 2588 Ad
1122 2557 1254 2587 eandem
1279 2558 1379 2588 virtu-

308 2606 382 2639 tem,
394 2606 478 2641 puta
493 2600 736 2641 fortitudinem,
753 2606 875 2642 spectat
898 2606 1033 2642 uterque
1054 2607 1156 2639 actus,
1177 2602 1298 2632 scilicet
1314 2602 1379 2642 fir-

309 2654 401 2676 mare
431 2646 578 2677 timorem
607 2651 638 2676 et
667 2647 844 2686 reprimere
870 2645 1060 2684 audaciam,
1085 2647 1161 2686 quia
1191 2651 1239 2676 est
1268 2646 1378 2676 eadem

310 2691 415 2727 ratio,
440 2695 520 2721 etc..·
549 2690 604 2720 sed
628 2689 723 2720 etiam
746 2690 838 2720 istam
867 2689 1062 2730 negativam,
1086 2691 1161 2721 Non
1194 2695 1315 2731 spectat
1337 2691 1381 2722 ad

310 2743 409 2765 unam
434 2735 595 2771 virtutem,
605 2739 688 2775 puta
711 2735 1026 2776 magnanimitatem,
1032 2735 1176 2775 firmare
1199 2740 1312 2766 contra
1327 2735 1380 2766 de-

309 2780 524 2819 sperationem
560 2784 591 2809 et
621 2781 798 2819 reprimere
827 2789 925 2819 spem.
960 2779 1000 2810 Et
1030 2787 1198 2819 propterea
1227 2786 1379 2811 errarunt.

312 2823 476 2860 Quoniam
493 2823 525 2854 in
542 2823 643 2854 littera
659 2823 845 2854 affirmativa
868 2823 1000 2864 quidem
1015 2823 1069 2854 illa
1093 2824 1235 2860 habetur,
1252 2824 1307 2854 sed
1322 2824 1380 2855 ista

311 2868 454 2908 negativa
470 2878 536 2898 non
552 2868 694 2899 habetur.
714 2869 781 2899 Nec
797 2874 843 2899 est
858 2867 988 2905 intenta,
1002 2878 1060 2899 nec
1076 2875 1123 2899 est
1137 2877 1227 2899 vera:
1244 2875 1280 2899 ut
1295 2875 1382 2908 patet

2401 272 2474 309 297

1412 349 1448 370 ex
1472 348 1567 379 supra
1581 338 1599 358 *
1623 338 1722 370 dictis.
1747 338 1808 369 Sed
1832 338 1864 368 in
1880 338 1983 369 littera
2005 338 2052 368 illi
2075 338 2279 369 affirmativae
2296 340 2386 379 quasi
2410 350 2485 370 con-

1411 383 1590 423 traponitur
1622 383 1682 413 alia
1717 382 1921 419 affirmativa,
1955 382 2072 413 scilicet
2102 383 2191 424 quod
2223 384 2255 413 in
2280 384 2484 423 reprimendo

1413 437 1510 468 spem,
1527 427 1612 468 quod
1621 428 1765 468 pertinet
1787 427 1830 458 ad
1852 427 2080 465 humilitatem,
2105 432 2136 458 et
2147 427 2319 469 firmando
2340 429 2484 458 animum

1413 477 1525 503 contra
1538 472 1803 512 desperationem,
1814 472 1899 513 quod
1906 472 2050 512 pertinet
2061 471 2104 502 ad
2116 472 2429 513 magnanimitatem,
2441 478 2486 503 est

1413 517 1479 547 alia
1503 521 1534 547 et
1549 517 1616 547 alia
1633 517 1728 547 ratio.
1753 516 1844 547 Hanc
1868 515 2088 547 affirmativam
2104 516 2160 557 qui
2177 522 2268 556 putat
2288 516 2488 556 aequivalere

1414 561 1459 591 illi
1482 561 1656 601 negativae,
1677 568 1732 591 aut
1754 560 1874 591 inferre
1892 560 1989 597 illam,
2007 568 2098 591 errat.
2122 560 2163 591 Et
2185 571 2270 591 nunc
2294 571 2380 591 nunc
2404 571 2488 592 erro-

1415 615 1482 636 rem
1500 615 1596 635 suum
1623 612 1805 645 cognoscet.
1829 605 1879 641 Et,
1898 612 1933 636 ut
1955 615 2022 636 uno
2045 605 2143 635 verbo
2168 605 2350 646 explicetur,
2370 604 2488 646 signifi-

1416 656 1504 680 catur
1526 659 1583 690 per
1605 649 1682 680 haec
1698 649 1788 690 quod
1810 649 1843 679 in
1865 649 1994 680 materia
2019 649 2236 690 periculorum
2260 649 2381 686 mortis,
2409 649 2489 680 circa

1416 703 1498 735 quae
1522 693 1652 734 ponitur
1675 693 1846 730 fortitudo,
1872 701 1918 724 est
1942 704 2004 724 una
2029 701 2155 724 tantum
2184 693 2264 725 ratio
2288 693 2435 724 firmandi
2460 701 2491 724 et

1416 737 1577 768 frenandi:
1603 744 1633 768 et
1648 745 1814 778 propterea
1831 738 1899 768 sola
1916 745 1962 769 est
1976 738 2020 769 ibi
2041 737 2207 769 fortitudo.
2232 738 2295 769 Sed
2311 738 2343 769 in
2361 739 2490 770 materia

1417 782 1506 813 ardui
1530 782 1616 818 boni,
1634 782 1715 813 circa
1730 782 1819 823 quod
1834 782 1967 823 ponitur
1989 782 2244 823 magnanimitas,
2263 792 2330 813 non
2357 789 2404 814 est
2426 793 2491 814 una

1417 833 1542 858 tantum
1566 826 1646 857 ratio
1669 825 1816 857 firmandi
1840 834 1870 858 et
1893 827 2103 867 reprimendi,
2127 828 2183 858 sed
2206 834 2253 858 est
2277 827 2337 858 alia
2361 835 2392 858 et
2415 827 2489 858 alia:

1418 878 1449 902 et
1471 871 1544 901 ideo
1560 881 1626 901 non
1651 878 1696 901 est
1711 871 1755 901 ibi
1779 871 1847 901 sola
1870 872 2125 911 magnanimitas,
2146 872 2201 902 sed
2225 879 2353 912 oportet
2369 872 2412 902 ibi
2437 873 2492 902 ad-

1419 925 1485 946 esse
1509 914 1733 946 humilitatem.

1474 959 1563 990 Haec
1586 965 1634 989 est
1655 969 1728 989 vera
1751 958 1895 996 intentio,
1913 959 1964 990 hic
1986 970 2080 990 verus
2096 969 2207 990 sensus
2230 960 2361 996 litterae,
2379 970 2491 991 omnes

1420 1003 1546 1034 solvens
1569 1003 1781 1044 quaestiones
1813 1003 1860 1033 Ex
1883 1003 1944 1034 hoc
1967 1004 2052 1034 enim
2077 1004 2166 1044 quod
2197 1004 2374 1045 explanavit
2397 1005 2492 1035 aliam

1421 1054 1451 1078 et
1474 1047 1569 1077 aliam
1591 1047 1747 1077 rationem
1771 1057 1808 1077 ex
1831 1047 2058 1088 principalibus
2082 1049 2203 1079 actibus
2226 1049 2493 1089 magnanimitatis

1421 1098 1451 1122 et
1474 1091 1671 1127 humilitatis,
1688 1091 1807 1122 scilicet
1829 1101 1866 1122 ex
1888 1091 2035 1123 firmitate
2055 1099 2086 1123 et
2108 1093 2315 1132 repressione,
2333 1103 2399 1124 non
2419 1104 2492 1134 pro-

1421 1142 1528 1176 pterea
1558 1134 1689 1166 exclusit
1713 1135 1791 1175 quin
1815 1142 1949 1176 utraque
1972 1136 2084 1167 habeat
2112 1138 2300 1168 secundario
2333 1138 2493 1179 reliquum

1421 1186 1543 1210 actum:
1569 1186 1703 1220 utraque
1719 1189 1859 1220 namque
1882 1180 1976 1211 habet
1993 1188 2166 1222 utrumque
2182 1190 2298 1218 actum,
2316 1182 2494 1213 secundum

1423 1223 1586 1264 propriam
1609 1230 1716 1253 tamen
1742 1224 1908 1255 rationem.
1938 1225 1999 1255 Sed
2023 1225 2098 1266 quia
2129 1225 2161 1256 in
2186 1226 2247 1257 hoc
2271 1225 2434 1263 differunt,
2459 1233 2495 1257 ut

1423 1267 1622 1308 praedictum
1646 1275 1693 1298 est
1707 1267 1734 1304 *,
1759 1269 1848 1308 quod
1872 1269 2114 1309 magnanimitas
2129 1270 2223 1300 habet
2245 1281 2304 1310 pro
2328 1270 2494 1311 principali

1423 1319 1494 1343 actu
1518 1311 1643 1342 firmare
1667 1318 1698 1342 et
1720 1312 1883 1352 impellere
1908 1320 2016 1344 contra
2040 1314 2309 1354 desperationem,
2334 1315 2495 1346 humilitas

1424 1363 1532 1387 autem
1555 1356 1650 1386 habet
1674 1366 1732 1396 pro
1756 1357 1923 1397 principali
1947 1364 2018 1388 actu
2043 1359 2212 1398 reprimere
2237 1368 2344 1399 spem:
2369 1369 2406 1390 ex
2428 1359 2496 1390 istis

1424 1403 1546 1431 Auctor
1574 1400 1743 1431 declaravit
1775 1401 1934 1432 intentum
1966 1412 2076 1438 suum,
2102 1410 2207 1434 tacens
2238 1403 2276 1433 de
2309 1404 2496 1434 secundario

1426 1444 1591 1486 utriusque
1615 1451 1697 1475 actu.

1481 1489 1549 1520 VII.
1574 1489 1625 1519 Ad
1635 1490 1779 1529 primum
1795 1489 1812 1508 ⁴¹
1836 1499 1911 1530 ergo
1929 1490 1961 1520 in
1978 1490 2176 1531 oppositum,
2193 1491 2307 1522 dicitur
2327 1492 2416 1532 quod
2431 1494 2497 1522 Au·
2526 1500 2536 1510 ⁸

1426 1540 1494 1565 ctor
1509 1533 1652 1574 loquitur
1677 1534 1715 1563 de
1739 1533 1861 1564 ratione
1885 1535 2022 1574 propria,
2040 1545 2106 1565 non
2130 1535 2213 1566 actui
2236 1535 2287 1566 isti
2305 1536 2354 1566 vel
2373 1536 2427 1573 illi,
2444 1537 2498 1566 sed

1398 1600 1400 1607 .
1421 1579 1580 1619 propria,
1604 1578 1667 1608 hoc
1698 1585 1762 1615 est,
1794 1578 2021 1619 specialissima
2050 1579 2131 1610 inter
2165 1580 2302 1610 rationes
2335 1580 2499 1611 directivas

1427 1629 1558 1654 actuum
1590 1622 1832 1663 reprimentium
1855 1630 1887 1654 et
1908 1623 2154 1664 impellentium.
2186 1625 2383 1655 Huiusmodi
2414 1625 2500 1655 enim

1427 1667 1507 1698 ratio
1533 1667 1613 1698 nulli
1637 1667 1816 1707 particulari
1849 1668 1932 1699 actui
1963 1675 2010 1699 est
2041 1668 2185 1710 propria,
2217 1670 2272 1700 sed
2301 1669 2360 1709 ipsi
2393 1669 2500 1700 virtuti

1427 1722 1527 1754 quam
1554 1710 1728 1742 constituit.

1484 1756 1535 1786 Ad
1557 1755 1733 1787 secundum
1765 1755 1881 1787 dicitur
1910 1758 1999 1797 quod
2034 1757 2150 1787 falsum
2179 1758 2320 1789 assumit.
2354 1758 2437 1788 Nam
2461 1759 2500 1788 ad

1429 1801 1490 1831 hoc
1510 1800 1600 1831 fortis
1623 1800 1788 1831 audaciam
1804 1801 2013 1837 moderatam,
2030 1808 2060 1832 et
2082 1801 2124 1832 ita
2149 1803 2346 1833 moderatam
2363 1809 2398 1833 ut
2413 1803 2500 1833 bono

1400 1879 1402 1894 z
1428 1845 1559 1876 rationis
1575 1845 1710 1885 expedit,
1725 1845 1869 1881 assumit,
1886 1852 1922 1876 ut
1937 1846 2061 1876 bonum
2076 1846 2206 1876 rationis
2222 1846 2370 1887 periculis
2389 1847 2501 1878 mortis

1400 1896 1402 1901 ¹
1429 1889 1592 1930 praeferat.
1617 1889 1752 1920 Constat
1775 1890 1862 1920 enim
1876 1890 1965 1930 quod
1990 1890 2079 1921 fortis
2104 1891 2211 1930 potius
2232 1898 2369 1922 mortem
2393 1901 2500 1932 aggre-

362 1936 488 1973 Tertio,
513 1935 588 1976 quia
612 1935 691 1966 ratio
721 1935 876 1976 assignata
898 1934 931 1965 in
955 1933 1161 1975 magnanimo
1189 1941 1298 1965 contra
1322 1935 1375 1965 de-
1400 1938 1402 1948 ·’

1430 1934 1547 1965 diendo
1572 1933 1666 1974 eliget
1688 1934 1842 1965 sustinere
1871 1944 1970 1975 quam
1994 1935 2237 1966 immoderatam
2261 1935 2426 1966 audaciam
2454 1947 2501 1966 as-

1429 1988 1564 2009 sumere.
1590 1978 1653 2009 Ubi
1669 1985 1755 2019 patet
1770 1979 1860 2020 quod
1877 1988 1914 2009 ex
1936 1980 2023 2010 bono
2040 1979 2170 2010 rationis
2186 1980 2393 2020 praeferendo
2417 1990 2501 2011 mor-

1429 2023 1468 2054 tis
1492 2023 1651 2063 periculis,
1671 2023 1789 2053 modus
1812 2023 1962 2054 audaciae
1985 2023 2173 2064 imponitur.

1485 2068 1536 2098 Ad
1559 2069 1702 2105 tertium,
1719 2068 1904 2098 conceditur
1919 2069 2008 2109 quod
2032 2068 2111 2099 ratio
2127 2068 2180 2098 illa
2202 2076 2249 2099 est
2272 2068 2398 2110 utrique
2417 2069 2501 2099 actui

1429 2112 1630 2143 communis:
1655 2113 1710 2143 sed
1734 2122 1801 2143 non
1825 2119 1861 2143 ut
1883 2113 1962 2150 sola,
1987 2123 2053 2150 seu,
2078 2123 2144 2143 non
2169 2114 2345 2144 secundum
2370 2123 2502 2144 omnem

1429 2156 1587 2187 rationem
1610 2167 1674 2197 qua
1698 2164 1831 2198 uterque
1851 2164 1938 2188 actus
1963 2165 2010 2188 est
2032 2157 2213 2198 regulabilis
2228 2157 2262 2187 in
2285 2158 2338 2188 tali
2354 2158 2500 2194 materia;

1430 2201 1485 2232 sed
1501 2201 1679 2232 secundum
1695 2201 1836 2242 aliquam
1851 2202 2072 2242 particularem
2086 2202 2253 2232 rationem.
2269 2202 2310 2232 Et
2321 2202 2393 2232 ideo
2407 2213 2502 2243 opor-

1429 2251 1474 2276 tet
1503 2255 1622 2286 ponere
1653 2244 1748 2276 aliam
1780 2246 1952 2276 rationem:
1982 2253 2018 2276 ut
2041 2246 2083 2276 sic
2117 2253 2250 2286 uterque
2284 2253 2371 2277 actus
2394 2246 2426 2277 in
2450 2247 2503 2277 tali

1431 2289 1561 2321 materia
1586 2290 1764 2320 secundum
1788 2300 1920 2321 omnem
1943 2291 2100 2321 rationem
2124 2290 2163 2321 sit
2187 2290 2356 2330 regulatus.

1487 2335 1527 2365 Et
1551 2344 1607 2374 per
1630 2334 1693 2365 hoc
1712 2340 1799 2374 patet
1821 2335 1988 2375 responsio
2012 2335 2051 2365 ad
2075 2340 2237 2376 quartum.
2262 2335 2388 2365 Eodem
2407 2335 2504 2376 siqui-

1431 2379 1504 2409 dem
1528 2379 1629 2409 modo
1653 2379 1863 2419 respondetur
1886 2380 1975 2420 quod
1999 2379 2079 2411 ratio
2104 2379 2229 2410 divinae
2245 2379 2435 2410 reverentiae
2459 2387 2505 2411 est

1432 2423 1614 2454 communis
1638 2423 1765 2464 utrique
1789 2424 1889 2455 actui:
1914 2425 1970 2454 sed
1993 2434 2060 2455 non
2083 2431 2119 2455 ut
2141 2425 2220 2465 sola,
2238 2424 2319 2455 sicut
2334 2424 2415 2455 ratio
2440 2424 2503 2455 for-

1431 2468 1575 2499 titudinis
1599 2475 1646 2499 est
1670 2468 1852 2499 communis
1877 2469 2002 2510 utrique
2026 2469 2110 2499 actui
2133 2476 2169 2499 ut
2192 2469 2270 2499 sola.
2299 2469 2340 2499 Et
2362 2469 2504 2500 similiter

1432 2519 1479 2543 est
1494 2513 1677 2543 communis
1693 2513 1819 2554 utrique
1836 2513 1919 2544 actui
1935 2513 2113 2544 secundum
2128 2513 2268 2554 aliquam
2283 2513 2503 2553 particularem

1431 2556 1589 2588 rationem
1604 2557 1745 2593 illorum,
1763 2565 1794 2588 et
1816 2568 1882 2588 non
1907 2558 2084 2588 secundum
2104 2568 2235 2588 omnem
2261 2557 2416 2588 rationem
2439 2567 2503 2598 qua

1432 2609 1566 2643 uterque
1582 2609 1629 2632 est
1645 2602 1832 2642 regulabilis.
1857 2603 1940 2632 Nam
1961 2609 2094 2643 uterque
2110 2609 2156 2633 est
2172 2602 2296 2632 duabus
2316 2602 2502 2638 rationibus,

1432 2653 1463 2677 et
1486 2657 1552 2677 non
1577 2656 1641 2677 una
1665 2647 1743 2683 sola,
1760 2647 1954 2687 regulabilis,
1979 2646 2096 2677 scilicet
2123 2656 2159 2677 ex
2183 2646 2304 2677 ratione
2323 2646 2443 2686 proprii
2467 2656 2502 2676 ac

1427 2691 1650 2722 vconvenientis
1674 2691 1761 2728 boni,
1778 2698 1809 2722 et
1824 2701 1861 2722 ex
1880 2691 1985 2721 divina
2000 2691 2186 2721 reverentia:
2211 2690 2284 2721 licet
2307 2697 2440 2731 utraque
2465 2691 2503 2721 sit

1433 2735 1559 2777 utrique
1583 2735 1666 2766 actui
1691 2735 1884 2773 communis,
1901 2746 1967 2766 non
1991 2742 2097 2766 tamen
2120 2742 2156 2766 ut
2179 2735 2255 2772 sola,
2273 2735 2347 2775 quia
2367 2741 2503 2775 possunt

1433 2780 1494 2811 alia
1517 2780 1639 2811 ratione
1656 2780 1799 2820 regulari.
1828 2780 1869 2811 Et
1892 2786 2019 2820 oportet
2042 2780 2131 2820 quod
2147 2779 2234 2810 aliter
2258 2779 2440 2819 regulentur
2463 2779 2501 2809 ad

1433 2824 1662 2866 perficiendum
1686 2825 1788 2855 civem
1805 2825 1943 2855 caelestis
1968 2824 2084 2864 patriae
2104 2825 2136 2854 in
2162 2825 2213 2855 via
2228 2824 2289 2854 hac
2311 2834 2374 2864 qua
2391 2824 2501 2854 ambu-

1433 2869 1540 2900 lamus
1557 2869 1584 2906 *,
1601 2879 1699 2911 quam
1723 2869 1812 2910 quod
1836 2879 1892 2910 per
1915 2868 2207 2909 magnanimitatem
2231 2868 2423 2908 regulentur.

1113 3066 1432 3110 ARTICULUS
1461 3066 1693 3110 TERTIUS

671 3167 827 3198 UTRUM
851 3166 981 3198 HOMO
1004 3167 1178 3198 DEBEAT
1197 3167 1246 3199 SE
1271 3168 1461 3199 OMNIBUS
1485 3169 1568 3199 PER
1587 3168 1898 3199 HUMILITATEM
1924 3167 2147 3199 SUBIICERE

1044 3264 1118 3296 Infra,
1139 3271 1184 3291 art.
1204 3264 1229 3295 6,
1249 3266 1280 3290 ad
1304 3273 1330 3296 13
1348 3266 1392 3290 Ad
1410 3266 1534 3297 Philipp„
1555 3273 1611 3298 cap.
1631 3273 1658 3296 n,
1679 3266 1737 3291 lect.
1756 3273 1773 3291 1.

319 3571 552 3608 subiectione
581 3571 746 3608 hominis
775 3572 823 3609 ad
846 3574 984 3611 Deum.
1017 3576 1093 3612 Sed
1117 3575 1155 3613 id
1184 3577 1288 3625 quod
1318 3578 1381 3614 de-

462 3642 571 3666 Summe
590 3641 691 3666 Tuam..
710 3641 742 3666 D.
754 3641 870 3666 Taouaa
889 3642 920 3667 T.
940 3643 993 3669 VII.

468 3389 474 3394 „
500 3384 504 3392 «
529 3371 553 3396 n
571 3371 731 3398 TER-rium
751 3374 804 3399 Slc
827 3374 1068 3400 paocssmrua.
1095 3364 1255 3401 Videtur
1274 3364 1380 3412 quod
1407 3375 1409 3414 ζ

502 3413 649 3449 homo
679 3426 757 3451 non
777 3415 914 3452 debeat
941 3429 980 3453 se
1010 3417 1187 3454 omnibus
1216 3429 1285 3465 per
1311 3417 1380 3453 hu·
1407 3430 1409 3461 ς

445 3514 449 3516 ῃ
531 3465 726 3503 militatem
754 3467 950 3506 subiicere.
985 3469 1098 3517 Quia,
1118 3470 1213 3507 sicut
1238 3470 1380 3507 dictum
1407 3466 1409 3514 l
1436 3470 1688 3507 humilitatem
1718 3483 1796 3507 non
1825 3471 1938 3507 debet
1966 3483 2006 3506 se
2034 3469 2182 3507 homini
2210 3470 2407 3508 subiicere.

405 3510 588 3555 NJest
606 3517 646 3565 ²¹³,
675 3519 866 3557 humilitas
901 3522 1106 3571 praecipue
1145 3523 1311 3560 consistit
1343 3523 1381 3560 in
1408 3544 1409 3559 ι

1436 3365 1546 3400 betur
1574 3365 1671 3410 Deo,
1698 3376 1777 3400 non
1805 3371 1860 3400 est
1887 3363 2034 3400 homini
2059 3363 2338 3401 exhibendum:
2369 3372 2410 3401 ut
2437 3378 2504 3414 pa-

1436 3424 1488 3453 tet
1516 3416 1554 3453 in
1583 3416 1781 3460 omnibus,
1801 3416 1946 3454 actibus
1974 3416 2114 3454 latriae.
2153 3417 2256 3465 Ergo
2285 3418 2406 3454 homo
2435 3431 2504 3467 per

1492 3535 1526 3560 2.
1549 3524 1785 3570 Pmsmnm,
1806 3523 2040 3572 Augustinus
2061 3523 2159 3571 dicit,
2176 3524 2214 3561 in
2233 3524 2329 3561 libro
2349 3524 2395 3561 de
2407 3525 2500 3561 Nat.

1408 3598 1409 3621 3
1437 3582 1472 3613 et
1493 3577 1627 3614 Gratia
1646 3576 1683 3613 *ε
1704 3577 1912 3614 Humilitas
1937 3577 2156 3614 collocanda
2176 3583 2231 3614 est
2257 3578 2293 3614 in
2309 3583 2422 3626 parte
2440 3589 2502 3614 ve-

2329 3646 2360 3671 38

2516 351 2525 360 ⁸
2544 351 2594 372 Art.
2614 352 2728 379 praeced,

2516 376 2647 399 Commeat.
2665 384 2727 400 num.

2516 410 2537 425 V.

2523 1278 2532 1287 ⁸
2546 1277 2605 1299 ibid.

2549 1498 2619 1521 Num.
2634 1505 2655 1521 v.

2530 2847 2540 2856 ⁸
2554 2845 2591 2867 Pa.
2609 2851 2667 2873 cxu,
2682 2852 2740 2867 vers.

2529 3578 2539 3588 ⁸
2553 3577 2610 3604 Cap.
2624 3582 2699 3598 xxxiv.
