2768 4198
46 981 58 994 ⁸
89 981 258 1009 nusqu·m›

45 1087 103 1111 ‘Pa
109 1091 190 1116 mm,
197 1093 258 1110 vert.

49 1297 171 1326 ⁸D.n89.

917 311 1184 358 QUAESTIO
1214 311 1406 359 CLXXX,
1435 310 1732 348 ARTICULUS
1761 310 1828 347 Vll

283 392 389 429 sione
419 390 607 441 corporali
641 389 747 439 quod
769 387 783 411 ὅ
813 389 1042 426 delectabilis
1071 388 1239 426 redditur
1266 400 1345 425 non

283 445 407 481 solum
438 456 484 481 ex
513 456 559 480 eo
589 443 695 492 quod
723 442 849 491 ipsum
877 442 1008 479 videre
1038 450 1093 479 est
1113 441 1344 489 delectabile,

284 498 351 535 sed
372 509 416 534 ex
437 509 482 534 eo
504 497 617 534 etiarn
637 496 741 545 quod
760 501 772 516 ⁸
791 495 895 533 videt
914 495 998 545 quis
1016 507 1222 544 personam
1242 507 1346 532 ama-

283 559 374 588 tam.
396 550 498 596 Quia
517 562 606 598 ergo
621 549 699 586 vita
720 549 1015 598 contemplativa
1033 549 1236 598 praecipue
1257 560 1347 585 con-

285 603 377 640 sistit
405 603 442 639 in
471 601 792 651 contemplatione
821 603 904 649 Dei,
925 603 973 639 ad
994 614 1111 651 quam
1137 610 1269 639 movet
1288 614 1347 640 ca·
1373 612 1376 654 l

247 681 256 691 ‚
285 657 385 702 ritas,
406 663 447 692 ut
475 655 619 692 dictum
639 663 695 692 est
712 655 752 700 *3
782 655 869 693 inde
891 664 946 692 est
964 655 1070 704 quod
1094 655 1131 692 in
1151 655 1229 692 vita
1258 668 1348 693 con-

284 709 505 757 templativa
524 720 602 745 non
631 709 755 745 solum
777 716 832 745 est
851 708 1047 746 delectatio
1068 709 1211 746 ratione
1232 708 1349 757 ipsius
1375 728 1376 748 l

286 760 630 811 contemplationis,
652 763 719 799 sed
746 762 892 799 ratione
912 762 1028 811 ipsius
1048 762 1166 799 divini
1194 763 1347 800 amoris.

339 815 387 851 Et
420 823 607 863 quantum
645 816 693 853 ad
721 823 928 864 utrumque
967 815 1047 852 eius
1081 815 1279 852 delectatio
1309 829 1349 853 o-

285 880 417 905 mnem
447 868 736 905 delectationem
764 869 974 905 humanam
1002 868 1159 906 excedit.
1190 869 1294 905 Nam
1316 877 1351 906 et
1376 882 1377 890 ³

287 921 484 958 delectatio
513 921 711 970 spiritualis
734 922 860 971 potior
889 929 944 958 est
972 933 1090 969 quam
1120 922 1290 969 carnalis,
1310 926 1351 959 ut
1376 936 1378 948 ε

287 986 402 1023 supra
420 974 440 996 '¹‘
468 975 640 1012 habitum
670 983 737 1019 est,
758 987 846 1012 cum
878 975 924 1012 de
952 974 1194 1023 passionibus
1223 987 1351 1023 agere·
1377 973 1378 976 ’

285 1035 366 1064 tur:
398 1035 434 1064 et
461 1028 541 1077 ipse
562 1041 672 1065 amor
690 1041 769 1077 quo
790 1041 835 1065 ex
864 1028 1015 1065 caritate
1043 1029 1150 1064 Deus
1176 1028 1350 1076 diligitur,
1377 1027 1378 1043 ³

288 1093 446 1118 omnem
476 1094 650 1118 amorem
686 1081 842 1118 excedit.
878 1081 990 1119 Unde
1020 1089 1056 1117 et
1083 1081 1121 1117 in
1158 1081 1312 1118 Psalmo
1332 1081 1352 1103 *
1378 1117 1379 1121 ,

289 1134 444 1171 dicitur:
477 1135 642 1181 Gustate,
662 1141 698 1171 et
714 1135 834 1171 videte
860 1135 1039 1182 quoniam
1058 1134 1185 1170 suavis
1203 1140 1257 1170 est
1274 1135 1352 1171 Do·
1378 1135 1379 1147 ³

287 1188 424 1225 minus.

341 1243 399 1277 An
428 1252 566 1278 ptumum
593 1252 692 1278 ERGO
720 1251 904 1277 mcENDUM
941 1238 1046 1288 quod
1073 1239 1151 1275 vita
1184 1246 1354 1276 contem-

288 1294 442 1342 plativa,
471 1294 558 1331 licet
585 1293 830 1330 essentialiter
858 1292 1039 1329 consistat
1056 1291 1094 1328 in
1114 1291 1303 1328 intellectu
1321 1292 1353 1340 ²¹²,
1380 1303 1381 1307 ¹

261 1346 516 1398 ‚prfficipium
546 1354 676 1384 tamen
703 1347 819 1383 habet
851 1345 890 1382 in
927 1344 1085 1382 affectu:
1126 1343 1353 1393 inquantum

287 1400 463 1438 videlicet
490 1399 623 1448 aliquis
661 1411 706 1436 ex
741 1399 894 1436 caritate
926 1398 974 1435 ad
1009 1397 1082 1435 Dei
1119 1398 1353 1446 contempla-

287 1453 434 1491 tionem
470 1453 656 1490 incitatur.
694 1453 744 1489 Et
778 1452 868 1500 quia
895 1451 982 1488 finis
1018 1451 1225 1499 respondet
1253 1450 1354 1499 prin-

289 1506 400 1556 cipio,
421 1505 510 1544 inde
539 1514 594 1542 est
622 1505 728 1554 quod
748 1504 862 1541 etiam
891 1504 1075 1541 terminus
1096 1511 1131 1540 et
1150 1503 1237 1540 finis
1266 1516 1356 1540 con-

287 1559 534 1609 templativae
561 1558 661 1596 vitae
689 1555 881 1594 habetur<
909 1557 947 1594 in
976 1556 1133 1594 affectu:
1164 1557 1256 1594 dum
1286 1557 1355 1594 sci-

288 1613 374 1650 licet
401 1612 537 1661 aliquis
564 1611 602 1648 in
629 1611 779 1648 visione
808 1609 861 1647 rei
890 1618 1040 1647 amatae
1071 1610 1288 1657 delectatur,
1320 1618 1356 1647 et
1381 1614 1383 1643 ἶ

288 1666 370 1715 ipsa
398 1665 596 1703 delectatio
616 1664 670 1701 rei
688 1663 792 1701 visae
822 1663 985 1713 amplius
1014 1664 1148 1700 excitat
1166 1675 1354 1701 amorem.

288 1719 400 1756 Unde
429 1718 637 1767 Gregorius
667 1717 766 1768 dicit,
786 1729 900 1766 super
926 1718 1060 1766 Ezech.
1079 1717 1111 1762 ²⁸,
1141 1717 1247 1765 quod
1268 1729 1354 1754 cum
1382 1720 1383 1731 ¹

288 1773 372 1821 quis
390 1772 511 1820 ipsum
531 1783 641 1820 quem
660 1776 767 1808 amat
782 1771 926 1816 viderit,
948 1771 985 1807 in
1005 1782 1176 1807 amorem
1196 1776 1215 1798 ⁷¹
1243 1771 1357 1819 ipsius
1382 1766 1383 1794 ἶ

289 1826 451 1874 amplius
469 1825 636 1875 ignescit.
657 1825 706 1861 Et
724 1825 820 1861 haec
840 1833 896 1861 est
914 1824 1047 1860 ultima
1062 1823 1244 1872 perfectio
1266 1836 1356 1861 con·
1382 1843 1383 1846 =

289 1878 534 1928 templativae
561 1878 684 1915 vitae:
719 1886 760 1914 ut
788 1877 929 1914 scilicet
957 1890 1035 1914 non
1073 1877 1197 1913 solum
1228 1877 1356 1914 divina
1382 1894 1383 1907 ι

289 1932 428 1970 veritas
455 1931 643 1978 videatur,
673 1932 740 1968 sed
770 1931 885 1968 etiam
913 1939 955 1967 ut
983 1938 1143 1967 ametur.

343 1988 403 2022 An
417 1997 610 2022 SECUNDUM
635 1996 820 2022 mensuum
840 1986 945 2033 quod
971 1983 1164 2020 contentio
1182 1984 1245 2020 vel
1275 1996 1354 2020 cer-

291 2046 420 2076 tamen
448 2038 554 2087 quod
582 2037 759 2086 provenit
792 2049 837 2074 ex
867 2037 1128 2074 contrarietate
1163 2036 1357 2074 exterioris
1383 2049 1385 2066 f

292 2092 356 2139 rei,
386 2091 544 2140 impedit
580 2091 676 2128 illius
705 2091 757 2128 rei
791 2091 1103 2128 delectationem:
1139 2103 1218 2127 non
1255 2090 1357 2127 enim

292 2145 425 2193 aliquis
445 2145 653 2182 delectatur
671 2144 709 2181 in
738 2157 778 2181 re
799 2152 931 2182 contra
950 2156 1075 2192 quam·
1095 2151 1250 2192 pugnat.
1281 2143 1358 2181 Sed
1385 2148 1386 2174 ἲ

293 2198 330 2236 in
350 2211 391 2236 re
419 2211 489 2248 pro
518 2211 594 2248 qua
613 2198 696 2247 quis
724 2205 878 2247 pugnat,
900 2210 987 2235 cum
1017 2209 1102 2234 eam
1120 2198 1240 2234 homo
1270 2197 1358 2234 ade·
1385 2242 1387 2249 Ι

292 2259 379 2301 ptus
398 2252 520 2298 fuerit,
537 2251 670 2288 ceteris
690 2251 855 2300 paribus,
873 2251 993 2299 magis
1012 2251 1050 2287 in
1070 2263 1114 2287 ea
1135 2251 1357 2288 delectatur:

293 2305 388 2342 sicut
415 2305 648 2354 Augustinus
677 2304 788 2352 dicit,
817 2304 854 2342 in
882 2305 969 2342 VIII
1004 2305 1171 2352 Confess.
1191 2303 1223 2351 ²¹⁸,
1254 2303 1359 2353 quod
1386 2309 1387 2312 ’

293 2364 433 2408 quanto
441 2359 524 2407 fuit
541 2359 665 2396 maius
687 2358 897 2407 periculum
922 2358 959 2395 in
974 2357 1136 2406 praelio,
1157 2362 1258 2394 tanto
1278 2369 1360 2394 ma-

2386 312 2461 358 433

1397 390 1498 426 fectu
1522 389 1639 426 nostri
1667 388 1889 435 intellectus,
1911 395 1948 425 et
1967 400 2012 425 ex
2032 388 2262 438 corruptibili
2291 402 2463 439 corpore,

1400 443 1506 492 quod
1542 455 1614 479 nos
1643 443 1690 478 ad
1720 442 1897 479 inferiora
1929 442 2098 490 retrahit,
2127 442 2339 480 secundum
2373 444 2465 481 illud

1400 497 1487 544 Sap.
1515 508 1550 532 1x
1571 495 1609 532 *ε
1644 496 1807 544 Corpus,
1837 496 1939 544 quod
1969 496 2244 544 corrumpitur,
2274 503 2468 546 aggravat
2494 503 2628 531 “Vm-¹⁵-

1400 549 1592 586 animam.-
1630 555 1665 585 et
1691 549 1864 596 deprimit
1890 555 2039 586 terrena
2068 550 2284 586 inhabitatio
2316 562 2464 587 sensum

1400 602 1517 640 multa
1537 603 1777 652 cogitantem.
1800 603 1847 639 Et
1866 602 1954 640 inde
1976 611 2030 639 est
2050 605 2154 651 quod
2175 604 2329 651 quando
2346 604 2464 640 homo

1401 655 1576 704 pertingit
1605 655 1652 693 ad
1683 657 2045 705 contemplationem
2065 656 2243 703 veritatis,
2275 657 2466 694 ardentius

1402 721 1489 746 earn
1518 717 1636 746 amat:
1667 709 1734 746 sed
1764 709 1884 757 magis
1905 709 1984 747 odit
2002 710 2201 758 proprium
2232 710 2423 747 defectum
2444 723 2466 747 a

1376 762 1583 810 ¹gravitate
1604 760 1616 782 ⁰
1647 762 1898 811 corruptibilis
1936 763 2126 811 corporis,
2164 771 2206 800 ut
2243 762 2341 800 dicat
2378 776 2465 800 cum
2593 772 2605 797 o

1376 853 1377 856 ,
1402 816 1590 864 Apostolo
1608 815 1648 852 *ε
1677 816 1821 862 Infelix
1847 827 1919 865 ego
1938 815 2071 853 homo!
2103 817 2194 858 Quis
2220 827 2281 852 me
2298 816 2469 853 liberabit
2495 819 2706 848 ‘MRffl-›ssv-

2493 852 2533 874 vn,
2547 852 2607 868 vers.
2621 852 2657 873 ²4·

1403 869 1448 905 de
1476 879 1635 917 corpore
1661 869 1792 905 mortis
1818 869 1956 906 huius?
1982 869 2093 907 Unde
2123 877 2159 906 et
2179 869 2385 917 Gregorius
2414 870 2467 907 di-

1405 922 1472 968 cit,
1501 933 1614 970 super
1640 922 1774 970 Erech.
1795 921 1836 958 *ε
1876 923 1971 959 Cum
2000 924 2104 959 Deus
2131 923 2207 959 iam
2234 921 2304 971 pei·
2329 923 2467 960 deside·
2495 926 2575 948 'Lm
2591 926 2630 947 εἰτ-

1377 987 1378 1021 3
1404 975 1504 1011 rium
1532 980 1568 1011 et
1594 974 1816 1011 intellectum
1845 977 2096 1025 cognoscitur,
2123 988 2272 1013 omnem
2300 977 2467 1025 volupta-

1405 1034 1478 1065 tem
1506 1028 1632 1064 carnis
1659 1028 1829 1075 arefacit.

1458 1082 1517 1117 AD
1550 1092 1710 1117 TERTmM
1743 1092 1927 1117 DtCENDuM
1961 1082 2065 1128 quod
2099 1082 2367 1130 contemplatio
2396 1082 2469 1119 Dei

1378 1179 1380 1183 Ι
1405 1134 1443 1170 in
1471 1134 1544 1170 hac
1563 1133 1640 1170 vita
1661 1133 1882 1181 imperfecta
1911 1141 1965 1170 est
1989 1142 2162 1183 respectu
2183 1136 2468 1184 contemplatio-

1379 1208 1381 1230 ᾗ
1407 1186 1464 1223 nis
1483 1186 1646 1234 patriae:
1679 1193 1714 1222 et
1733 1186 1902 1223 similiter
1921 1187 2118 1224 delectatio
2140 1188 2469 1237 contemplationis

1406 1239 1493 1275 viae
1523 1247 1578 1275 est
1614 1239 1835 1287 imperfecta
1871 1248 2046 1288 respectu
2085 1241 2343 1278 delectationis
2380 1254 2469 1278 con—

1407 1292 1662 1340 templationis
1691 1292 1844 1340 patriae,
1868 1293 1915 1329 de
1945 1305 2021 1340 qua
2041 1293 2175 1330 dicitur
2199 1294 2237 1331 in
2266 1295 2418 1332 Psalmo
2437 1295 2469 1332 *ε
2499 1299 2703 1325 ‘P⁸-¹¹¹v‘”²“

1407 1345 1467 1381 De
1494 1350 1658 1381 torrente
1685 1345 1883 1393 voluptatis
1901 1351 1987 1382 tuae
2010 1347 2158 1394 potabis
2177 1359 2249 1384 eos.
2281 1349 2357 1385 Sed
2382 1360 2470 1385 con·
2497 1331 2519 1353 ⁹⁸

1381 1436 1382 1448 χ
1407 1397 1604 1446 templatio
1626 1397 1843 1434 divinorum
1873 1411 1970 1447 quae
1999 1399 2161 1442 habetur
2179 1399 2217 1436 in
2235 1400 2310 1448 via,
2332 1401 2399 1437 etsi
2427 1401 2472 1438 sit

1408 1451 1640 1499 imperfecta,
1662 1459 1717 1487 est
1744 1459 1874 1487 tamen
1894 1451 2149 1489 delectabilior
2169 1453 2272 1489 omni
2292 1453 2364 1490 alia
2384 1466 2472 1490 con-

1381 1503 1657 1556 templatione
1698 1512 2054 1553 quantumcumque
2095 1506 2282 1554 perfecta,
2318 1514 2473 1555 propter

1382 1597 1383 1601 Ἰ
1409 1557 1668 1594 excellentiam
1694 1557 1746 1593 rei
1767 1558 2056 1606 contemplatae.
2086 1559 2197 1596 Unde
2219 1559 2473 1608 Philosophus

1410 1610 1517 1656 dicit,
1547 1610 1584 1647 in
1614 1611 1627 1646 Ι
1657 1610 1702 1646 de
1729 1611 1903 1647 Partibus
1935 1612 2101 1648 Animal.
2122 1611 2161 1648 *z
2190 1613 2338 1649 Accidit
2371 1613 2472 1650 circa
2502 1618 2618 1645 'Cap-v·

1382 1707 1383 1712 η
1409 1664 1492 1700 illas
1519 1663 1758 1700 honorabiles
1785 1664 1980 1701 existentes
2007 1670 2043 1701 et
2068 1665 2214 1702 divinas
2238 1667 2472 1713 substantias,

1382 1735 1383 1741 1
1408 1717 1573 1754 minores
1605 1717 1711 1753 nobis
1730 1717 1889 1754 existere
1917 1718 2079 1755 theorias
2099 1724 2118 1755 ².
2148 1719 2223 1755 Sed
2249 1720 2317 1755 etsi
2341 1731 2470 1756 secun-
2604 1734 2611 1749 ι

1409 1771 1499 1807 dum
1519 1770 1708 1807 modicum
1728 1771 1959 1820 attingamus
1987 1783 2061 1817 eas,
2083 1776 2219 1818 tamen,
2235 1778 2392 1821 propter
2409 1775 2472 1809 ho-

1410 1823 1684 1861 norabilitatem
1700 1825 1961 1872 cognoscendi,
1982 1825 2232 1862 delectabilius
2249 1825 2393 1874 aliquid
2408 1827 2474 1863 ha-

1410 1878 1498 1914 bent
1513 1888 1626 1925 quam
1643 1888 1741 1925 quae
1758 1878 1861 1925 apud
1879 1890 1947 1914 nos
1965 1879 2104 1915 omnia.
2127 1879 2176 1915 Et
2193 1879 2268 1916 hoc
2285 1887 2339 1915 est
2358 1879 2471 1916 etiarn

1382 1936 1384 1967 Ξ
1411 1930 1517 1978 quod
1555 1930 1760 1977 Gregorius
1796 1930 1901 1977 dicit,
1930 1943 2043 1979 super
2069 1933 2203 1980 Ezech.
2223 1931 2263 1969 *ε
2303 1933 2474 1969 Contem-
2502 1936 2580 1958 '1⁴02
2596 1935 2635 1957 01¹·

1405 1983 1550 2031 plativa
1578 1983 1654 2020 vita
1674 1983 1847 2020 amabilis
1865 1984 1975 2021 valde
1992 1985 2146 2021 dulcedo
2166 1991 2229 2031 est,
2249 1997 2347 2034 quae
2362 1998 2475 2034 super

1410 2037 1644 2085 semetipsam
1673 2037 1841 2073 animam
1871 2038 1979 2085 rapit,
2010 2038 2181 2075 caelestia
2209 2039 2340 2087 aperit,
2367 2040 2474 2090 spiri-

1413 2090 1528 2127 tualia
1557 2090 1690 2126 mentis
1717 2090 1834 2126 oculis
1856 2092 2048 2138 patefacit.

1466 2146 1523 2180 An
1544 2154 1718 2186 QUARTUM
1738 2155 1922 2181 nicENDUM
1941 2145 2047 2192 quod
2069 2145 2181 2181 Iacob
2201 2153 2288 2194 post
2307 2153 2476 2182 contem-

1413 2197 1620 2246 plationem
1648 2208 1727 2233 uno
1747 2197 1846 2245 pede
1876 2197 2121 2244 claudicabat,
2143 2197 2233 2245 quia
2262 2210 2408 2235 necesse
2427 2204 2479 2235 est

1414 2256 1464 2296 ut,
1484 2249 1671 2286 debilitato
1690 2261 1824 2286 amore
1849 2251 2000 2296 saeculi,
2021 2251 2258 2288 convalescat
2275 2251 2410 2300 aliquis
2428 2253 2480 2288 ad

1414 2315 1585 2340 amorem
1605 2302 1689 2348 Dei,
1718 2310 1759 2339 ut
1788 2304 1994 2351 Gregorius
2023 2303 2122 2351 dicit,
2145 2315 2259 2352 super
2283 2306 2417 2353 Erech.
2436 2305 2477 2342 *ς
2505 2305 2587 2327 ‘¹⁶³⁶-

1387 2358 1388 2377 ³
1414 2362 1449 2393 et
1476 2356 1570 2402 ideo,
1586 2361 1673 2404 post
1705 2357 1937 2406 agnitionem
1971 2358 2165 2394 suavitatis
2193 2358 2286 2404 Dei,
2317 2370 2412 2395 unus
2441 2360 2477 2395 in

293 2413 351 2450 ius
377 2417 432 2449 est
457 2412 642 2462 gaudium
671 2412 709 2449 in
737 2412 938 2460 triumpho.
969 2411 1060 2448 Non
1081 2418 1137 2447 est
1165 2418 1293 2447 autem
1323 2410 1361 2447 in
1387 2436 1389 2470 1
1415 2410 1521 2447 nobis
1557 2421 1672 2446 sanus
1702 2421 1772 2458 pes
1799 2416 1979 2456 remanet,
2008 2416 2121 2459 atque
2147 2411 2244 2447 alius
2279 2411 2476 2449 claudicat.

294 2465 616 2515 contemplatione
645 2465 836 2502 contentio
865 2472 902 2502 et
930 2472 1124 2502 certamen
1144 2475 1189 2500 ex
1214 2471 1362 2500 contra·
1388 2496 1389 2501 ,
1421 2463 1550 2500 Omnis
1587 2463 1686 2499 enim
1722 2464 1787 2511 qui
1818 2475 1892 2500 uno
1919 2464 2017 2512 pede
2044 2464 2244 2510 claudicat,
2278 2464 2398 2501 solum
2428 2465 2483 2501 illi

294 2519 423 2557 rietate
450 2519 620 2556 veritatis
644 2531 761 2568 quam
791 2518 1113 2567 contemplamur:
1144 2518 1211 2554 sed
1232 2529 1278 2553 ex
1297 2517 1361 2554 de·
1388 2522 1390 2565 ζ

348 2678 373 2711 δ)
395 2678 474 2711 quod.
485 2691 505 2697 -
522 2685 591 2710 quae
609 2677 686 2702 PCH.

347 2715 370 2747 ε)
390 2721 427 2739 ex
439 2721 470 2739 eo
482 2713 563 2739 etiam
582 2713 661 2745 quod.
674 2726 692 2730 —
709 2719 747 2737 ex
758 2719 788 2737 eo
801 2711 873 2744 quod
891 2711 972 2736 ettam
985 2711 1145 2736 BEFIKLsC
1158 2715 1183 2735 et
1196 2718 1222 2740 a,
1235 2717 1265 2735 eo
1279 2711 1360 2735 etiam

295 2750 367 2783 quod
385 2751 416 2780 A,
434 2756 472 2774 ex
490 2756 521 2774 eo
539 2748 612 2781 quod
630 2748 677 2780 pC,
695 2747 776 2772 etiam
795 2754 833 2772 ex
851 2754 882 2772 eo
901 2747 972 2778 quod
990 2747 1018 2772 Ρ.

348 2785 373 2817 ζ)
392 2785 513 2810 habetur.
525 2798 544 2803 -
562 2785 640 2809 habet
658 2783 831 2815 DEFIKLpB,
844 2782 923 2807 habet
940 2789 996 2807 esse
1013 2781 1105 2811 ACsK.
1120 2781 1199 2806 habet
1210 2781 1250 2812 (tn
1264 2781 1360 2815 affectu

296 2823 363 2854 esse)
383 2822 415 2852 Η,
434 2821 506 2846 sistit
525 2821 568 2845 sB.

1411 2517 1502 2565 pedi
1527 2516 1698 2552 innititur
1724 2528 1834 2564 quem
1862 2529 1997 2553 sanum
2025 2518 2146 2554 habet.

1467 2675 1494 2707 η)
1514 2682 1642 2701 amorem.
1654 2689 1673 2695 -
1690 2682 1783 2699 amore
1801 2674 1994 2699 ABCEFI-IIKL
2013 2679 2039 2698 et
2056 2681 2082 2703 a,
2102 2678 2131 2698 ut
2148 2681 2197 2698 nos
2216 2674 2248 2699 G.

1468 2708 1492 2743 θ)
1511 2718 1529 2735 a
1540 2711 1684 2744 gravitate.
1696 2724 1716 2729 -
1733 2714 1759 2735 et
1771 2710 1934 2743 gravitatem
1954 2709 2088 2739 PELsBG,
2101 2713 2277 2742 agravantem
2297 2708 2480 2740 (corruptibile

1415 2745 1633 2813 conffsihgrias.
1645 2795 1665 2800 —
1683 2781 1814 2806 theoricas
1832 2781 1948 2813 ALpBC.

985 2914 1319 2947 Commentario.
1341 2913 1593 2947 Cat-dinah's
1615 2914 1816 2947 Caietam

328 3017 350 3037 κ
372 3006 505 3038 articulo
529 3005 666 3046 septimo
691 3004 833 3035 eiusdem
856 3002 1062 3044 quaestionis,
1080 3003 1112 3033 in
1134 3012 1268 3042 corpore
1291 3001 1362 3032 arti-

301 3018 402 3087 Iculi,
419 3051 544 3082 adverte
568 3050 667 3091 quod,
688 3059 762 3080 cum
786 3048 899 3079 dicitur
921 3048 1010 3088 quod
1033 3047 1199 3078 delectatio
1223 3051 1361 3077 contem-

293 3095 449 3134 plationis
471 3095 596 3126 excedit
625 3103 749 3125 omnem
768 3094 942 3124 humanam
965 3092 1224 3129 delectationem,
1248 3091 1364 3122 intelli-

299 3138 383 3178 gitur
405 3148 472 3169 non
494 3139 600 3170 solum
628 3139 806 3170 secundum
828 3147 880 3174 se,
906 3137 959 3167 sed
984 3136 1079 3167 etiam
1107 3136 1214 3177 quoad
1237 3145 1297 3165 nos
1328 3145 1366 3166 ex

300 3188 388 3222 parte
411 3182 534 3213 animae
549 3182 692 3214 habentis
708 3182 853 3213 habitum
869 3180 1132 3221 contemplativae
1157 3179 1302 3211 caritatis.
1325 3180 1366 3210 Et

301 3226 428 3266 signum
451 3226 519 3257 eius
545 3234 592 3258 est
613 3228 703 3268 quod
731 3227 801 3258 talis
824 3226 937 3257 tolerat
966 3235 1187 3266 quaecumque
1211 3224 1366 3255 contraria

302 3269 563 3301 delectationibus
593 3271 811 3312 corporalibus
834 3277 865 3302 et
892 3270 1105 3306 sensibilibus,
1129 3269 1237 3310 potius
1267 3279 1365 3310 quam

303 3315 426 3345 amittat
441 3315 720 3354 contemplativam
735 3316 988 3347 delectationem.
1012 3315 1166 3345 Videmus
1187 3314 1273 3344 enim
1287 3313 1365 3344 tales

303 3357 457 3400 praeferre
473 3359 777 3398 contemplationem
799 3359 1061 3391 delectationibus
1076 3365 1142 3389 tam
1156 3367 1366 3388 venereorum

303 3412 401 3444 quam
425 3402 486 3432 cibi
510 3409 541 3432 et
558 3409 655 3442 potus
676 3410 708 3434 et
733 3403 930 3445 reliquorum
951 3405 1112 3435 bonorum
1135 3403 1264 3438 mundi,
1289 3409 1366 3443 puta

303 3447 438 3487 gloriae,
464 3446 668 3486 dignitatum,
692 3454 750 3478 etc.
781 3448 879 3485 Quod
903 3459 940 3479 ex
966 3458 1078 3479 eorum
1113 3446 1222 3478 affectu
1253 3447 1366 3488 procul

304 3491 403 3522 dubio
427 3490 580 3531 procedit.

363 3535 400 3565 II.
418 3534 454 3565 In
469 3534 676 3575 responsione
692 3534 732 3564 ad
747 3534 888 3575 prIrnum
909 3536 1053 3567 eiusdem
1069 3536 1205 3574 articuli,
1219 3536 1298 3566 circa
1313 3536 1367 3566 illa

305 3580 408 3615 verba,
432 3579 476 3609 Et
497 3579 577 3609 haec
599 3583 646 3609 est
668 3579 782 3609 ultima
799 3579 959 3620 perfectio
982 3582 1066 3611 vitae
1091 3581 1365 3620 contemplativae,

307 3629 342 3655 ut
363 3623 483 3655 scilicet
507 3633 569 3654 non
593 3623 695 3653 solum
718 3623 828 3653 divina
858 3625 978 3654 veritas
999 3625 1164 3662 videatur,
1188 3625 1244 3655 sed
1270 3626 1364 3656 etiam

448 3685 557 3710 Summa
576 3684 678 3709 Tnnor..
696 3684 727 3709 D.
742 3683 856 3708 Tnouan
874 3683 907 3709 T.
924 3684 978 3709 Vll.

1415 3007 1451 3032 ut
1473 3008 1610 3040 ametur,
1635 3003 1760 3043 grandis
1790 3003 1958 3043 scrupulus
1984 3009 2159 3033 occurreret
2182 3002 2222 3032 de
2245 3001 2394 3032 fruitione
2424 3012 2479 3032 seu

1415 3045 1561 3077 felicitate
1577 3053 1711 3083 aeterna,
1730 3053 1838 3078 contra
1855 3050 2028 3078 Auctorem
2044 3047 2071 3083 *,
2091 3047 2179 3087 quod
2197 3046 2347 3077 consistat
2360 3046 2392 3076 in
2409 3053 2479 3077 actu
2507 3051 2599 3089 '131¹-
2611 3049 2718 3071 -Cf-1¹¹¹¹

1416 3091 1560 3127 amandi,
1590 3091 1649 3121 nisi
1682 3091 1715 3121 in
1743 3091 1877 3122 articulo
1908 3092 2048 3122 secundo
2078 3091 2241 3122 huiusmet
2268 3090 2478 3131 quaestionis,
2506 3077 2718 3131 ἕςξυῗξζὲἕίᾜῖ

1415 3135 1456 3165 ad
1479 3135 1637 3175 primum,
1662 3135 1900 3166 determinasset
1922 3136 2011 3177 quod
2034 3145 2125 3166 amor
2148 3135 2282 3175 pertinet
2305 3135 2344 3164 ad
2367 3135 2479 3165 extrin-

1416 3189 1521 3210 secam
1537 3179 1765 3219 perfectionem
1779 3180 1862 3210 vitae
1878 3180 2151 3220 contemplativae.
2171 3180 2211 3209 Et
2223 3186 2390 3218 propterea
2406 3189 2481 3209 cum

1417 3224 1469 3254 hic
1491 3224 1605 3254 dicitur
1622 3224 1712 3264 quod
1735 3230 1781 3254 est
1804 3224 1916 3255 ultima
1938 3224 2099 3264 perfectio,
2115 3223 2356 3263 intelligendum
2373 3230 2420 3253 est
2442 3224 2481 3253 de

1417 3268 1610 3308 perfectione
1626 3268 1806 3300 extrinseca.
1830 3268 1984 3305 Quaestio
1999 3274 2106 3298 autem
2131 3268 2169 3298 de
2193 3267 2348 3304 felicitate,
2365 3268 2397 3298 in
2414 3277 2480 3308 quo

1417 3313 1577 3348 consistat,
1602 3318 1648 3342 est
1671 3312 1709 3342 de
1733 3311 1926 3352 perfectione
1950 3312 2116 3343 essentiali.
2143 3311 2183 3342 Et
2206 3312 2249 3342 sic
2273 3312 2381 3342 omnia
2405 3321 2480 3341 con-

1419 3363 1542 3388 sonant.

1474 3402 1526 3432 111.
1551 3401 1585 3431 In
1609 3400 1816 3440 responsione
1835 3400 1874 3430 ad
1898 3406 2049 3441 quartum
2072 3400 2215 3432 eiusdem
2244 3400 2381 3436 articuli,
2403 3400 2481 3431 circa

1418 3445 1681 3477 claudicationem
1705 3445 1812 3480 Iacob,
1839 3444 1901 3474 hoc
1926 3451 1989 3481 est,
2011 3443 2170 3475 defectum
2193 3444 2402 3485 temporalem
2426 3455 2479 3474 an-

1420 3500 1536 3521 nexum
1555 3489 1636 3520 vitae
1652 3488 1924 3528 contemplativae,
1941 3489 2065 3519 adverte
2084 3489 2173 3529 quod
2197 3488 2363 3529 dupliciter
2378 3488 2482 3518 referri

1418 3541 1524 3576 potest
1547 3535 1586 3564 ad
1610 3533 1914 3573 contemplationem
1937 3533 2119 3573 temporalis
2140 3532 2290 3564 defectus.
2311 3532 2428 3568 Primo,
2447 3540 2481 3562 ut

1419 3585 1649 3619 consequenter
1665 3588 1702 3608 ex
1717 3578 1784 3617 ipsa
1801 3577 2087 3618 contemplatione:
2108 3577 2183 3618 quia
2197 3577 2323 3613 scilicet,
2340 3577 2417 3607 dum
2433 3576 2479 3605 in-

1420 3625 1550 3655 haerens
1574 3630 1620 3653 est
1643 3621 1905 3662 contemplationi
1929 3622 2062 3658 divinae,
2082 3621 2185 3652 deficit
2208 3622 2246 3651 ab
2271 3630 2378 3651 amore
2401 3628 2479 3650 tem—

2308 3680 2337 3705 55
