2768 4198
269 273 317 310 88
919 271 1189 317 QUAESTIO
1220 270 1434 317 CXXXIII,
1463 271 1762 309 ARTICULUS
1793 271 1824 307 II

952 411 1291 444 commentaria
1313 409 1568 444 Cardinalis
1591 411 1794 444 Caietam

273 525 320 588 ln
335 521 403 545 tota
426 509 613 555 quaestione
638 509 1061 551 centesimatrigesimatertia
1082 518 1187 539 unum
1206 508 1342 539 dubium
1370 532 1372 543 ,,
1399 508 1485 548 gnis,
1511 510 1776 541 commensuratis
1799 517 1918 542 tamen.
1946 510 1987 541 Et
2010 511 2087 541 haec
2118 511 2250 551 ponitur
2273 510 2312 540 ab
2336 512 2478 542 Auctore

301 559 446 594 occurrit,
467 557 634 598 proprium
652 556 794 587 secundo
811 554 955 585 articulo.
981 554 1136 591 Quonam
1160 559 1254 593 pacto
1274 554 1341 583 Au-

270 611 338 634 ctor
362 602 454 644 ponit
477 601 632 633 retrahere
651 611 684 631 se
701 611 718 630 a
735 599 857 640 magnis
881 605 988 629 actum
1005 597 1274 639 pusillanimitatis
1299 607 1344 627 se-

270 648 413 679 cundum
437 646 599 687 propriam
623 644 777 685 speciem,
803 644 835 673 in
859 642 964 684 primo
988 642 1152 673 membro:
1177 648 1207 672 et
1236 651 1344 672 rursus

269 693 301 723 in
329 692 422 723 tertio
454 691 600 721 membro
637 690 722 720 idem
753 688 846 728 ponit
876 686 1023 718 effectum
1055 684 1344 727 pusillanimitatis?

269 736 467 768 Coincidunt
494 734 653 775 siquidem
683 733 826 763 membra
863 732 959 768 haec,
992 731 1110 762 scilicet
1143 731 1284 772 primurn
1315 738 1345 761 et

269 779 408 812 tertium.
1190 779 1192 781 '

325 825 375 855 Ad
399 824 460 854 hoc
485 823 598 853 dicitur
620 822 720 863 quod,
738 831 812 852 cum
837 820 1081 861 magnanimitas
1098 821 1137 852 sit
1152 820 1251 851 virtus
1275 830 1345 850 mo-

268 869 341 900 ralis
372 867 545 899 rectificans
573 867 679 907 primo
711 876 801 907 spem
832 875 1042 906 magnorum,
1075 875 1276 906 consequens
1300 872 1347 895 est

268 914 357 955 quod
389 912 632 953 pusillanimitas
656 911 696 942 sit
721 911 818 942 etiam
842 910 947 951 primo
972 910 1052 941 circa
1083 910 1267 941 interiorem
1291 920 1345 950 ap-

268 957 385 999 petitus
410 956 655 998 dispositionem
679 955 760 987 circa
784 966 910 996 magna.
941 958 988 986 Ac
1012 965 1069 997 per
1092 955 1165 992 hoc,
1188 955 1221 985 in
1245 954 1346 996 pusil-

268 1002 384 1033 lanime
408 1001 567 1032 invenitur
591 1001 709 1042 duplex
728 1001 873 1032 retractio
898 1011 916 1031 a
939 1000 1074 1041 magnis.
1105 999 1212 1031 Prima
1236 1006 1283 1030 est
1299 1010 1343 1030 se—

269 1047 411 1078 cundum
435 1046 604 1083 affectum,
630 1046 663 1076 in
687 1045 749 1076 hoc
777 1046 867 1087 quod
891 1045 1018 1077 animus
1047 1044 1214 1076 retrahitur
1237 1055 1255 1075 a
1279 1054 1343 1075 ma—

1399 553 1433 583 in
1457 553 1562 593 primo
1587 554 1751 591 membro,
1783 562 1814 586 et
1844 562 1890 586 est
1919 555 1989 596 ipsa
2018 554 2149 586 actualis
2178 555 2436 596 pusillanimitas.
2456 572 2477 578 -

1400 596 1507 627 Altera
1532 604 1578 628 est
1601 598 1780 629 secundum
1804 599 1991 631 exteriorem
2015 599 2254 637 executionem,
2280 600 2377 638 dum,
2402 609 2477 630 con-

1400 648 1500 672 tracto
1524 642 1633 673 animo
1657 653 1675 673 a
1700 643 1839 683 magnis,
1865 644 1985 675 desistit
2008 645 2046 675 ab
2071 645 2267 681 executione,
2292 654 2348 676 seu
2373 654 2478 675 susce-

1401 686 1511 726 ptione
1526 693 1557 717 et
1575 686 1777 727 aggressione
1798 697 2002 728 magnorum.
2027 689 2068 719 Et
2082 688 2141 720 ista
2165 689 2297 730 ponitur
2318 689 2351 720 in
2375 689 2478 720 littera

1400 731 1432 761 in
1449 731 1541 762 tertio
1559 731 1716 766 membrO,
1735 742 1773 762 eo
1798 733 1888 772 quod
1905 740 1951 763 est
1967 732 2096 764 effectus
2121 734 2253 774 primae.
2278 734 2319 765 Et
2335 734 2375 764 ad
2395 734 2477 764 hanc

1401 776 1623 806 retractionem
1652 786 1734 816 quae
1765 783 1812 807 est
1834 776 1867 807 in
1898 777 2102 814 executione,
2127 785 2248 819 spectat
2273 779 2412 820 pigritia,
2439 779 2478 808 de

1400 831 1464 862 qua
1488 820 1520 850 in
1545 821 1687 851 secundo
1712 828 1901 861 argumento
1926 821 2046 852 litterae
2069 821 2105 854 fit
2128 823 2270 860 mentio,
2295 830 2326 855 et
2349 833 2479 864 respon·

1401 865 1507 896 dendo
1532 865 1647 896 dicitur
1677 866 1767 906 quod
1800 865 1944 906 procedit
1967 866 2006 896 de
2033 867 2293 907 pusillanimitate
2323 878 2361 899 ex
2391 875 2479 908 parte

1401 910 1539 941 effectus.
1556 910 1684 951 Pigritia
1700 910 1861 952 siquidem
1878 910 2086 951 consequitur
2101 911 2141 942 ad
2158 912 2256 943 animi
2272 913 2478 954 parvitatem:

1400 965 1476 986 nam
1502 965 1538 986 ex
1561 955 1623 986 hoc
1651 955 1742 996 quod
1770 954 1897 989 animus
1921 965 1938 985 a
1962 955 2087 996 magnis
2111 956 2293 994 retrahitur,
2318 956 2354 988 fit
2377 958 2479 988 homo

1399 1000 1489 1041 piger
1512 1000 1551 1030 ad
1576 999 1734 1031 utendum
1753 1000 1873 1031 talento
1893 1009 1964 1036 suc,
1985 1006 2016 1031 et
2035 1000 2075 1030 ad
2094 1000 2344 1041 aggrediendum
2363 1012 2479 1042 magna

1400 1044 1459 1076 sibi
1483 1044 1735 1086 proportionata.
