2768 4198
36 941 116 991 {uad
118 947 158 969 qu.
173 946 251 968 mxx,

35 1098 48 1112 ⁸
62 1099 110 1128 Qu.
125 1105 232 1123 ‹zi-xxxxv.

34 1754 46 1767 ⁸
58 1753 127 1777 Vm.
142 1760 171 1777 ι.Δ

34 1864 45 1876 ·
63 1863 120 1892 Cnp.
139 1869 197 1891 xm,
224 1863 249 1886 in

35 1893 80 1913 vet·
95 1897 151 1914 m.

33 2076 45 2088 ⁴
53 2075 91 2098 Pu.
101 2081 177 2102 xxxxi,
186 2080 247 2097 ven.

33 2109 49 2146 i'
66 2133 123 2155 oni.
142 2133 204 2161 Aug.
227 2136 250 2154 et

33 2160 118 2182 Lomb.

34 2404 43 2415 ·
57 2402 124 2425 Vere.
138 2402 172 2431 58.

34 2514 44 2524 ⁸
67 2510 156 2535 Heni&
178 2510 246 2538 nh

33 2539 67 2588 a..
74 2538 115 2561 lib.
125 2538 156 2566 Π,
165 2538 246 2560 homil.

33 2667 51 2716 ὲ
58 2666 116 2716 Ἥ·
131 2671 248 2715 ll’ctffld‘

37 3303 47 3314 ⁸
96 3309 118 3324 n.
133 3302 163 3324 Si
175 3308 250 3331 quan-

926 298 1195 345 QUAESTIO
1225 299 1474 347 CLXXXIII,
1504 299 1802 337 ARTICULUS
1833 301 1846 336 I

2398 300 2474 347 445

485 561 902 639 QUAESTIO
943 556 2267 619 CENTESIMAOCTOGESIMATERTIA

583 673 668 714 DE
703 673 957 714 OFFICIIS
992 674 1070 714 ET
1105 674 1404 715 STATIBUS
1439 675 1732 716 HOMINUM
1765 676 1826 715 IN
1861 676 2171 716 GENERALI

1067 781 1102 806 IN
1132 781 1307 811 QUATUOR
1334 781 1539 807 ARTICULOS
1568 782 1686 807 DIVISA

282 886 627 970 CONSEQUENTER
672 876 993 914 considerandum
1038 883 1094 912 est
1137 877 1184 913 de
1227 876 1350 913 diver-

361 937 467 974 sitate
504 944 671 973 statuum
708 944 744 973 et
772 936 989 973 officiorum
1025 937 1287 972 humanorum
1318 936 1350 973 ⁹¹⁶.

280 991 329 1028 Et
356 990 482 1040 primo
511 990 832 1027 considerandum
863 997 918 1026 est
946 989 993 1026 de
1023 988 1158 1025 officiis
1188 997 1223 1025 et
1252 989 1352 1026 stati-

280 1044 352 1081 bus
372 1044 574 1081 hominum
595 1044 633 1080 in
657 1042 845 1091 generali;
868 1042 1050 1090 secundo,
1073 1042 1285 1090 specialiter
1304 1043 1351 1080 de

279 1105 377 1135 statu
406 1098 662 1147 perfectorum
683 1096 714 1133 ²¹⁶.

280 1151 392 1188 Circa
418 1150 589 1200 primurn
619 1157 853 1198 quaeruntur
882 1156 1058 1197 quatuor.

1458 877 1610 914 Primo:
1641 878 1733 926 quid
1763 879 1874 916 faciat
1901 879 1939 916 in
1969 880 2190 917 hominibus
2219 889 2371 918 statum.

1460 945 1661 981 Secundo:
1701 953 1828 982 utrum
1866 946 1903 982 in
1931 946 2151 983 hominibus
2190 947 2354 984 debeant
2392 959 2473 983 esse

1514 1012 1653 1049 diversi
1682 1020 1811 1058 statuS,
1841 1012 1922 1050 sive
1953 1013 2104 1050 diversa
2133 1014 2271 1051 officia.

1460 1079 1616 1116 Tertio:
1648 1079 1695 1116 de
1725 1079 1937 1116 differentia
1966 1079 2196 1117 officiorum.

1461 1147 1628 1194 Quarto:
1660 1148 1707 1184 de
1736 1145 1948 1183 differentia
1977 1154 2156 1184 statuum.

1099 1275 1423 1317 ARTICULUS
1454 1274 1663 1316 PRIMUS

342 1369 345 1370 ’
383 1371 541 1402 UTRUM
565 1371 735 1402 STATUS
760 1371 804 1401 IN
828 1370 895 1402 sm
919 1369 1116 1401 RATIONE
1141 1369 1368 1400 IMPORTET
1393 1368 1702 1399 CONDITIONEM
1727 1369 1982 1400 LIBERTATIS
2005 1370 2090 1400 VEL
2114 1369 2368 1401 SERVITUTIS

274 1324 344 1335 fd*

876 1449 973 1480 Quodl.
993 1448 1034 1478 ΠΙ,
1053 1456 1098 1481 qu.
1117 1455 1151 1477 w,
1171 1452 1217 1473 art.
1239 1447 1267 1478 3;
1288 1447 1330 1471 De
1348 1447 1420 1480 Pers.
1444 1446 1520 1471 Vitae
1539 1447 1620 1479 Spin,
1640 1455 1694 1479 cap.
1714 1454 1783 1476 xxm,
1803 1448 1835 1471 ad
1857 1455 1879 1472 2.

313 1554 318 1569 ⁵
363 1554 369 1566 ι
426 1559 465 1598 3«
490 1551 512 1576 D
542 1550 680 1575 PRIMUM
703 1550 757 1574 sm
784 1549 1026 1574 PROCEDlTUR.
1056 1537 1217 1574 Videtur
1245 1536 1351 1584 quod

328 1634 332 1642 ἱ
490 1599 608 1629 status
636 1591 674 1628 in
703 1591 761 1628 sui
781 1591 927 1628 ratione
953 1603 1032 1628 non
1060 1590 1242 1640 importet
1263 1602 1352 1627 con-

295 1673 303 1687 A
355 1663 409 1709 ,μή
431 1647 459 1685 “G
491 1645 676 1683 ditionem
705 1645 887 1682 libertatis
905 1645 968 1681 vel
994 1644 1197 1681 servitutis.
1227 1645 1353 1680 Status

276 1735 413 1801 aliquis
428 1751 575 1789 ratione
591 1752 844 1789 rectitudinis:
864 1751 968 1789 unde
983 1751 1120 1789 dicitur
1134 1750 1350 1788 Ezech.11’¹‘:

275 1805 352 1842 Fili
383 1806 557 1853 hominis,
586 1811 643 1842 sta
671 1817 785 1854 super
807 1806 922 1854 pedes
949 1811 1051 1850 tuos;
1080 1812 1116 1841 et
1145 1804 1352 1852 Gregorius

277 1858 376 1906 dicit,
397 1858 436 1896 in
455 1859 526 1896 VII
554 1859 700 1896 Moral.
721 1858 757 1895 *ε
787 1860 847 1896 Ab
875 1859 982 1896 omni
998 1864 1094 1895 statu
1124 1858 1353 1895 rectitudinis

224 1935 227 1943 κ
275 1912 493 1962 dispereunt
528 1913 595 1962 qui
613 1924 687 1961 per
714 1913 832 1949 noxia
864 1913 982 1949 verba
1009 1912 1238 1949 dilabuntur.
1274 1912 1351 1948 Sed

276 1965 543 2003 rectitudinem
573 1966 809 2015 spiritualem
840 1965 999 2014 acquirit
1026 1966 1147 2002 homo
1181 1977 1251 2014 per
1278 1966 1353 2002 hoc

276 2019 384 2068 quod
404 2019 555 2057 subiicit
573 2031 683 2056 suam
702 2020 942 2056 voluntatem
972 2020 1078 2056 Deo:
1107 2019 1212 2056 unde
1237 2031 1353 2068 super

275 2072 368 2110 illud
387 2073 531 2110 Psalmi
545 2072 577 2120 ²¹⁵,
598 2074 735 2110 Rectos
754 2073 859 2110 decet
876 2072 1115 2119 collaudatio,
1137 2072 1224 2109 dicit
1244 2073 1354 2110 Glos-

276 2138 318 2164 sa
337 2127 358 2148 *
369 2139 378 2164 :
407 2127 519 2165 Recti
533 2132 622 2164 sunt
639 2127 706 2175 qui
732 2127 904 2176 dirigunt
921 2138 988 2163 cor
1005 2138 1116 2163 suum
1145 2126 1351 2163 secundum

274 2179 506 2218 voluntatem
525 2180 610 2217 Dei.
641 2181 744 2228 Ergo
765 2180 918 2217 videtur
941 2181 1047 2228 quod
1067 2180 1149 2216 sola
1169 2180 1352 2217 obedien-

275 2233 326 2271 tia
356 2233 577 2271 divinorum
605 2234 876 2271 mandatorum
902 2233 1067 2270 sufficiat
1095 2233 1144 2270 ad
1164 2233 1351 2270 rationem

276 2294 407 2325 status.

331 2353 366 2378 2.
389 2341 623 2387 PRAETEREA,
644 2352 790 2377 nomen
807 2346 925 2377 status
944 2339 1254 2377 immobilitatem
1284 2340 1351 2377 im-

273 2401 428 2444 portare
456 2393 630 2431 videtur:
661 2394 875 2431 secundum
904 2393 996 2431 illud
1026 2395 1039 2430 1
1069 2394 1122 2430 ad
1143 2394 1231 2431 Cor.
1251 2406 1300 2431 xv
1314 2393 1350 2431 *ε

274 2447 434 2486 Stabiles
461 2453 574 2485 estote
602 2453 640 2484 et
664 2447 885 2484 immobiles.
915 2447 1028 2484 Unde
1058 2447 1267 2495 Gregorius
1296 2447 1350 2485 di-

275 2501 335 2549 cit,
363 2513 479 2550 super
504 2502 640 2549 Ezech.
660 2500 698 2537 *ε
737 2501 854 2550 Lapis
882 2501 1051 2550 quadrus
1079 2506 1151 2548 est,
1181 2507 1217 2537 et
1243 2502 1354 2549 quasi

274 2566 327 2591 ex
353 2555 459 2591 omni
477 2554 594 2590 latere
610 2559 748 2591 statum
776 2555 898 2600 habet,
920 2555 986 2603 qui
1003 2566 1135 2591 casum
1164 2555 1201 2591 in
1221 2554 1351 2603 aliqua

270 2607 550 2656 permutatione
569 2619 644 2644 non
673 2608 794 2644 habet.
826 2607 904 2644 Sed
922 2607 1043 2644 virtus
1064 2615 1120 2644 est
1140 2619 1239 2655 quae
1264 2607 1352 2644 facit

275 2660 517 2698 immobiliter
542 2660 707 2708 operari,
727 2668 770 2697 ut
790 2660 925 2697 dicitur
944 2660 982 2698 in
1004 2661 1035 2697 Il
1055 2661 1178 2697 Ethic.
1198 2660 1218 2682 ’³‘
1246 2662 1349 2709 Ergo

274 2714 426 2763 videtur
446 2713 552 2761 quod
573 2725 618 2750 ex
647 2713 755 2754 omni
775 2713 999 2762 operatione
1018 2713 1190 2751 virtuosa
1215 2714 1351 2763 aliquis

275 2775 417 2806 statum
448 2767 688 2804 nanciscatur
708 2772 736 2804 α.

330 2823 365 2859 3.
397 2822 632 2867 ΡΒΑΕΤΕΚΕΑ,
654 2832 800 2857 nomen
827 2826 945 2857 status
971 2819 1125 2857 videtur
1153 2822 1201 2858 ad
1230 2833 1351 2869 quan-

275 2875 366 2913 dam
396 2874 635 2911 altitudinem
664 2873 871 2922 pertinere:
911 2886 1002 2910 nam
1032 2886 1078 2910 ex
1107 2874 1182 2910 hoc
1215 2874 1350 2923 aliquis

275 2935 347 2966 stat
375 2928 482 2976 quod
510 2928 549 2964 in
578 2928 694 2964 altum
725 2927 887 2975 erigitur.
920 2927 995 2964 Sed
1024 2939 1093 2975 per
1113 2927 1265 2964 diversa
1294 2928 1349 2965 of-

274 2981 363 3019 ficia
391 2981 525 3030 aliquis
553 2982 596 3018 fit
625 2981 734 3018 altior
762 2981 890 3017 altero.
931 2980 1109 3017 Similiter
1138 2981 1252 3018 etiam
1280 2993 1351 3030 per

276 3035 415 3082 gradus
433 3035 497 3072 vel
517 3034 670 3072 ordines
691 3034 864 3072 diversos
885 3033 1145 3071 diversimode
1171 3034 1349 3072 homines

276 3087 315 3124 in
345 3088 513 3137 quadam
534 3088 728 3125 altitudine
750 3087 1039 3124 constituuntur.
1070 3088 1172 3136 Ergo
1193 3089 1276 3124 sola
1296 3088 1349 3125 di-

277 3141 435 3178 versitas
454 3142 642 3189 graduum
670 3142 734 3179 vel
754 3141 933 3179 ordinum
951 3141 1015 3178 vel
1036 3141 1253 3178 officiorum
1274 3142 1349 3179 suf-

277 3193 356 3231 ficit
384 3194 434 3231 ad
462 3191 801 3233 diversificandurn
830 3202 983 3232 statum.

333 3247 409 3284 SED
436 3258 583 3285 CONTRA
610 3260 678 3286 EsT
714 3249 820 3298 quod
857 3248 895 3285 in
928 3247 1125 3294 Decretis,
1156 3247 1270 3284 Caus.
1302 3249 1348 3295 II,

279 3311 343 3347 qu.
372 3311 409 3336 vl
423 3298 454 3346 ³¹⁶,
476 3299 627 3338 dicitur:
658 3303 700 3338 Si
726 3302 877 3350 quando
903 3302 941 3338 in
969 3313 1086 3338 causa
1112 3301 1265 3349 capitali
1289 3302 1350 3338 vel

279 3364 395 3390 causa
422 3357 540 3389 status
565 3353 840 3402 interpellatum
855 3355 993 3403 suerit,
1023 3367 1097 3391 non
1121 3365 1195 3403 per
1221 3354 1349 3402 explo-

279 3411 436 3452 ratores,
465 3405 532 3442 sed
554 3417 626 3454 per
651 3408 790 3456 seipsos
818 3414 872 3445 est
897 3408 1110 3458 agendum:
1138 3407 1204 3444 ubi
1232 3419 1348 3445 causa

277 3465 395 3497 status
423 3459 634 3508 appellatur
660 3459 853 3509 pertinens
882 3462 931 3499 ad
967 3461 1180 3498 libertatem
1208 3461 1271 3498 vel
1301 3461 1347 3498 ad

332 3599 360 3632 α)
381 3599 560 3625 nanciscatur.
573 3613 592 3618 —
609 3598 778 3631 adipiscatur
797 3600 890 3627 PADa.

333 3634 358 3668 β)
378 3635 483 3668 aliquis.
501 3649 520 3654 -
544 3634 649 3667 aliquid
672 3635 839 3668 EFHIKLpC
864 3641 890 3661 et
912 3643 945 3666 a‚·
968 3645 1048 3670 quam
1073 3638 1171 3671 aliquis
1196 3638 1348 3670 disponitur

1406 1535 1639 1572 servitutem.
1670 1536 1773 1583 Ergo
1794 1535 1946 1572 videtur
1975 1536 2079 1585 quod
2099 1549 2178 1574 non
2196 1538 2317 1575 variet
2337 1546 2476 1576 statum

1405 1588 1571 1626 hominis
1600 1588 1671 1625 nisi
1699 1588 1737 1626 id
1768 1589 1874 1637 quod
1901 1590 2064 1638 pertinet
2092 1592 2140 1628 ad
2174 1591 2387 1629 libertatem
2415 1594 2478 1630 vel

1406 1642 1643 1679 servitutem.

1459 1697 1688 1733 RESPONDEO
1726 1708 1912 1733 DlCENDuM
1945 1697 2052 1745 quod
2079 1703 2211 1744 status,
2241 1699 2395 1748 proprie
2423 1701 2478 1736 lo-

1406 1750 1578 1799 quendo,
1613 1749 1800 1797 significat
1836 1751 2031 1798 quandam
2066 1751 2265 1800 positionis
2304 1753 2477 1790 differen-

1405 1803 1495 1840 tiam
1526 1803 1740 1840 secundum
1762 1815 1878 1852 quam
1903 1802 2072 1853 aliquisl³
2100 1805 2315 1854 disponitur
2342 1818 2476 1844 secun-

1407 1857 1500 1894 dum
1530 1856 1693 1894 modum
1723 1869 1815 1893 suae
1835 1864 2006 1905 naturae,
2028 1871 2116 1895 curn
2138 1859 2308 1907 quadam
2337 1859 2475 1897 immo-

1406 1910 1561 1947 bilitate.
1592 1911 1661 1947 Est
1690 1909 1791 1946 enim
1820 1911 1989 1948 naturale
2018 1912 2166 1948 homini
2185 1921 2226 1949 ut
2254 1921 2367 1961 caput
2397 1913 2476 1951 eius

1406 1964 1443 2001 in
1474 1964 1671 2013 superiora
1700 1963 1842 2010 tendat,
1865 1972 1901 2001 et
1929 1965 2048 2013 pedes
2068 1965 2107 2002 in
2137 1973 2233 2005 terra
2262 1966 2475 2015 firmentur,

1407 2025 1442 2054 et
1471 2025 1596 2054 cetera
1625 2017 1800 2054 membra
1829 2018 1955 2055 media
1985 2018 2226 2056 convenienti
2251 2020 2383 2057 ordine
2405 2021 2477 2058 dis-

1405 2078 1617 2120 ponantur:
1657 2070 1763 2120 quod
1801 2071 1957 2119 quidem
1995 2084 2073 2109 non
2117 2073 2251 2110 accidit
2288 2073 2318 2110 si
2355 2074 2476 2111 homo

1405 2125 1525 2162 iaceat
1553 2125 1616 2162 vel
1645 2125 1776 2161 sedeat
1803 2126 1865 2162 vel
1890 2126 2104 2172 accumbat,
2125 2126 2193 2163 sed
2212 2127 2336 2163 solum
2357 2139 2476 2175 quan-

1407 2179 1456 2216 do
1487 2186 1634 2215 erectus
1664 2186 1746 2216 stat.
1779 2179 1862 2214 Nec
1890 2191 2019 2216 rursus
2048 2187 2147 2216 stare
2176 2179 2309 2217 dicitur
2336 2180 2366 2217 si
2393 2193 2476 2218 mo-

1406 2239 1560 2269 veatur:
1591 2231 1658 2269 sed
1688 2232 1843 2281 quando
1879 2232 2048 2280 quiescit.
2088 2234 2138 2269 Et
2165 2233 2254 2270 inde
2284 2241 2340 2270 est
2372 2234 2477 2282 quod

1407 2285 1519 2322 etiam
1550 2285 1587 2322 in
1617 2285 1707 2333 ipsis
1736 2285 1916 2322 humanis
1950 2285 2163 2323 actionibus
2191 2286 2327 2323 dicitur
2362 2299 2477 2335 nego-

1405 2338 1499 2376 tium
1530 2338 1696 2388 aliquem
1726 2347 1866 2376 statum
1894 2339 2035 2376 habere
2066 2340 2275 2376 secundum
2302 2339 2477 2377 ordinem

1404 2391 1583 2442 propriae
1614 2391 1883 2441 dispositionis,
1906 2405 1994 2429 cum
2014 2394 2184 2442 quadam
2213 2393 2478 2431 immobilitate

1405 2459 1473 2483 seu
1503 2446 1641 2495 quiete.
1670 2446 1783 2484 Unde
1812 2454 1849 2482 et
1877 2446 1976 2483 circa
2004 2446 2198 2493 homines,
2230 2459 2275 2484 ea
2303 2459 2401 2495 quae
2431 2448 2477 2484 de

1405 2499 1503 2536 facili
1532 2499 1631 2536 circa
1661 2512 1727 2537 eos
1755 2499 1948 2536 variantur
1978 2507 2013 2536 et
2041 2500 2251 2537 extrinseca
2280 2509 2377 2546 sunt,
2399 2513 2478 2538 non

1406 2553 1641 2590 constituunt
1678 2561 1837 2599 statum,
1867 2560 1960 2602 puta
1989 2555 2092 2602 quod
2131 2553 2266 2602 aliquis
2295 2554 2342 2590 sit
2370 2554 2477 2591 dives

1403 2607 1466 2643 vel
1495 2619 1654 2656 pauper,
1676 2606 1714 2644 in
1744 2606 1922 2654 dignitate
1952 2606 2177 2643 constitutus
2200 2608 2262 2643 vel
2290 2607 2474 2656 plebeius,

1403 2661 1465 2698 vel
1495 2660 1638 2710 siquid
1667 2660 1769 2697 aliud
1799 2667 1855 2696 est
1882 2659 2122 2697 huiusmodi:
2152 2660 2254 2697 unde
2276 2667 2311 2696 et
2329 2660 2367 2697 in
2395 2660 2475 2697 iure

1405 2713 1504 2751 civili
1542 2714 1678 2751 dicitur
1695 2713 1716 2735 '¹‘
1744 2713 1850 2762 quod
1879 2713 1912 2750 ei
1948 2713 2012 2762 qui
2041 2726 2063 2750 a
2091 2721 2225 2750 senatu
2260 2721 2473 2760 amovetur,
2504 2726 2512 2734 ·

1404 2767 1525 2815 magis
1555 2767 1716 2815 dignitas
1744 2779 1862 2815 quam
1891 2774 2008 2803 status
2037 2767 2214 2803 aufertur.
2246 2767 2323 2803 Sed
2349 2767 2474 2803 solum

1403 2821 1495 2858 illud
1522 2820 1674 2858 videtur
1702 2820 1750 2857 ad
1780 2827 1917 2857 statum
1946 2819 2113 2857 hominis
2151 2820 2338 2868 pertinere
2368 2818 2473 2868 quod

1404 2873 1556 2924 respicit
1593 2873 1866 2922 obligationem
1902 2886 2091 2922 personae
2129 2873 2318 2910 hominis:
2360 2881 2475 2922 prout

1403 2927 1545 2965 scilicet
1573 2927 1707 2975 aliquis
1728 2935 1783 2963 est
1812 2927 1870 2964 sui
1896 2927 1986 2964 iuris
2005 2927 2066 2964 vel
2095 2926 2218 2974 alieni,
2240 2935 2277 2963 et
2295 2927 2370 2964 hoc
2394 2939 2473 2964 non

1403 2993 1450 3018 ex
1477 2981 1603 3029 aliqua
1639 2993 1754 3017 causa
1782 2980 1858 3017 levi
1884 2981 1947 3017 vel
1976 2981 2025 3018 de
2052 2980 2149 3016 faciti
2183 2979 2375 3027 mutabili,
2405 2980 2473 3017 sed

1405 3047 1449 3071 ex
1478 3034 1607 3083 aliquo
1636 3042 1899 3083 permanente.
1930 3035 1980 3070 Et
2001 3035 2077 3070 hoc
2106 3041 2161 3070 est
2189 3034 2294 3082 quod
2312 3033 2474 3082 pertinet

1403 3088 1452 3125 ad
1481 3087 1669 3124 rationem
1698 3086 1876 3124 libertatis
1895 3088 1957 3123 vel
1990 3086 2192 3124 servitutis.
2222 3086 2335 3124 Unde
2355 3094 2472 3124 status

1402 3140 1564 3190 pertinet
1582 3140 1737 3189 proprie
1757 3139 1805 3177 ad
1825 3140 2036 3177 libertatem
2054 3141 2117 3177 vel
2138 3140 2371 3188 servitutem,
2392 3139 2471 3178 sive

1402 3195 1443 3231 in
1471 3193 1727 3242 spiritualibus
1755 3193 1836 3230 sive
1863 3193 1903 3230 in
1933 3193 2117 3233 civilibus,

1456 3249 1515 3284 An
1544 3258 1682 3284 PRlMUM
1713 3258 1812 3283 ERGO
1840 3258 2026 3283 DmENDUM
2055 3246 2162 3294 quod
2189 3246 2387 3293 rectitudo,
2415 3246 2470 3284 in-

1403 3308 1587 3349 quantum
1620 3299 1856 3346 huiusmodi,
1886 3312 1966 3336 non
2002 3299 2163 3348 pertinet
2197 3299 2247 3336 ad
2283 3299 2469 3337 rationem

1403 3361 1540 3391 status:
1571 3354 1638 3390 sed
1659 3353 1786 3390 solum·
1805 3352 2031 3402 inquantum
2052 3360 2108 3389 est
2127 3353 2382 3390 connaturalis
2402 3353 2471 3390 ho-

1403 3406 1508 3454 mini,
1531 3405 1643 3443 simul
1672 3405 1799 3443 addita
1828 3406 1995 3454 quadam
2016 3405 2153 3454 quiete.
2183 3406 2294 3443 Unde
2322 3406 2363 3443 ln
2390 3407 2470 3444 aliis

1403 3460 1631 3497 animalibus
1650 3471 1732 3496 non
1757 3458 1956 3508 requiritur
1984 3459 2169 3496 rectitudo
2189 3461 2239 3497 ad
2261 3460 2336 3497 hoc
2364 3460 2469 3508 qnod

1404 3602 1548 3627 secundum
1567 3609 1620 3628 om.
1640 3602 1700 3628 Ρ.-
1717 3602 1769 3627 Pro
1786 3608 1858 3631 cum,
1875 3601 1953 3634 quasi
1972 3601 2002 3626 in
2018 3601 2082 3634 PpG
2101 3607 2129 3626 et
2144 3609 2170 3632 a,
2189 3601 2267 3634 quasi
2284 3608 2345 3626 cum
2364 3601 2410 3626 sG.
