2768 4198
321 306 394 342 262

375 385 426 415 Ad
450 385 511 416 hoc
534 385 667 415 breviter
694 383 807 414 dicitur
830 382 918 423 quod
949 380 1060 411 accidit
1083 379 1134 409 hic
1163 377 1385 419 aequivocatio

321 429 358 458 de
381 428 598 459 similitudine.
622 429 705 459 Nam
728 430 849 458 Auctor
872 425 1013 465 loquitur
1033 424 1072 453 de
1096 422 1302 453 similitudine
1319 431 1386 451 me-

320 473 497 513 taphorica:
523 480 553 504 et
567 473 640 503 ideo
657 470 820 510 distinguit
842 467 1103 499 incontinentiam
1126 466 1254 507 proprie
1278 472 1386 496 contra

320 516 579 548 incontinentiam
600 526 656 557 per
678 513 927 548 similitudinem,
949 512 1010 542 hoc
1026 518 1071 541 est
1095 509 1325 551 metaphorice;
1350 516 1386 540 ut

320 561 485 591 manifeste
500 561 668 601 exponitur
686 560 718 589 in
742 558 843 588 littera
867 555 1073 587 similitudine
1089 555 1229 595 quadam
1252 563 1385 595 propor-

319 605 429 636 tionali
459 604 672 644 metaphorice
702 602 762 633 dici
789 599 1051 640 incontinentiam
1084 606 1227 639 respectu
1257 598 1332 628 mali
1356 605 1387 629 et

319 655 461 689 respectu
478 649 564 684 boni,
577 653 720 687 respectu
735 646 801 676 vitii
816 651 847 675 et
862 651 1003 684 respectu
1020 643 1154 674 virtutis.
1167 660 1188 666 -
1201 642 1386 673 Aristoteles

319 703 394 723 vero
408 692 549 733 loquitur
561 693 600 722 de
612 689 817 722 similitudine
834 687 1075 728 proportionali,
1088 687 1151 718 hoc
1163 694 1209 718 est
1221 686 1385 726 analogica

319 736 455 777 proprie,
473 736 628 766 diminuta
651 741 773 765 tamen:
798 740 828 764 et
843 733 915 763 ideo
936 731 1099 772 distinguit
1122 731 1386 762 incontinentiam

319 780 502 821 simpliciter
525 786 633 810 contra
655 777 917 808 incontinentiam
945 776 1111 807 diminute.
1142 776 1183 806 Et
1206 774 1387 806 manifestat

318 825 475 855 intentum
494 833 590 854 suurn
606 822 769 863 exemplo:
787 821 868 852 sicut
885 821 1007 851 malum
1024 820 1137 851 dicitur
1153 820 1192 850 de
1208 819 1339 850 homine
1357 826 1387 850 et

319 869 357 898 de
373 868 497 898 medico
513 868 538 898 *.
564 867 686 898 Dicitur
709 866 795 896 enim
811 873 842 896 et
857 865 958 896 homo
982 865 1096 901 malus,
1113 871 1144 895 et
1160 864 1302 894 medicus
1318 873 1386 894 ma-

316 913 382 942 lus:
407 913 461 942 sed
477 912 533 952 qui
550 911 663 942 dicitur
678 911 782 941 malus
797 910 908 946 homo,
926 909 1041 941 dicitur
1063 909 1168 939 malus
1192 908 1385 949 simpliciter,

316 956 396 987 idest
411 956 477 987 sine
493 956 654 987 additione
670 955 794 996 aliqua;
819 954 875 996 qui
887 964 962 985 vero
978 954 1093 985 dicitur
1109 953 1212 984 malus
1232 952 1385 989 medicus,

79 873 90 883 ⁴
105 871 161 894 Loc.
173 872 221 899 cit„
231 878 253 894 n.
268 872 289 894 6.

990 300 1257 348 QUAESTIO
1288 299 1426 346 CLVI,
1455 299 1754 336 ARTICULUS
1784 299 1833 335 III

1441 387 1508 407 non
1524 385 1692 418 propterea
1708 377 1824 409 dicitur
1840 377 2025 418 simpliciter
2041 378 2157 415 malus,
2175 377 2231 408 sed
2248 387 2322 408 cum
2340 377 2513 414 additione,

1440 421 1567 458 scilicet,
1592 422 1744 454 medicus.
1770 422 1833 453 Ubi
1857 421 2023 453 manifeste
2047 429 2132 462 patet
2155 422 2279 452 malum
2303 421 2365 452 dici
2389 422 2428 452 de
2448 431 2514 452 tne—

1441 465 1513 496 dico
1537 466 1676 506 proprie,
1697 473 1727 496 et
1743 466 1920 497 secundum
1936 466 2118 506 analogiam
2134 466 2174 496 ad
2190 466 2313 497 malum
2330 466 2512 496 hominem:

1440 509 1516 550 quia
1532 509 1575 540 ita
1591 516 1637 540 est
1655 509 1770 550 aliquis
1789 510 1931 541 medicus
1951 511 2054 541 malus
2074 510 2155 541 sicut
2173 510 2274 541 homo
2294 510 2414 546 malus;
2439 520 2514 540 nam

1441 561 1476 584 ut
1499 553 1599 583 homo
1630 554 1734 584 malus
1757 554 1797 584 ad
1827 564 1911 595 opus
1934 554 2102 595 proprium
2132 555 2256 585 homini
2280 564 2312 585 se
2336 554 2446 591 habet,
2470 554 2515 585 sic

1441 597 1544 628 malus
1568 597 1712 628 medicus
1735 598 1776 628 ad
1799 608 1882 639 opus
1905 599 2074 639 proprium
2097 599 2235 630 medico.
2259 601 2402 639 Apparet
2420 599 2515 629 etiam

1440 641 1612 672 diminutio
1636 642 1796 682 quaedam
1811 652 1848 673 ex
1863 642 1925 673 hoc
1941 643 2012 683 ipso
2028 643 2118 684 quod
2136 643 2210 674 inde
2229 643 2424 684 simpliciter,
2441 643 2515 674 hinc

1441 696 1516 716 cum
1540 685 1742 726 appositione
1765 693 1892 717 tantum
1915 686 1992 717 mali
2014 687 2094 718 ratio
2118 687 2262 724 infertur,
2283 687 2431 724 dicendo,
2455 688 2515 719 Est

1440 731 1533 761 homo
1550 730 1667 767 malus,
1683 730 1776 771 Ergo
1792 736 1839 761 est
1854 731 1980 769 malus,·
1998 739 2038 768 et,
2054 731 2115 762 Est
2130 732 2272 763 medicus
2287 732 2405 769 malus,
2421 732 2515 773 Ergo

1442 780 1488 805 est
1504 775 1611 805 malus
1633 774 1785 812 medicus,
1803 781 1835 805 et
1857 784 1934 812 non,
1949 775 2042 816 Ergo
2066 781 2111 806 est
2135 777 2249 807 malus.
2275 776 2326 807 Sic
2345 783 2452 807 autem
2469 783 2516 807 est

1441 819 1473 849 in
1491 818 1671 859 proposito.
1697 818 1862 855 Quoniam
1877 818 1960 850 valet
1978 820 2116 860 sequela,
2133 820 2194 851 Est
2207 821 2408 852 incontinens
2423 831 2514 852 vene-

1442 872 1585 900 reorum,
1601 863 1694 903 Ergo
1711 867 1758 893 est
1772 864 1993 894 incontinens:
2011 870 2042 894 et
2057 874 2125 894 non
2136 864 2229 901 valet,
2242 865 2302 896 Est
2315 867 2516 896 incontinens

1440 908 1583 944 honoris,
1597 907 1690 948 Ergo
1707 912 1754 938 est
1771 908 1983 945 incontinens,
1997 908 2062 944 sed,
2077 908 2170 949 Ergo
2185 914 2232 940 est
2246 910 2446 941 incontinens
2461 910 2515 940 ho-

1441 953 1540 982 noris.
1565 951 1657 982 Unde
1674 951 1762 982 nulla
1785 958 1832 982 est
1847 951 1996 982 Auctoris
2012 952 2050 982 ab
2067 952 2237 984 Aristotele
2261 953 2425 985 dissensio.

1120 1090 1441 1134 ARTICULUS
1471 1091 1704 1134 TERTIUS

803 1184 960 1215 UTRUM
984 1183 1279 1214 INCONTINENS
1302 1184 1408 1215 PLus
1432 1183 1605 1215 PECCET
1630 1184 1758 1221 QUAM
1782 1183 2120 1215 INTEMPERATUS

833 1262 856 1287 ι’
876 1262 933 1294 11¹⁸,

953 1270 997 1295 qu.
1017 1270 1120 1293 cxxviii,
1139 1267 1186 1288 art.
1208 1270 1236 1293 43
1256 1262 1276 1286 11
1296 1262 1379 1292 Seni„
1400 1263 1458 1288 dist.
1477 1270 1548 1293 mu,
1568 1268 1614 1288 art.
1633 1270 1664 1295 4;
1685 1262 1727 1288 De
1745 1263 1828 1293 Malo,
1849 1270 1893 1295 qu.
1912 1269 1949 1292 m,
1969 1268 2015 1288 art.
2038 1261 2083 1292 133

1109 1298 1119 1322 1
1139 1297 1234 1327 Ethic„
1255 1298 1313 1323 lect.
1333 1305 1377 1329 1n;
1396 1298 1450 1328 vn,
1470 1299 1527 1324 lect.
1547 1306 1581 1328 tv,
1601 1306 1647 1329 vn,
1665 1306 1720 1324 vm.

404 1386 410 1400 ¹
438 1398 478 1419 ‚4
501 1391 505 1400 ‹
528 1383 551 1407 D
570 1382 731 1407 TER-rum
754 1381 808 1407 sm
827 1381 1069 1406 PROCEDlTUR.
1099 1368 1259 1406 Videtur
1279 1369 1386 1417 quod

512 1424 768 1461 incontinens
796 1423 882 1472 plus
901 1430 1035 1472 peccet
1063 1434 1181 1471 quam
1200 1422 1386 1471 intempe-

476 1480 481 1485 ‘
530 1485 645 1515 ratus.
676 1477 803 1514 Tanto
833 1476 934 1513 enim
964 1476 1099 1524 aliquis
1126 1476 1278 1513 videtur
1306 1487 1387 1523 gra-

435 1522 445 1531 ἵ
507 1530 616 1568 vius
634 1542 808 1580 peccare,
830 1537 974 1577 quanto
994 1529 1116 1577 magis
1137 1536 1269 1566 contra
1297 1541 1387 1566 con-

319 1584 514 1621 scientiam
532 1584 627 1632 agit:
657 1583 870 1620 secundum
890 1583 982 1620 illud
1002 1584 1096 1620 Luc.
1116 1595 1164 1619 xu
1184 1582 1223 1619 *τ
1249 1583 1389 1619 Servus

177 1646 194 1663 α
317 1638 436 1674 sciens
472 1637 702 1674 voluntatem
739 1637 883 1673 domini
907 1637 969 1673 sui
994 1642 1030 1672 et
1042 1637 1198 1684 faciens
1232 1636 1350 1686 digna
1371 1641 1388 1657 α

312 1691 453 1741 plagis,
481 1690 674 1739 vapulabit
702 1690 837 1726 multis.
878 1690 955 1726 Sed
990 1689 1231 1726 incontinens
1268 1689 1389 1736 magis

317 1744 468 1782 videtur
495 1756 605 1791 agere
636 1751 766 1780 contra
799 1742 1070 1779 conscientiam
1109 1754 1227 1790 quam
1255 1742 1389 1779 intem-

78 1807 292 1856 sc⁸1¹ii¹¹1¹'¹'‘²‘'
318 1805 491 1846 peratus:
522 1797 625 1846 quia,
655 1804 696 1832 ut
724 1795 858 1832 dicitur
885 1796 923 1832 in
951 1795 1021 1832 VII
1049 1796 1170 1832 Ethic.
1191 1795 1229 1842 ²⁸,
1258 1795 1388 1832 incon-

97 1848 103 1855 ’
161 1839 290 1902 '3²⁰¹'m'
318 1850 459 1897 tineus,
490 1849 612 1886 sciens
644 1849 828 1897 quoniam
849 1847 865 1878 β
892 1861 1012 1898 prava
1050 1856 1137 1884 sunt
1170 1860 1270 1895 quae
1299 1860 1388 1884 con-

319 1903 495 1952 cupiscit,
535 1902 780 1939 nihilominus
821 1901 913 1949 agit,
951 1909 1108 1950 propter
1145 1900 1387 1949 passionem;

317 1956 588 2004 intemperatus
625 1962 754 1991 autem
784 1954 925 1991 iudicat
954 1967 999 1991 ea
1027 1966 1126 2003 quae
1157 1953 1390 2002 concupiscit

318 2022 401 2046 esse
421 2009 535 2045 bona.
564 2009 666 2055 Ergo
687 2007 926 2044 incontinens
946 2008 1099 2055 gravius
1119 2015 1252 2056 peccat
1272 2019 1389 2056 quam

316 2063 600 2110 intemperatus.

371 2127 406 2151 2.
434 2116 673 2160 PRAETEREA,
704 2121 847 2163 quanto
883 2114 1039 2162 aliquod
1077 2121 1280 2163 peccatum
1307 2125 1389 2161 gra-

315 2167 399 2205 vius
425 2176 491 2215 est,
513 2175 616 2205 tanto
636 2167 787 2204 videtur
817 2179 900 2204 esse
923 2167 1050 2204 minus
1070 2167 1255 2205 sanabile:
1285 2167 1389 2204 unde

318 2229 354 2258 et
370 2229 526 2271 peccata
545 2221 583 2258 in
604 2220 786 2270 Spiritum
808 2221 1006 2268 Sanctum,
1023 2233 1122 2270 quae
1142 2229 1230 2258 sunt
1248 2220 1389 2268 gravis-

78 2306 88 2316 .
99 2305 133 2327 Cf·
145 2279 288 2333 quixman.
317 2274 412 2311 sima
427 2280 454 2321 Υ,
472 2274 648 2312 dicuntur
663 2286 745 2311 esse
761 2273 1031 2311 irremissibilia
1040 2273 1071 2311 ²⁸.
1094 2274 1171 2312 Sed
1186 2281 1388 2323 peccatum

77 2338 97 2361 3·
316 2328 609 2365 incontinentiae
624 2327 777 2365 videtur
796 2340 879 2365 esse
900 2327 1145 2365 insanabilius
1165 2339 1281 2376 quarn
1302 2339 1390 2376 pec—

317 2388 444 2418 catum
482 2381 809 2431 intemperantiae.
849 2382 1013 2419 Sanatur
1051 2380 1153 2418 enim
1186 2387 1388 2430 peccatum

79 1593 90 1603 ⁸
103 1592 171 1614 Vera.
186 1599 224 1620 47,
238 1593 275 1619 48.

316 2435 472 2471 alicuius
499 2446 569 2484 per
595 2434 901 2472 admonitionem
922 2442 957 2471 et
978 2434 1268 2481 correctionem,
1289 2446 1389 2483 quae
1416 2461 1418 2477 ἢ

176 2493 190 2519 ὃ
316 2487 405 2525 nihil
421 2488 573 2525 videtur
586 2486 599 2510 ὅ
621 2488 793 2525 conferre
814 2487 1073 2533 incontinenti,
1090 2487 1155 2537 qui
1171 2487 1238 2524 scit
1253 2499 1293 2524 se
1309 2500 1390 2524 ma·
1416 2481 1418 2494 '

316 2542 349 2578 le
379 2553 506 2589 agere,
537 2549 573 2578 et
600 2541 847 2579 nihilominus
882 2543 982 2578 male
1011 2541 1106 2589 agit:
1136 2541 1390 2590 intemperato

317 2602 444 2631 autem
472 2595 624 2632 videtur
652 2595 758 2643 quod
787 2596 887 2632 bene
916 2602 1013 2643 agat,
1044 2602 1080 2631 et
1108 2594 1162 2631 sic
1190 2594 1331 2643 aliquid
1357 2594 1390 2631 ei

318 2648 487 2684 conferre
525 2655 655 2697 posset
691 2648 917 2685 admonitio.
954 2649 1058 2696 Ergo
1090 2648 1245 2686 videtur
1283 2648 1390 2696 quod

317 2700 554 2738 incontinens
589 2702 742 2750 gravius
776 2709 910 2751 peccet
944 2713 1063 2751 quam
1102 2701 1387 2750 intemperatus.

317 2815 460 2855 peccat,
479 2815 582 2845 tanto
603 2808 755 2856 gravius
775 2816 920 2858 peccat.
943 2808 1020 2845 Sed
1041 2808 1282 2845 incontinens
1301 2820 1390 2857 pec-

319 2868 378 2897 cat
407 2873 450 2897 ex
480 2861 614 2898 maiori
643 2862 797 2899 libidine
827 2874 944 2910 quam
974 2861 1266 2911 intemperatus:
1301 2861 1390 2910 quia

181 2919 193 2937 ⁸
319 2913 556 2951 incontinens
594 2915 709 2952 habet
735 2916 988 2953 vehementes
1017 2915 1345 2964 concupiscentias
1364 2920 1388 2962 ⁸,

321 2978 414 3015 quas
443 2979 521 3004 non
551 2980 703 3016 semper
731 2969 846 3006 habet
882 2969 1165 3017 intemperatus.
1204 2969 1306 3016 Ergo
1336 2968 1390 3006 in-

322 3027 518 3057 continens
547 3021 668 3068 magis
696 3029 830 3070 peccat
859 3034 974 3071 quam
1005 3022 1289 3071 intemperatus.

376 3073 450 3109 SED
483 3085 630 3111 CONTRA
664 3087 730 3112 EST
758 3075 864 3124 quod
892 3074 1182 3124 impoenitentia
1210 3081 1391 3123 aggravat

323 3137 437 3162 omne
471 3134 690 3175 peccatum:
724 3128 827 3165 unde
855 3128 1108 3176 Augustinus,
1139 3127 1176 3165 in
1214 3127 1310 3165 libro
1345 3128 1391 3165 de

329 3179 436 3215 Verh.
461 3180 574 3217 Dom.
594 3180 626 3228 ³¹⁸,
656 3180 745 3218 dicit
769 3181 874 3230 quod
902 3181 1192 3230 impoenitentia
1221 3188 1276 3218 est
1304 3193 1391 3230 pec-

324 3238 449 3268 catum
478 3232 515 3269 in
545 3233 728 3282 Spiritum
758 3235 950 3271 Sanctum.
987 3234 1065 3272 Sed
1093 3234 1189 3271 sicut
1215 3233 1389 3271 Philoso-

86 3287 299 3336 ‘SPffiqggtp—vgg
324 3283 422 3331 phus
451 3284 553 3332 dicit,
582 3286 620 3323 in
646 3287 716 3324 VII
744 3288 864 3325 Ethic.
885 3287 916 3336 ⁴⁸,
941 3288 1207 3337 intemperatus
1235 3300 1310 3324 non
1339 3293 1394 3324 est

319 3337 546 3384 poenitivus,
585 3339 764 3377 immanet
799 3341 898 3377 enim
936 3341 1125 3378 electioni.-
1160 3341 1392 3378 incontinens

325 3394 448 3447 autem
486 3392 606 3428 omnis
643 3398 697 3429 est
716 3394 939 3441 poenitivus.
976 3395 1078 3442 Ergo
1118 3394 1391 3443 intemperatus

326 3451 478 3488 gravius
506 3451 638 3490 peccat
665 3457 782 3492 quam
811 3446 1061 3484 incontinens.

86 3183 174 3204 ’Sei-m.
181 3182 294 3210 uxum.

84 3208 295 3236 XIdeVer-bssom„

85 3242 134 3263 cap.
151 3241 192 3262 ιιι,
207 3241 254 3257 xm.

381 3552 408 3584 α)
419 3553 526 3586 faciens
544 3554 636 3586 digna.
648 3569 666 3573 -
684 3563 736 3580 non
749 3557 855 3588 faciens
881 3558 965 3591 digna
990 3559 1093 3591 HpCsK
1112 3566 1138 3584 et
1156 3567 1188 3588 a,
1209 3567 1259 3584 non
1278 3559 1387 3592 sactens

327 3587 407 3626 digne
426 3588 456 3619 D,
467 3588 574 3621 faciens
594 3589 706 3622 indigna
724 3590 753 3620 L,
766 3592 872 3624 faciens
890 3593 938 3624 pA,
958 3601 1010 3618 non
1022 3594 1130 3627 faciens
1149 3595 1226 3620 PlsA.

381 3624 406 3655 ,3)
426 3623 558 3656 quoniam.
571 3638 589 3643 -
607 3632 685 3656 quam
706 3625 811 3657 PDKpC
831 3631 856 3651 et
874 3634 899 3656 a,
918 3629 1075 3661 quandoque
1095 3630 1124 3658 E,
1143 3630 1214 3662 quod
1232 3630 1262 3655 L.

1494 1370 1724 1406 Respounsso
1740 1364 1928 1406 DlCENDuM
1948 1369 2055 1417 quod
2073 1377 2288 1418 peccatum,
2304 1369 2517 1408 secundum

1441 1422 1699 1470 Augustinum
1719 1422 1757 1470 ²⁸,
1787 1422 1992 1472 praecipue
2021 1421 2060 1459 in
2087 1423 2285 1460 voluntate
2324 1423 2516 1462 consistit:

1441 1476 1616 1513 voluntas
1646 1475 1747 1513 enim
1776 1482 1831 1513 est
1848 1487 1923 1525 qua
1937 1481 2121 1524 peccatur
2147 1482 2183 1513 et
2209 1482 2309 1514 recte
2326 1476 2468 1514 vivitur
2484 1476 2516 1514 *.

1443 1530 1492 1566 Et
1520 1529 1608 1567 ideo
1645 1529 1710 1566 ubi
1746 1537 1802 1566 est
1840 1529 1964 1567 maior
2000 1529 2192 1567 inclinatio
2226 1530 2434 1568 voluntatis
2468 1531 2518 1569 ad

1442 1582 1698 1631 peccandum,
1719 1582 1771 1619 ibi
1800 1590 1856 1619 est
1882 1582 2034 1631 gravius
2062 1590 2278 1631 peccatum.
2309 1585 2351 1621 ln
2377 1596 2423 1621 eo
2452 1596 2519 1622 au-

1443 1644 1521 1672 tem
1551 1636 1615 1684 qui
1646 1643 1701 1672 est
1728 1635 2014 1685 intemperatus,
2043 1637 2222 1674 voluntas
2250 1636 2450 1674 inclinatur
2469 1637 2519 1676 ad

1443 1689 1685 1738 peccandum
1715 1701 1761 1726 ex
1788 1689 1944 1739 propria
1979 1689 2180 1737 electione,
2210 1702 2309 1739 quae
2345 1690 2520 1740 procedit

1445 1754 1490 1778 ex
1518 1742 1649 1779 habitu
1686 1754 1756 1791 per
1792 1742 2112 1780 consuetudinem
2150 1743 2348 1792 acquisito.
2389 1745 2432 1781 In
2470 1756 2517 1781 eo

1444 1803 1572 1832 autem
1594 1795 1660 1843 qui
1689 1803 1745 1832 est
1773 1795 2023 1844 incontinens,
2043 1797 2222 1834 voluntas
2250 1795 2451 1835 inclinatur
2469 1797 2518 1836 ad

1443 1848 1686 1896 peccandum
1716 1861 1761 1884 ex
1790 1848 1916 1898 aliqua
1952 1849 2144 1898 passione.
2181 1850 2231 1887 Et
2264 1849 2354 1900 quia
2390 1850 2518 1900 passio

1445 1901 1516 1937 cito
1555 1901 1706 1947 transit,
1736 1901 1886 1939 habitus
1923 1909 2052 1940 autem
2083 1910 2139 1940 est
2170 1903 2330 1951 qualitas
2366 1903 2520 1952 difficile

1444 1954 1592 1991 mobilis
1609 1953 1641 2001 ²¹²,
1671 1954 1759 1991 inde
1789 1962 1844 1991 est
1872 1955 1977 2003 quod
2006 1955 2246 1993 incontinens
2271 1955 2397 1993 statim
2425 1969 2519 2006 poe·

1416 2033 1418 2048 2
1444 2007 1556 2055 nitet,
1587 2015 1805 2044 transeunte
1834 2008 2029 2056 passione:
2064 2009 2171 2058 quod
2200 2021 2279 2046 non
2307 2009 2444 2047 accidit
2472 2010 2520 2048 de

1444 2061 1719 2109 intemperato,
1751 2060 1967 2109 quinimmo
2005 2063 2147 2110 gaudet
2174 2074 2215 2099 se
2243 2074 2441 2111 peccasse,
2472 2075 2519 2101 eo

1445 2114 1549 2163 quod
1570 2114 1740 2163 operatio
1761 2115 1905 2163 peccati
1922 2123 1977 2152 est
1991 2115 2062 2152 sibi
2075 2116 2173 2153 facta
2193 2115 2448 2154 connaturalis
2463 2129 2521 2154 se-

1445 2168 1615 2206 cundum
1636 2168 1823 2205 habitum.
1840 2169 1952 2206 Unde
1968 2169 2016 2206 de
2030 2168 2089 2206 his
2105 2169 2241 2206 dicitur
2254 2170 2436 2207 Proverb.
2453 2181 2476 2208 11
2486 2169 2519 2219 ¹⁸,
2546 2175 2558 2187 ·

1444 2221 1550 2270 quod
1570 2221 1758 2258 laetantur
1785 2233 1872 2258 cum
1900 2222 2000 2259 male
2021 2222 2195 2270 fecerint,
2221 2228 2259 2259 et
2283 2222 2456 2260 exultant
2481 2222 2519 2263 in

1444 2275 1556 2312 rebus
1578 2275 1763 2322 pessimis.
1792 2275 1906 2312 Unde
1927 2282 2033 2324 patet
2051 2275 2158 2325 quod
2181 2276 2449 2325 intemperatus
2467 2282 2523 2314 est

1444 2328 1562 2365 multo
1584 2328 1696 2376 peior
1723 2339 1838 2376 quam
1866 2328 2119 2366 incontinens:
2149 2337 2191 2366 ut
2211 2329 2326 2366 etiam
2346 2329 2521 2368 Philoso-

1444 2382 1544 2430 phus
1574 2381 1678 2428 dicit,
1708 2381 1747 2418 in
1775 2381 1844 2418 VII
1872 2382 1995 2419 Ethic.
2016 2381 2036 2403 ’⁸‘

1498 2436 1558 2472 An
1586 2446 1726 2472 ramum
1755 2446 1855 2472 ERGO
1881 2446 2066 2472 mesanum
2091 2435 2196 2483 quod
2225 2434 2437 2483 ignorantia
2465 2435 2520 2473 in-

1444 2488 1614 2525 tellectus
1644 2489 1878 2537 quandoque
1907 2487 2064 2536 quidem
2093 2487 2288 2537 praecedit
2311 2488 2520 2526 inclinatio-

1445 2553 1536 2578 nem
1567 2541 1769 2591 appetitus,
1791 2549 1828 2578 et
1856 2549 1987 2579 causat
2015 2553 2114 2579 eam.
2144 2542 2194 2579 Et
2212 2541 2279 2588 sic,
2300 2549 2443 2591 quanto
2465 2550 2522 2580 est

1445 2594 1570 2632 maior
1598 2594 1821 2643 ignorantia,
1842 2602 1948 2632 tanto
1969 2595 2089 2642 magis
2108 2602 2310 2644 peccatum
2331 2594 2519 2643 diminuit,

1444 2649 1507 2685 vel
1535 2647 1698 2685 totaliter
1728 2656 1893 2695 excusat,
1923 2648 2150 2698 inquantum
2180 2655 2310 2685 causat
2343 2648 2520 2686 involun-

1443 2701 1595 2738 tarium.
1626 2701 1712 2738 Alio
1731 2701 1851 2739 modo
1873 2713 1892 2738 e
1914 2713 2102 2739 converso
2127 2701 2338 2750 ignorantia
2366 2701 2520 2739 rationis

1445 2754 1615 2804 sequitur
1653 2754 1938 2792 inclinationem
1977 2754 2178 2804 appetitus.
2218 2755 2268 2792 Et
2294 2753 2377 2792 talis
2413 2754 2520 2803 igno—

1446 2808 1566 2846 rantia
1594 2816 1737 2857 quanto
1767 2815 1823 2846 est
1851 2808 1987 2856 maior,
2008 2816 2113 2846 tanto
2139 2815 2341 2857 peccatum
2363 2815 2419 2845 est
2437 2820 2520 2856 gra-

1444 2861 1551 2899 vius:
1582 2861 1670 2910 quia
1690 2861 1901 2899 ostenditur
1920 2861 2110 2899 inclinatio
2130 2861 2317 2910 appetitus
2336 2873 2420 2898 esse
2439 2873 2520 2898 ma-

1445 2915 1512 2952 ior.
1555 2914 1769 2963 Ignorantia
1806 2922 1934 2952 autem
1969 2923 2048 2952 tam
2095 2913 2362 2952 incontinentis
2400 2925 2517 2962 quam

1446 2968 1687 3017 intemperati
1714 2968 1893 3018 provenit
1912 2980 1957 3005 ex
1987 2980 2034 3005 eo
2064 2968 2170 3017 quod
2197 2966 2386 3017 appetitus
2405 2974 2463 3004 est
2480 2967 2519 3004 in

1446 3021 1588 3071 aliquid
1626 3021 1847 3059 inclinatus:
1877 3021 1959 3058 sive
1987 3033 2056 3071 per
2084 3020 2327 3070 passionem,
2357 3019 2452 3057 sicut
2479 3019 2519 3058 in

1446 3074 1722 3120 incontinente;
1760 3074 1841 3112 sive
1869 3086 1939 3124 per
1974 3073 2162 3121 habitum,
2191 3073 2287 3111 sicut
2319 3072 2357 3110 in
2386 3073 2519 3111 intem-

1446 3135 1592 3177 perato.
1622 3127 1749 3165 Maior
1777 3135 1906 3165 autern
1935 3126 2147 3176 ignorantia
2174 3133 2351 3164 causatur
2371 3138 2417 3163 ex
2443 3127 2519 3165 hoc

1446 3181 1485 3218 in
1504 3181 1757 3230 intemperato
1777 3193 1895 3230 quam
1915 3180 1955 3218 in
1973 3179 2244 3218 incontinente.
2269 3180 2320 3216 Et
2337 3191 2417 3216 uno
2437 3179 2519 3229 qui-

1447 3235 1537 3272 dem
1567 3234 1699 3282 modo,
1720 3241 1908 3284 quantum
1928 3233 1977 3271 ad
1997 3232 2250 3270 durationem.
2282 3232 2384 3280 Quia
2405 3232 2442 3270 in
2461 3232 2516 3271 in-

1447 3287 1665 3325 continente
1703 3287 1813 3325 durat
1841 3287 1901 3324 illa
1930 3285 2141 3334 ignorantia
2177 3286 2302 3323 solum
2339 3285 2518 3335 passione

1447 3341 1628 3378 durante:
1659 3339 1755 3377 sicut
1773 3339 1942 3378 accessio
1961 3338 2076 3376 febris
2104 3339 2286 3376 tertianae
2306 3338 2428 3387 durat,
2449 3338 2518 3377 du·

1447 3401 1552 3431 rante
1581 3392 1846 3430 commotione>
1861 3392 2047 3430 humoris.
2079 3392 2295 3440 Ignorantia
2313 3399 2443 3430 autem
2462 3392 2517 3430 in-

1445 3446 1646 3495 temperati
1675 3445 1784 3483 durat
1821 3445 1993 3493 assidue,
2023 3453 2179 3494 propter
2211 3445 2516 3495 permanentiam

1495 3560 1523 3592 γ)
1542 3565 1610 3591 quae
1627 3562 1691 3583 sunt
1708 3557 1879 3591 gravissima.
1893 3570 1910 3576 -
1928 3560 1992 3582 sune
2009 3557 2172 3591 gravissima
2191 3561 2218 3584 et
2236 3558 2281 3584 Pa.

1496 3592 1521 3625 δ)
1541 3593 1656 3619 videtur.
1669 3607 1687 3612 —
1705 3593 1831 3618 videntur
1849 3592 1926 3618 cm..

1498 3629 1520 3661 ε)
1539 3628 1775 3660 concupiscentias.
1787 3641 1807 3648 -
1821 3629 1961 3660 passiones
1979 3631 2006 3653 et
2023 3628 2252 3660 concupiscentias
2270 3628 2316 3653 Pa.

2546 1483 2756 1510 wemmam..

2545 1516 2635 1538 cn.x,

2546 1541 2556 1552 ·
2622 1542 2669 1563 aee.
2683 1541 2724 1563 lib.
2739 1540 2758 1568 1,

2544 1573 2596 1596 cap.
2610 1573 2644 1591 tx.

2546 1969 2557 1980 ⁸
2565 1967 2664 1991 Armet.
2673 1967 2759 1996 Categ.

2546 2000 2597 2023 “p-
2611 2000 2642 2022 Vl,
2656 2001 2679 2018 u.
2693 2003 2716 2022 4.

2547 2381 2631 2431 ἑῆς.

2570 2174 2639 2198 Ven-

2653 2180 2686 2202 ¹⁴·

2634 2387 2710 2431 Ἶὲἒ·
2718 2388 2760 2431 331⁸
