2768 4198
161 1702 189 1715 ¹:¹2¹
210 1709 214 1714 ι

938 284 1206 330 QUAESTIO
1237 286 1483 335 CLXXXVI»,
1512 288 1809 326 ARTICULUS
1839 289 1890 325 IX

314 372 381 411 est,
403 364 632 412 inquantum
651 361 812 410 impedit
841 374 886 398 ea
905 362 1045 410 quibus
1071 363 1206 410 aliquis
1222 369 1239 385 ‘²
1261 365 1386 414 dispo-

313 417 414 455 nitur
448 416 496 454 ad
526 414 770 453 observanda
807 414 1030 463 principalia
1064 425 1268 465 praecepta
1297 418 1388 466 legis

314 470 467 518 Christi,
489 481 588 518 quae
610 475 696 505 sunt
722 475 928 516 praecepta
957 468 1131 505 caritatis.

368 526 410 561 In
430 523 557 572 aliqua
576 530 707 559 tamen
735 520 929 568 religione,
951 521 1091 558 scilicet
1121 522 1276 559 Ordinis
1298 523 1388 559 Fra—

313 586 414 616 trum
431 575 758 621 Praedicatorum,
779 574 1026 622 transgressio
1046 574 1128 611 talis
1147 576 1208 611 vel
1229 575 1386 612 omissio

314 644 360 669 ex
378 643 448 668 suo
473 641 612 678 genere
631 640 710 665 non
731 626 873 675 obligat
892 627 942 664 ad
962 628 1115 676 culpam
1141 640 1266 676 neque
1287 640 1387 665 mor-

312 686 428 722 talem
465 694 590 732 neque
629 681 845 728 venialem,
882 681 950 717 sed
989 681 1114 717 solum
1145 681 1193 717 ad
1219 693 1385 729 poenam

312 745 478 775 taxatam
500 735 785 773 sustinendam:
816 734 906 784 quia
929 746 1000 782 per
1023 734 1127 771 hunc
1156 734 1319 770 modum
1339 735 1387 770 ad

313 791 400 829 talia
429 789 674 827 observanda
704 787 930 836 obligantur.
968 787 1044 834 Qui
1073 795 1202 824 tamen
1232 795 1388 834 possent

311 843 510 882 venialiter
542 843 604 880 vel
640 842 850 879 mortaliter
885 853 1046 890 peccare
1083 853 1128 877 ex
1162 840 1389 887 negligentia

312 898 375 936 vel
404 897 572 944 libidine,
594 908 663 934 seu
693 902 930 944 contemptu.

366 953 426 988 AD
451 962 645 988 SECUNDUM
675 960 862 987 mCENDUM
882 947 989 997 quod
1018 959 1097 984 non
1126 946 1259 983 omnia
1289 957 1388 994 quae

312 1005 555 1042 continentur
583 1004 622 1041 in
650 1003 732 1051 lege
760 1002 961 1040 traduntur
989 1013 1057 1050 per
1084 1000 1247 1038 modurn
1277 1011 1386 1048 prae-

314 1059 434 1108 cepti,
478 1059 546 1096 sed
584 1057 776 1107 quaedam
813 1062 1084 1105 proponuntur
1120 1066 1189 1103 per
1226 1053 1389 1090 modurn

313 1111 565 1150 ordinationis
603 1110 824 1158 cuiusdam,
853 1110 916 1147 vel
945 1108 1071 1146 statuti
1107 1106 1310 1156 obligantis
1339 1106 1388 1143 ad

313 1173 457 1203 certam
494 1177 685 1215 poenam:
714 1164 810 1202 sicut
846 1163 885 1200 in
921 1163 1004 1211 lege
1045 1161 1145 1199 civili
1183 1173 1263 1198 non
1301 1159 1388 1197 facit

274 1233 279 1239 ·
313 1232 468 1268 semper
503 1219 661 1268 dignum
699 1230 828 1268 poena
856 1216 990 1254 mortis
1025 1214 1235 1264 corporalis
1268 1221 1388 1250 trans-

312 1273 459 1323 gressio
477 1272 619 1322 ..legalis
653 1272 791 1310 statuti.
830 1272 884 1309 Ita
912 1283 985 1308 nec
1013 1269 1051 1307 in
1079 1269 1162 1317 lege
1193 1267 1388 1305 Ecclesiae

2430 292 2498 328 501

1442 378 1577 403 omnes
1598 366 1856 405 ordinationes
1874 369 1937 404 vel
1958 375 2095 405 statuta
2113 367 2128 398 β
2149 368 2316 417 obligant
2336 369 2384 406 ad
2405 381 2505 406 mor-

1442 420 1524 456 tale.
1556 421 1604 456 Et
1633 420 1802 457 similiter
1830 433 1901 457 nec
1930 421 2060 458 omnia
2089 429 2224 458 statuta
2249 423 2410 470 regulae.

1493 474 1552 508 Ao
1577 484 1736 510 TERTmM
1758 486 1942 511 D1CENDUM
1967 475 2072 523 quod
2101 482 2190 511 tunc
2219 475 2417 512 committit
2445 476 2506 512 ali—

1442 525 1524 572 quis
1552 526 1614 562 vel
1643 527 1912 574 transgreditur
1941 540 1984 564 ex
2006 535 2239 577 contemptu,
2261 530 2417 576 quando
2437 541 2505 565 vo-

1443 578 1565 614 luntas
1595 579 1674 615 eius
1703 580 1825 616 renuit
1853 580 1985 617 subiici
2006 581 2233 623 ordinationi
2258 581 2349 629 legis
2366 582 2429 619 vel
2449 594 2505 618 re—

1442 631 1571 676 gulae,
1609 639 1644 668 et
1673 644 1717 668 ex
1746 633 1820 669 hoc
1852 634 2023 681 procedit
2051 635 2100 672 ad
2128 635 2344 672 faciendum
2375 642 2505 672 contra

1442 683 1564 730 legem
1593 685 1655 720 vel
1686 686 1868 732 regulam.
1899 687 2066 733 Quando
2095 696 2222 725 autem
2251 701 2270 725 e
2300 700 2503 736 converso,

1442 744 1597 794 propter
1625 738 1790 786 aliquam
1818 741 2083 787 particularem
2104 754 2270 788 causam,
2300 749 2391 790 puta
2416 754 2505 778 con-

1443 790 1714 836 cupiscentiam
1743 792 1804 827 vel
1833 791 1950 839 iram,
1985 794 2173 831 inducitur
2205 795 2254 832 ad
2283 794 2425 843 aliquid
2453 796 2506 832 fa-

1443 842 1621 878 ciendum
1660 851 1791 880 contra
1829 852 1964 882 statuta
1996 847 2086 894 legis
2121 848 2181 884 vel
2219 849 2387 896 regulae,
2426 860 2504 885 non

1443 902 1575 953 peccat
1604 907 1648 931 ex
1677 904 1914 945 contemptu,
1945 899 2012 936 sed
2041 912 2085 936 ex
2114 900 2237 949 aliqua
2266 901 2339 938 alia
2368 914 2502 938 causa:

1444 954 1557 983 enam
1594 948 1623 984 si
1659 949 1875 996 frequenter
1910 964 1954 988 ex
1993 953 2128 989 eadem
2167 966 2300 1001 causa,
2334 955 2395 991 vel
2432 955 2504 992 alia

1444 1000 1575 1047 simili,
1610 1010 1811 1050 peccatum
1845 1003 1961 1041 iteret.
2000 1005 2103 1042 Sicut
2132 1006 2244 1044 etiam
2273 1007 2504 1054 Augustinus

1444 1053 1549 1100 dicit,
1580 1054 1617 1090 in
1646 1054 1741 1092 libro
1771 1056 1816 1092 de
1843 1057 1996 1094 Natura
2024 1065 2060 1095 et
2089 1059 2193 1096 Grat.
2213 1059 2252 1106 ²¹⁶,
2283 1061 2388 1109 quod
2425 1073 2504 1098 non

1444 1107 1575 1143 omnia
1612 1116 1768 1156 peccata
1803 1111 2089 1148 committuntur
2123 1124 2167 1148 ex
2195 1121 2415 1162 contemptu
2445 1127 2504 1151 su-

1443 1160 1610 1209 perbiae.
1643 1162 1870 1210 Frequentia
1898 1171 2024 1200 tamen
2044 1165 2187 1213 peccati
2207 1166 2426 1214 dispositive
2450 1167 2504 1204 in-

1444 1213 1546 1250 ducit
1561 1214 1610 1251 ad
1627 1223 1908 1264 contemptum:
1930 1219 2140 1255 secundum
2156 1218 2244 1256 illud
2259 1220 2504 1257 Prov.xvi11*:

1443 1268 1608 1315 Impius,
1638 1280 1724 1305 cum
1753 1269 1790 1306 in
1813 1271 2050 1318 profundum
2077 1272 2221 1308 venerit
2237 1277 2265 1319 Υ,
2294 1275 2504 1310 contemnit.

367 1406 394 1439 α)
413 1405 520 1438 aliquis.
533 1419 552 1424 -
569 1404 675 1438 aliquid
692 1404 875 1429 ABEFHIKL.

367 1440 392 1474 β)
411 1444 524 1467 statuta.
539 1454 554 1460 -
570 1441 680 1473 publica
698 1442 802 1469 statuta
821 1440 867 1466 Pa.

1497 1399 1523 1432 γ)
1543 1400 1654 1425 venerit.
1667 1413 1684 1418 -
1699 1404 1873 1432 peccatorum
1893 1402 1990 1427 addunt
2009 1403 2054 1428 Pa.

1004 1527 1343 1560 Commentario.
1365 1526 1621 1559 Cardinalis
1643 1525 1846 1558 Caietam

343 1632 364 1652 n
387 1621 522 1652 articulo
545 1629 635 1650 nono
665 1618 810 1650 eiusdem
833 1616 1046 1658 quaestionis,
1075 1616 1189 1656 collige
1213 1615 1387 1656 expositio-

315 1633 420 1698 Inem
451 1665 634 1706 regularum
666 1670 697 1694 et
725 1669 920 1695 statutorum
949 1661 1110 1701 religionis
1139 1661 1385 1702 cuiuscumque.

310 1710 561 1751 Distinguuntur
585 1707 744 1750 siquidem
767 1707 801 1738 in
824 1707 927 1738 littera
955 1714 1095 1748 quatuor
1117 1716 1232 1747 genera
1256 1713 1387 1736 conten-

309 1763 420 1788 torum
441 1754 476 1786 in
498 1754 617 1794 regula.
643 1753 679 1784 In
702 1753 808 1793 primo
833 1759 909 1783 sunt
931 1758 1020 1783 actus
1039 1751 1195 1782 virtutum
1218 1751 1273 1792 qui
1299 1761 1388 1782 com-

1439 1614 1590 1655 possibile
1607 1621 1654 1645 est
1677 1621 1712 1645 ut
1735 1614 1807 1655 quis
1825 1624 1890 1644 non
1908 1621 2091 1645 contemnat
2107 1616 2248 1655 regulam
2265 1627 2366 1654 suam,
2388 1625 2418 1648 et
2437 1628 2510 1648 con-

1440 1667 1561 1690 temnat
1584 1659 1830 1700 perfectionem:
1855 1659 1930 1700 quia
1954 1659 1979 1689 si
1999 1669 2065 1689 non
2083 1660 2258 1692 contemnit
2277 1662 2428 1702 regulam,
2446 1662 2509 1692 iam

1441 1711 1606 1745 permanet
1621 1704 1655 1734 in
1671 1703 1869 1744 professione
1894 1704 2042 1734 tendendi
2065 1705 2104 1734 ad
2128 1705 2371 1746 perfectionem;
2396 1717 2431 1737 ac
2455 1717 2511 1747 per

1440 1750 1511 1786 hoc,
1536 1759 1603 1780 non
1628 1748 1805 1780 contemnit
1827 1748 2064 1789 perfectionem.
2089 1749 2130 1780 Et
2153 1750 2295 1781 similiter
2311 1751 2419 1782 sinon
2436 1762 2509 1782 con-

310 1800 452 1832 muniter
464 1806 539 1830 sunt
553 1798 587 1829 in
599 1804 786 1840 praecepto:
804 1804 840 1828 ut
852 1797 981 1837 diligere
994 1797 1100 1827 Deum
1113 1803 1144 1827 et
1155 1796 1351 1837 proximum.
1365 1813 1386 1818 -
1441 1794 1554 1825 temnit
1570 1793 1809 1834 perfectionem,
1827 1803 2024 1835 consequens
2042 1800 2088 1824 est
2104 1800 2139 1824 ut
2154 1794 2229 1825 velit
2244 1795 2356 1826 subiici
2372 1797 2508 1836 regulae,

310 1845 347 1877 In
371 1845 513 1876 secundo
539 1850 614 1874 sunt
636 1849 725 1874 actus
749 1842 905 1873 virtutum
929 1841 985 1883 qui
1010 1840 1226 1872 communiter
1249 1848 1324 1872 sunt
1347 1841 1387 1870 de
1412 1829 1414 1870 i
1442 1849 1497 1880 per
1520 1849 1619 1880 quam
1643 1845 1767 1870 tenetur
1790 1838 1830 1868 ad
1853 1838 2080 1879 perfectionem
2102 1839 2239 1870 tendere.
2271 1840 2363 1871 Unde
2386 1840 2508 1882 Diony-

311 1889 464 1921 consilio:
499 1895 536 1920 ut
566 1887 694 1928 diligere
721 1886 870 1918 inimicos
900 1886 934 1917 in
965 1885 1157 1927 particulari.
1181 1903 1203 1909 -
1228 1885 1263 1916 ln
1293 1885 1386 1916 tertio

310 1941 386 1966 sunt
400 1934 569 1965 exteriores
585 1931 804 1964 observantiae
825 1941 908 1973 quae
925 1938 1000 1962 sunt
1023 1930 1126 1971 prima
1143 1930 1274 1962 materia
1289 1929 1387 1961 trium

310 1986 479 2011 votorum:
505 1985 541 2009 ut
564 1984 688 2009 castum
705 1986 772 2008 esse
796 1983 828 2007 et
850 1976 930 2007 nihil
953 1975 1123 2017 proprium
1147 1975 1272 2012 habere,
1290 1982 1349 2006 etc.
1365 1993 1386 1999 -

310 2024 347 2055 In
370 2030 485 2066 quarto
508 2029 584 2054 sunt
606 2022 747 2063 reliquae
775 2016 943 2052 exteriores
970 2020 1188 2052 observantiae
1211 2020 1387 2061 regulares:

311 2075 348 2100 ut
374 2068 530 2099 abstinere
553 2077 572 2098 a
595 2066 751 2103 carnibus,
777 2067 823 2097 uti
853 2066 952 2096 laneis
982 2066 1022 2096 ad
1053 2075 1190 2102 carnem,
1216 2071 1246 2096 et
1277 2065 1388 2096 huius-

311 2113 413 2144 modi.

366 2158 415 2189 De
438 2156 544 2198 primo
568 2166 682 2196 genere
696 2155 820 2193 dicitur,
838 2162 869 2186 et
884 2154 1089 2187 manifestum
1108 2161 1164 2191 est,
1181 2155 1271 2195 quod
1288 2161 1386 2185 trans-

310 2202 431 2244 gressio
462 2208 509 2232 est
538 2200 691 2232 mortalis.
717 2219 737 2223 -
759 2201 808 2231 De
838 2200 980 2231 secundo
1007 2210 1101 2236 vero,
1133 2199 1222 2240 quod
1250 2209 1316 2230 non
1341 2206 1389 2230 est

310 2246 454 2279 mortalis
477 2245 703 2287 transgressio:
728 2245 805 2287 quia
827 2245 905 2276 haec
928 2251 1071 2286 spectant
1094 2244 1134 2275 ad
1158 2244 1387 2285 perfectionem

311 2291 457 2328 caritatis,
482 2300 564 2332 quae
588 2297 636 2321 est
657 2289 730 2321 finis
744 2290 922 2330 religionis;
947 2289 1115 2330 religiosus
1131 2295 1240 2320 autem
1258 2299 1322 2320 non
1343 2296 1387 2320 te-

310 2343 404 2368 netur
426 2345 494 2367 esse
517 2334 686 2376 perfectus.
711 2334 898 2376 Apponitur
920 2341 1028 2365 tamen
1052 2334 1086 2365 in
1105 2333 1207 2365 littera
1230 2334 1388 2376 exceptio,

310 2391 387 2413 cum
403 2380 566 2412 subditur:
583 2381 647 2411 nisi
654 2385 793 2421 propter
804 2385 1030 2420 contemptum.
1046 2379 1087 2410 Et
1099 2379 1179 2410 ratio
1193 2379 1388 2420 exceptionis

309 2426 502 2466 assignatur:
527 2425 603 2466 quia
626 2424 793 2465 religiosus
816 2431 942 2455 tenetur
957 2425 1085 2455 tendere
1101 2424 1142 2454 ad
1157 2423 1387 2464 perfectionem

309 2470 462 2507 caritatis;
486 2469 562 2501 huic
577 2477 685 2500 autem
702 2469 836 2500 tentioni
861 2469 1071 2500 contrariatur
1090 2468 1292 2509 perfectionis
1309 2479 1386 2500 con-

309 2522 461 2556 temptus.
485 2532 506 2538 —
529 2514 578 2545 De
602 2514 694 2546 tertio
718 2524 832 2555 genere
856 2513 980 2554 dicitur,
1005 2520 1041 2545 etr
1058 2520 1155 2554 patet,
1175 2514 1265 2554 quod
1288 2521 1388 2544 trans-

309 2560 430 2602 gressio
454 2566 500 2590 est
523 2558 676 2590 mortalis.
701 2576 723 2582 -
746 2559 794 2589 De
825 2565 940 2599 quarto
970 2565 1095 2594 autem,
1125 2558 1214 2599 quod
1244 2568 1310 2589 non
1341 2566 1389 2590 est

309 2604 464 2641 mortalis,
482 2603 542 2634 nisi
558 2610 688 2644 propter
704 2610 928 2644 contemptum
944 2603 1081 2643 regulae,
1106 2602 1183 2644 quia
1203 2602 1254 2633 hic
1271 2602 1387 2634 directe

311 2647 522 2680 contrariatur
544 2647 747 2688 professioni,
771 2657 836 2689 qua
852 2657 886 2678 se
902 2647 1022 2688 obligat
1038 2648 1078 2678 ad
1093 2647 1191 2678 vitam
1207 2647 1388 2679 secundum

311 2693 471 2734 regulam:
496 2692 547 2723 vel
570 2698 701 2733 propter
723 2699 930 2734 praeceptum
946 2702 964 2722 a
980 2692 1088 2732 regula
1110 2691 1161 2722 vel
1176 2692 1318 2733 praelato
1342 2693 1387 2723 fa-

311 2745 410 2774 ctum,
435 2737 511 2778 quia
534 2741 596 2768 hoc
620 2743 702 2768 esset
725 2744 835 2767 contra
858 2737 1057 2773 obedientiae
1080 2743 1206 2768 votum.

366 2783 415 2813 Ex
429 2782 547 2824 quibus
570 2781 668 2812 habes
684 2782 774 2823 quod
790 2781 928 2822 religiosi
950 2790 1073 2818 omnes,
1091 2781 1174 2812 ultra
1198 2781 1386 2812 communia

309 2827 439 2859 vincula
461 2826 611 2857 omnium
634 2825 902 2863 Christianorum,
927 2833 958 2857 et
980 2826 1039 2857 tria
1061 2826 1223 2866 religionis
1245 2834 1331 2863 vota,
1357 2833 1388 2857 et

309 2878 478 2913 praecepta
493 2871 575 2902 facta
589 2881 608 2902 a
623 2871 732 2911 regula
756 2871 806 2902 vel
829 2871 971 2912 praelato
995 2869 1092 2913 (quae
1110 2878 1216 2902 tamen
1232 2871 1386 2902 sub-voto

310 2916 510 2948 obedientiae
540 2914 890 2959 comprehenduntur),
922 2915 1040 2946 habent
1072 2916 1190 2956 duplex
1219 2915 1386 2946 vinculum

310 2961 430 3004 peccati
447 2960 590 2992 mortalis
614 2967 745 3000 propter
759 2966 1001 3001 contemptum:
1026 2960 1144 2991 scilicet
1163 2967 1386 3001 contemptum

310 3005 528 3047 perfectionis,
559 3012 589 3036 et
612 3012 836 3045 contemptum
859 3005 996 3045 regulae.
1031 3005 1214 3046 Utrumque
1238 3005 1324 3035 enim
1351 3005 1384 3035 in

309 3050 413 3082 littera
434 3050 548 3081 habes:
577 3049 737 3091 primum,
761 3056 907 3090 respectu
931 3056 1063 3080 actuum
1085 3049 1305 3081 virtuosorum
1329 3050 1385 3090 qui

310 3102 386 3126 sunt
406 3094 441 3126 in
460 3094 614 3131 consilio;
639 3094 827 3131 secundum,
845 3101 989 3135 respectu
1005 3094 1200 3135 regularium
1215 3095 1385 3125 observan-

310 3139 428 3170 tiarum
451 3139 533 3170 ultra
556 3139 615 3170 tria
635 3146 720 3170 vota.
745 3138 786 3170 Et
802 3139 959 3180 quoniam
974 3146 1179 3179 contemptus
1195 3139 1322 3179 regulae
1339 3146 1386 3169 est

311 3183 398 3214 nolle
421 3182 533 3214 subiici
555 3184 693 3224 regulae,
717 3184 807 3225 quod
831 3183 946 3214 directe
963 3183 1172 3215 contrariatur
1194 3183 1385 3224 professioni

311 3228 412 3269 ipsius
434 3228 576 3268 regulae:
599 3228 673 3259 ideo
698 3229 787 3259 nulla
808 3229 847 3259 de
865 3228 928 3259 hoc
947 3228 1093 3269 quaestio
1109 3235 1166 3259 est.
1190 3228 1280 3259 Patet
1298 3227 1383 3258 enirn

311 3271 475 3304 contemni
497 3272 604 3303 Deum
631 3272 666 3304 in
687 3273 757 3314 ipsa
780 3273 904 3314 regula,
937 3272 992 3314 qui
1017 3283 1089 3303 eam
1112 3283 1169 3314 per
1191 3283 1268 3303 suos
1291 3272 1384 3302 mini-

312 3324 394 3348 stros
418 3316 596 3353 constituit,
625 3323 656 3348 et
679 3317 730 3348 cui
753 3317 925 3358 promissio
949 3317 1030 3348 facta
1055 3324 1102 3348 est
1125 3317 1164 3348 de
1188 3316 1383 3348 subiectione

313 3361 352 3392 ad
375 3361 480 3392 illam:
513 3371 549 3391 ac
578 3370 635 3401 per
662 3361 742 3398 hoc,
766 3372 894 3393 causare
918 3369 1085 3402 peccatum
1109 3362 1253 3393 mortale.

364 3405 427 3437 Sed
442 3405 482 3436 de
497 3412 684 3446 contemptu
697 3406 899 3446 perfectionis
915 3417 982 3437 non
997 3406 1040 3437 ita
1057 3413 1196 3447 apparet.
1219 3405 1382 3443 Quoniam

312 3461 330 3481 a
345 3449 530 3481 doctoribus
543 3449 635 3491 quasi
649 3450 834 3491 appositum
847 3451 973 3482 videtur
987 3451 1141 3491 religiosis
1153 3451 1243 3491 quod
1256 3449 1382 3480 tendere
1407 3463 1409 3468 2

312 3495 353 3525 ad
369 3494 598 3535 perfectionem
617 3500 765 3525 tenentur
780 3495 839 3526 sub
857 3495 987 3526 vinculo
1002 3495 1123 3536 peccati
1139 3494 1291 3525 mortalis.
1304 3511 1325 3516 -
1342 3493 1382 3523 Et
1407 3499 1408 3524 i

312 3547 481 3580 propterea
504 3538 583 3570 scito
607 3539 704 3582 quod&
719 3539 886 3580 religiosus
909 3550 977 3571 non
992 3540 1080 3571 aliter
1103 3546 1227 3571 tenetur
1250 3538 1289 3568 ad
1313 3547 1382 3577 per-

311 3583 484 3615 fectionem
508 3583 635 3614 tendere
658 3593 757 3625 quam
780 3583 934 3615 servando
957 3585 1100 3625 regulam
1124 3593 1225 3614 suam.
1249 3583 1290 3612 Et
1308 3581 1380 3611 ideo

1441 1884 1505 1916 sius
1521 1884 1538 1904 *
1563 1890 1593 1914 et
1609 1883 1661 1914 alii
1679 1884 1824 1915 doctores
1849 1893 1914 1913 non
1931 1890 2157 1924 apposuerunt,
2174 1884 2228 1914 sed
2245 1893 2458 1925 exposuerunt
2477 1886 2509 1915 id

1441 1930 1530 1971 quod
1561 1928 1710 1959 convenit
1738 1928 1907 1968 religiosis,
1939 1939 1975 1958 ex
2004 1928 2187 1959 auctoritate
2214 1928 2347 1959 Domini
2378 1930 2508 1960 dicentis

1441 1973 1644 2010 adolescenti,
1668 1973 1705 2003 Si
1727 1974 1776 2004 vis
1792 1972 1959 2014 perfectus
1982 1982 2049 2003 esse
2065 1981 2121 2003 etc.
2139 1973 2170 2003 *ἰ
2195 1972 2250 2003 ubi
2266 1981 2396 2014 apparet
2419 1975 2508 2015 quod

1441 2020 1590 2051 voluntas
1619 2018 1769 2049 tendendi
1796 2017 1829 2048 in
1854 2017 2078 2058 perfectionem
2109 2017 2299 2058 principium
2325 2029 2392 2049 esse
2415 2019 2508 2050 debet

1441 2063 1638 2095 voluntariae
1673 2062 1883 2103 paupertatis,
1912 2072 1947 2092 ac
1969 2072 2025 2102 per
2047 2062 2125 2097 hoc,
2150 2062 2345 2103 reliquarum
2368 2063 2507 2104 partium

1442 2108 1677 2148 religiosorum.

1498 2154 1535 2184 ll.
1560 2152 1705 2183 Dubium
1730 2151 1809 2182 circa
1833 2151 1912 2181 hanc
1935 2151 2069 2181 litteram
2094 2157 2235 2181 remanet
2251 2160 2366 2182 unum:
2392 2154 2443 2182 An
2459 2162 2507 2183 re—

1440 2199 1574 2239 ligiosus
1597 2197 1826 2237 transgrediens
1843 2202 2044 2236 praeceptum
2061 2195 2119 2225 Dei
2137 2202 2323 2226 contentum
2338 2196 2372 2226 in
2387 2197 2505 2237 regula,

1442 2244 1515 2284 plus
1539 2249 1649 2283 peccet
1671 2251 1767 2283 quam
1793 2240 2019 2280 transgrediens
2043 2246 2247 2280 praeceptum
2263 2240 2322 2271 Dei
2345 2250 2411 2271 non
2432 2251 2507 2271 con-

1442 2295 1566 2319 tentum
1589 2287 1623 2318 in
1646 2286 1763 2327 regula,
1785 2285 1891 2316 ceteris
1915 2284 2050 2324 paribus.
2076 2284 2117 2314 Et
2144 2291 2191 2314 est
2213 2284 2293 2315 ratio
2320 2285 2407 2316 dubii
2431 2286 2506 2326 quia

1441 2334 1518 2364 haec
1543 2343 1607 2363 non
1633 2337 1796 2372 ponuntur
1810 2330 1841 2360 in
1858 2329 1972 2369 regulis
1997 2335 2026 2359 et
2049 2328 2197 2358 humanis
2212 2329 2334 2360 iuribus
2357 2336 2393 2360 ut
2416 2340 2506 2370 prae-

1442 2385 1541 2419 cepta,
1566 2377 1621 2407 sed
1646 2383 1680 2407 ut
1704 2374 1877 2406 manifesta.
1901 2391 1922 2396 -
1946 2373 1980 2403 In
2004 2373 2192 2412 oppositum
2216 2380 2324 2404 autem
2347 2381 2394 2405 est
2421 2374 2505 2415 quia,

1441 2423 1523 2454 sicut
1552 2423 1591 2452 ad
1617 2420 1747 2452 consilia
1778 2425 1924 2450 contenta
1951 2417 1983 2447 in
2007 2418 2115 2457 regula
2143 2417 2301 2458 obligatur
2324 2418 2505 2458 religiosus,

1441 2475 1472 2498 et
1495 2467 1535 2498 ad
1559 2466 1619 2496 alia
1643 2473 1723 2501 non;
1748 2464 1790 2495 ita
1814 2463 1852 2493 ad
1876 2462 1979 2492 divina
2002 2469 2167 2502 praecepta
2185 2469 2333 2494 contenta
2349 2463 2381 2493 in
2398 2464 2506 2503 regula

1442 2512 1542 2553 magis
1566 2510 1724 2551 obligatur
1747 2518 1844 2548 quam
1868 2507 1906 2537 ad
1930 2506 2001 2537 alia.
2447 2514 2467 2536 ῃ

1497 2557 1547 2588 Ad
1571 2556 1633 2586 hoc
1657 2554 1769 2585 dicitur
1788 2552 1886 2593 quod,
1902 2551 2177 2591 quemadmodum
2193 2551 2225 2581 id
2242 2551 2331 2591 quod
2347 2551 2429 2582 cadit
2445 2553 2504 2582 sub

1441 2603 1509 2633 iure
1538 2600 1675 2642 positivo
1705 2596 1884 2632 communi,
1910 2595 1934 2626 si
1962 2595 1995 2625 in
2019 2595 2126 2635 regula
2150 2602 2319 2631 statuatur,
2345 2595 2504 2636 obligatur

1439 2647 1525 2677 illius
1549 2644 1708 2686 professor
1731 2641 1849 2682 duplici
1871 2639 2017 2676 vinculo,
2046 2639 2163 2670 scilicet
2190 2639 2267 2670 iuris
2297 2640 2442 2670 canonici
2473 2647 2503 2671 et

1442 2690 1587 2731 propriae
1611 2687 1751 2728 regulae,
1776 2686 1815 2715 ad
1838 2685 1869 2715 id
1894 2683 2099 2715 servandum:
2123 2701 2142 2706 -
2166 2684 2251 2714 verbi
2275 2684 2391 2723 gratia,
2421 2684 2446 2714 si
2469 2684 2501 2714 in

1440 2736 1547 2776 regula
1570 2734 1759 2767 indicuntur,
1783 2730 1863 2760 inter
1886 2729 1946 2759 alia
1964 2728 2090 2764 ieiunia,
2108 2728 2203 2758 etiam
2219 2728 2272 2758 illa
2288 2727 2404 2758 ieiunia
2420 2738 2502 2769 quae

1440 2788 1514 2811 sunt
1542 2781 1579 2810 ab
1603 2776 1740 2808 Ecclesia
1763 2774 1921 2809 instituta,
1950 2779 2072 2803 tenetur
2094 2772 2259 2812 religiosus
2282 2772 2334 2803 ille
2362 2772 2502 2803 ieiunare

1441 2836 1506 2856 non
1530 2824 1637 2854 solum
1660 2831 1696 2852 ex
1718 2818 1874 2850 Ecclesiae
1898 2824 2026 2855 statuto,
2048 2818 2102 2847 sed
2126 2827 2163 2847 ex
2179 2827 2253 2847 suae
2269 2817 2396 2856 regulae
2413 2827 2502 2847 man-

1440 2871 1531 2901 dato:
1555 2886 1576 2891 -
1599 2867 1651 2902 ita,
1676 2865 1700 2895 si
1724 2869 1888 2904 praecepta
1911 2862 1969 2892 Dei
1992 2861 2042 2891 vel
2065 2861 2215 2891 naturalis
2238 2860 2315 2891 iuris
2338 2861 2370 2891 in
2393 2861 2502 2901 regula

1440 2921 1616 2946 statuantur
1639 2909 1797 2944 servanda,
1822 2913 1945 2938 tenetur
1967 2905 2128 2946 professor
2145 2905 2229 2935 illius
2245 2905 2371 2945 regulae
2391 2915 2427 2936 ex
2443 2907 2503 2936 du-

1441 2959 1514 2999 plici
1543 2955 1642 2996 capite
1669 2954 1708 2984 ad
1735 2952 1788 2983 illa
1815 2957 1979 2991 praecepta
2003 2949 2167 2985 servanda,
2192 2949 2309 2980 scilicet
2332 2959 2368 2979 ex
2391 2950 2500 2980 divino

1440 3005 1506 3034 iure
1535 3009 1564 3032 et
1587 3011 1623 3031 ex
1646 3009 1702 3029 sua
1732 2996 1847 3036 regula.
1879 2996 1953 3025 Non
1984 2994 2068 3024 enim
2092 2994 2274 3024 inconvenit
2296 3001 2501 3034 praeceptum

1440 3059 1458 3078 a
1481 3048 1548 3078 iure
1570 3045 1684 3075 iterum
1708 3040 1845 3082 praecipi
1868 3040 1906 3070 ab
1921 3039 1983 3069 alio
1999 3039 2067 3069 iure
2089 3038 2140 3068 vel
2162 3038 2275 3075 iudice,
2300 3045 2336 3068 ut
2359 3045 2454 3078 patet.
2479 3056 2500 3062 -

1439 3094 1504 3123 Nec
1533 3095 1699 3130 propterea
1722 3092 1813 3126 putes
1837 3094 1888 3114 me
1913 3083 2014 3114 dicere
2030 3082 2119 3123 quod
2140 3082 2249 3121 omnia
2272 3089 2438 3123 praecepta
2454 3083 2500 3113 di-

1439 3137 1510 3167 vina
1534 3139 1678 3165 contenta
1701 3131 1733 3160 in
1757 3129 1864 3169 regula
1888 3128 2000 3158 cadant
2020 3127 2115 3157 etiam
2132 3127 2190 3157 sub
2214 3133 2382 3167 praecepto
2406 3137 2499 3166 regu-

1437 3183 1495 3211 lae.
1529 3177 1612 3216 Quia
1634 3182 1694 3206 stat
1717 3174 1805 3214 quod
1838 3172 1950 3204 cadant
1974 3172 2032 3202 sub
2057 3171 2191 3211 simplici
2215 3177 2332 3202 statuto
2356 3171 2499 3211 regulae:

1437 3227 1478 3256 ita
1502 3222 1589 3264 quod
1614 3231 1650 3251 ex
1673 3219 1779 3258 regula
1803 3227 1868 3248 non
1884 3217 2035 3247 haberent
2049 3215 2115 3245 vim
2138 3215 2306 3255 praecepti,
2324 3215 2349 3246 si
2367 3222 2501 3246 cessaret

1437 3268 1600 3299 vinculum
1624 3263 1720 3294 divini
1744 3269 1799 3293 aut
1822 3260 2020 3292 ecclesiastici
2046 3259 2214 3300 praecepti.

1491 3311 1550 3343 Sed
1568 3309 1623 3340 etsi
1641 3308 1784 3339 caderent
1808 3306 1903 3336 etiam
1919 3306 1978 3335 sub
2002 3311 2170 3345 praecepto
2187 3303 2324 3343 regulae,
2342 3313 2407 3334 non
2425 3313 2500 3344 pro-

1436 3364 1539 3397 pterea
1563 3361 1642 3384 esset
1665 3351 1781 3391 duplex
1801 3357 1977 3390 peccatum,
1994 3355 2050 3379 aut
2072 3348 2199 3379 alterius
2223 3347 2338 3387 speciei
2365 3347 2498 3378 circum-

1435 3400 1581 3432 stantiam
1611 3397 1742 3427 habens:
1773 3395 1828 3425 sed
1858 3401 1938 3424 esset
1968 3392 2094 3433 gravius
2125 3399 2301 3432 peccatum.
2333 3391 2498 3429 Quoniam

1435 3443 1551 3486 peccati
1564 3441 1682 3482 species
1694 3450 1759 3470 non
1776 3449 1812 3469 ex
1824 3445 1912 3478 parte
1925 3443 2168 3478 praeceptorum
2181 3436 2368 3468 attenditur:
2386 3446 2498 3477 quam-

1433 3490 1479 3519 vis
1503 3498 1539 3518 ex
1562 3484 1746 3516 auctoritate
1774 3482 2035 3523 praecipientium
2058 3487 2089 3511 et
2112 3481 2212 3521 magis
2236 3480 2498 3521 praecipientium

1406 3525 1408 3547 ³
1433 3537 1625 3573 aggravetur.

1489 3576 1540 3606 111.
1566 3575 1600 3604 ln
1623 3573 1735 3604 eodem
1754 3571 1895 3608 articulo,
1920 3571 1953 3601 in
1969 3569 2175 3611 responsione
2190 3569 2229 3599 ad
2249 3569 2398 3610 primum,
2419 3569 2497 3599 circa

312 3619 349 3659 hi¹
365 3629 431 3659 duo
456 3635 659 3669 contemptus
683 3638 716 3659 se
738 3627 877 3672 invicem
900 3628 1102 3660 comitantur.
1138 3629 1182 3659 Ita
1209 3626 1297 3668 quod
1322 3625 1380 3655 irn-
1433 3621 1520 3657 illud,
1545 3618 1633 3660 quod
1658 3627 1720 3648 non
1745 3616 1867 3657 obligat
1888 3616 1931 3647 ad
1947 3615 2073 3656 culpam
2092 3623 2193 3655 neque
2213 3613 2379 3645 mortalem
2397 3621 2498 3653 neque

2531 1067 2542 1078 ⁸
2556 1067 2612 1095 Cap.
2627 1073 2690 1089 mx.

2531 1225 2541 1235 ⁸
2555 1224 2621 1246 Ver-s.
2636 1231 2656 1253 3.

2536 1887 2545 1896 ⁸
2566 1885 2656 1907 Ecclet.
2677 1885 2746 1907 Hier.

2535 1918 2586 1940 cap.
2601 1919 2631 1934 vr.

2535 1980 2545 1990 ⁴
2554 1978 2636 2001 Matth.
2645 1985 2694 2006 cap.
2703 1985 2744 2000 xix

2533 2012 2593 2028 vers.
2608 2011 2636 2027 21.
