2768 4198
63 944 168 994 ἔΕεῖὶῐ.
191 943 278 972 ccxl,

64 1203 83 1252 ὲ
141 1208 278 1252 .¹xehia.¹³.-

65 1310 277 1340 Ὠια-ιιω-ᾼ-
287 1332 301 1336 ⁷.

65 1680 207 1705 ’Van-28.

66 1947 278 1976 ‘Pu-mnam.

967 292 1234 339 QUAEsTlo
1264 292 1418 338 CLxll,
1448 292 1744 329 ARTICULUS
1774 292 1822 328 vi

2415 293 2488 329 323

1122 426 1438 468 ARTICULUS
1468 426 1676 469 SEXTUS

840 517 994 548 UTRUM
1018 517 1225 548 SUPERBIA
1249 518 1315 548 sir
1340 518 1632 550 GRAvlssmuM
1656 518 1956 551 PECCATORUM

879 595 954 626 Infra,
973 601 1020 621 art.
1040 604 1064 629 7,
1084 596 1116 620 ad
1135 604 1166 628 43
1187 597 1216 621 In
1237 597 1334 622 Psalm.
1353 597 1465 625 XVIII,·
1484 597 1503 622 11
1523 599 1560 622 ad
1581 599 1650 627 Cor„
1671 606 1726 630 cap.
1745 606 1788 629 xu,
1808 599 1866 624 lect.
1885 606 1922 624 m.

335 681 401 723 μὴν(
420 685 475 717 ⁹2<
517 678 540 703 D
559 678 702 703 sexum
726 678 780 703 S1c
807 678 1049 704 pnoenmrua.
1078 667 1238 705 Videtur
1265 670 1371 717 quod

331 709 495 780 &5¹53ae
517 720 695 768 superbia
723 732 801 756 non
830 720 876 757 sit
903 721 1170 768 gravissimum
1196 730 1372 770 peccato-

323 775 396 829 μὴν
419 792 436 827 4
457 772 613 809 rum.
651 773 806 819 Quanto
841 773 944 810 enim
980 773 1135 823 aliquod
1170 784 1369 823 peccatum

361 839 371 851 κ
395 827 449 851 ''-›‘
473 817 706 864 &difficilius
745 834 923 873 cavetur,
961 835 1064 864 tanto
1104 828 1252 866 videtur
1289 828 1399 865 esse'

305 878 438 915 levius.
478 879 553 916 Sed
594 880 771 928 superbia
811 880 1030 918 difficillime
1069 890 1244 918 cavetur:
1283 883 1372 930 quia

305 931 400 968 sicut
418 933 651 980 Augustinus
671 933 769 979 dicit,
791 933 828 970 in
847 934 999 983 Regula
1018 934 1049 981 *,
1079 941 1201 971 cetera
1217 941 1372 983 peccata

305 985 343 1021 in
372 985 481 1022 malis
509 987 683 1035 operibus
710 993 952 1032 exercentur,
984 993 1024 1023 ut
1038 989 1162 1036 fiant:
1197 989 1372 1036 superbia

304 1049 396 1075 vero
425 1040 531 1076 bonis
558 1040 732 1088 operibus
759 1040 968 1086 insidiatur,
998 1046 1038 1076 ut
1058 1047 1228 1089 pereant.
1270 1042 1371 1089 Ergo

306 1092 484 1140 superbia
514 1105 591 1129 non
622 1100 677 1129 est
704 1093 973 1140 gravissimum
1002 1101 1215 1142 peccatum.

361 1156 397 1182 2.
426 1145 663 1191 PRAETEREA,
692 1145 816 1182 maius
843 1147 987 1182 malum
1016 1147 1156 1183 maiori
1181 1147 1279 1183 bono
1309 1158 1373 1194 op-

299 1198 468 1246 ponitur,
488 1206 530 1235 ut
547 1199 806 1246 Philosophus
825 1198 923 1244 dicit,
943 1199 983 1235 in
1001 1199 1087 1235 VllI
1107 1200 1227 1235 Ethic.
1247 1199 1268 1221 ‘¹‘
1297 1199 1374 1235 Sed

305 1250 518 1298 humilitas,
547 1251 607 1288 cui
635 1251 843 1300 opponitur
878 1252 1068 1299 superbia,
1098 1264 1176 1288 non
1206 1261 1262 1288 est
1293 1264 1372 1288 ma-

303 1303 631 1350 xima‘virtutum,
661 1313 702 1340 ut
730 1316 845 1352 supra
862 1304 884 1326 ²¹²
910 1305 1082 1341 habitum
1109 1313 1175 1341 est.
1207 1306 1309 1352 Ergo
1339 1313 1375 1342 et

303 1355 396 1393 vitia
416 1368 515 1404 quae
545 1364 793 1406 opponuntur
821 1357 1030 1394 maioribus
1051 1357 1261 1403 virtutibus,
1283 1366 1375 1406 puta

303 1408 523 1457 infidelitas,
557 1410 788 1459 desperatio,
822 1410 955 1448 odium
989 1410 1080 1456 Dei,
1110 1410 1374 1458 homicidium,

305 1470 343 1500 et
371 1463 444 1500 alia
470 1463 711 1510 huiusmodi,
742 1471 829 1500 sunt
856 1464 1032 1511 graviora
1069 1472 1226 1512 peccata
1258 1476 1374 1512 quam

305 1516 496 1565 superbia.

361 1570 395 1606 3.
423 1570 659 1616 Pius-mani,
689 1570 812 1607 maius
841 1570 987 1606 malum
1017 1582 1095 1606 non
1124 1570 1280 1619 punitur
1308 1583 1376 1619 per

305 1622 432 1661 minus
452 1623 608 1660 malum.
631 1623 708 1660 Sed
728 1623 905 1672 superbia
925 1623 1114 1661 interdum
1136 1624 1290 1672 punitur
1308 1635 1377 1672 per

305 1675 379 1715 alia
406 1684 583 1724 peccata:
613 1684 653 1713 ut
672 1684 775 1726 patet
802 1677 915 1714 Rom.
937 1689 946 1714 1
966 1676 997 1723 ³⁸,
1027 1677 1093 1714 ubi
1114 1677 1247 1714 dicitur
1270 1677 1376 1726 quod

304 1729 523 1778 philosophi
551 1738 708 1778 propter
741 1730 945 1767 elationem
976 1731 1100 1767 cordis
1134 1731 1263 1768 traditi
1291 1736 1379 1767 sunt

305 1783 343 1819 in
372 1784 574 1831 reprobum
611 1795 778 1829 sensum,
809 1789 848 1820 ut
872 1784 1020 1829 faciant
1050 1795 1147 1832 quae
1185 1796 1258 1820 non
1289 1795 1375 1820 con-

305 1836 462 1873 veniunt
485 1841 513 1873 α.
550 1837 652 1884 Ergo
689 1836 866 1885 superbia
901 1849 979 1873 non
1015 1845 1071 1873 est
1108 1837 1375 1884 gravissimum

305 1897 565 1939 peccatorum.

361 1943 436 1979 SED
456 1954 604 1979 CONTRA
622 1954 688 1979 EST
708 1942 814 1990 quod
833 1954 948 1990 super
976 1942 1065 1982 illud
1084 1942 1225 1979 Psalmi
1244 1942 1275 1989 *,
1306 1944 1374 1979 Su-

65 1979 277 2054 ffimumm-
300 1996 413 2044 per-bi
439 1995 565 2044 inique
587 1996 754 2045 agebant
773 2007 1049 2044 usquequaque,
1071 1995 1159 2033 dicit
1178 1997 1316 2033 Glossa
1335 1995 1372 2033 ²¹⁶:

67 2907 80 2922 Ψ
159 2906 279 2930 wit.

67 2933 115 2957 le*
213 2950 220 2957 .
239 2934 280 2957 Bu-

67 2961 132 2988 088„
155 2961 197 2984 lib.
221 2960 279 2988 m,

67 2993 120 3016 onp-
134 2993 177 3010 vu.

68 3066 80 3078 ⁹
93 3066 159 3090 Ver·-
174 3067 196 3090 6.

72 3273 82 3284 ⁸
96 3273 132 3296 ef.
142 3276 185 3295 an.
197 3279 283 3301 praec„

71 3299 204 3348 iomanem.
219 3305 283 3322 num.

305 2048 529 2086 Maximum
553 2054 751 2098 peccatum
780 2049 816 2086 in
846 2049 997 2086 homine
1024 2054 1077 2085 est
1103 2050 1291 2097 superbia.

359 2102 587 2139 REspoumzo
615 2113 802 2139 monimum
829 2102 934 2151 quod
962 2103 999 2140 in
1026 2110 1183 2151 peccato
1214 2103 1290 2139 duo
1321 2110 1372 2139 at-

305 2155 533 2195 tenduntur:
571 2154 710 2192 scilicet
759 2155 960 2192 conversio
1009 2156 1056 2193 ad
1100 2155 1373 2193 commutabile

306 2207 476 2255 bonum,
510 2221 608 2257 quae
641 2208 882 2246 materialiter
915 2221 956 2245 se
983 2209 1099 2246 habet
1126 2209 1164 2245 in
1197 2217 1372 2257 peccat0;

307 2269 344 2298 et
375 2261 525 2298 aversio
554 2274 576 2298 a
605 2262 709 2298 bono
739 2261 1058 2307 incommutabili,
1088 2274 1187 2310 quae
1217 2270 1272 2299 est
1300 2262 1374 2298 for-

306 2314 416 2352 malis
453 2322 490 2351 et
522 2315 754 2363 completiva
780 2312 796 2344 β
822 2314 980 2363 peccati.
1020 2315 1078 2352 Ex
1107 2322 1212 2363 parte
1245 2323 1373 2352 autem

306 2367 585 2415 conversionis,
614 2380 693 2405 non
721 2368 836 2405 habet
869 2367 1046 2417 superbia
1083 2368 1188 2418 quod
1221 2368 1267 2405 sit
1294 2380 1374 2405 ma-

305 2419 451 2459 ximum
481 2429 749 2470 peccatorum:
779 2421 868 2470 quia
889 2421 1084 2467 celsitudo,
1106 2434 1223 2472 quam
1244 2435 1374 2471 super-

305 2473 377 2512 bus
404 2474 618 2512 inordinate
638 2474 791 2523 appetit,
813 2475 1026 2512 secundum
1047 2488 1158 2512 suam
1187 2475 1373 2512 rationem

305 2540 384 2564 non
418 2527 535 2564 habet
570 2528 779 2565 maximam
815 2528 1102 2576 repugnantiam
1140 2529 1189 2566 ad
1225 2529 1374 2566 bonum

1425 682 1537 707 suum
1558 682 1698 717 genus:
1725 670 1814 718 quia
1841 670 1987 707 excedit
2006 671 2043 707 in
2063 671 2276 717 aversione,
2298 683 2396 720 quae
2418 672 2492 709 for-

1426 723 1574 760 maliter
1603 725 1768 771 complet
1795 732 2008 772 peccatum.

1479 778 1537 813 AD
1567 788 1702 813 PRlMUM
1732 788 1830 813 ERGO
1859 789 2042 814 DICENDUM
2073 777 2176 825 quod
2215 778 2370 824 aliquod
2405 791 2492 827 pec-

1428 828 1552 866 catum
1571 829 1721 866 difficile
1743 838 1897 866 cavetur
1918 831 2126 878 dupliciter.
2148 831 2234 867 Uno
2255 831 2387 878 modo,
2405 845 2493 880 pro-

1426 891 1510 932 pter
1537 883 1821 920 vehementiam
1859 883 2170 931 impugnationis:
2210 883 2306 920 sicut
2342 884 2396 920 ira
2427 898 2493 921 ve-

1398 962 1400 981 3
1426 938 1625 973 hementer
1653 936 1850 984 impugnat
1878 945 2034 985 propter
2062 949 2174 973 suum
2208 937 2405 985 impetum.
2445 939 2494 975 Et

1400 2088 1401 2101 χ
1430 2050 1486 2087 nis
1517 2050 1687 2087 divinae:
1718 2051 1929 2088 secundum
1958 2051 2049 2089 illud
2074 2052 2143 2089 Iob
2168 2065 2215 2089 xv
2238 2052 2277 2089 *z
2315 2053 2415 2095 Quid
2444 2060 2496 2090 tu-
2524 2064 2533 2074 ⁶

305 2579 464 2618 virtutis.
500 2581 578 2618 Sed
606 2593 651 2617 ex
678 2589 784 2630 parte
813 2581 1034 2626 aversionis,
1055 2581 1232 2631 superbia
1260 2582 1376 2619 habet
1400 2595 1402 2598 ⁴

306 2633 516 2671 maximam
535 2634 777 2682 gravitatem:
808 2634 897 2683 quia
916 2634 955 2671 in
975 2635 1054 2672 aliis
1070 2634 1233 2684 peccatis
1252 2636 1373 2672 homo

307 2699 330 2725 a
357 2688 442 2724 Deo
463 2687 644 2725 avertitur
662 2686 723 2724 vel
742 2695 898 2736 propter
916 2688 1183 2736 ignorantiam,
1204 2689 1266 2725 vel
1286 2701 1374 2737 pro-

306 2748 390 2790 pter
417 2740 689 2787 infirmitatem,
711 2740 791 2777 sive
819 2749 978 2790 propter
997 2741 1228 2779 desiderium
1252 2742 1373 2779 cuius-

308 2806 472 2843 cumque
501 2793 653 2831 alterius
681 2794 791 2839 boni;
822 2794 888 2831 sed
918 2795 1094 2844 superbia
1123 2795 1238 2832 habet
1266 2808 1375 2832 aver-

307 2847 454 2884 sionem
485 2859 506 2884 a
534 2848 620 2884 Deo
650 2859 695 2883 ex
723 2847 798 2884 hoc
827 2848 910 2896 ipso
939 2848 1044 2896 quod
1072 2861 1151 2885 non
1177 2849 1260 2885 vult
1288 2850 1373 2886 Deo

307 2906 344 2938 et
363 2901 445 2938 eius
463 2901 616 2949 regulae
636 2900 781 2937 subiici.
802 2901 914 2938 Unde
934 2901 1089 2939 Boetius
1108 2901 1129 2923 *
1147 2901 1237 2940 dicit
1255 2903 1373 2951 quod,

307 2965 394 2991 cum
422 2955 551 2991 omnia
579 2954 669 2991 vitia
684 2954 851 3004 fugiant
866 2958 882 2982 Υ
910 2966 934 2991 a
961 2955 1061 3001 Deo,
1089 2955 1170 2992 sola
1197 2956 1373 3003 superbia

306 3019 347 3045 se
373 3007 457 3045 Deo
491 3007 654 3056 opponit.
687 3007 850 3056 Propter
878 3008 985 3055 quod
1021 3008 1134 3045 etiam
1163 3008 1374 3057 specialiter

309 3059 443 3098 dicitur
471 3062 545 3098 Iac.
575 3072 611 3097 iv
628 3060 660 3107 ³³,
691 3061 927 3109 quod-Deus
954 3062 1123 3110 superbis
1150 3062 1294 3098 resistit.
1325 3063 1374 3098 Et

309 3112 396 3150 ideo
425 3113 542 3151 averti
570 3125 592 3150 a
619 3114 704 3150 Deo
740 3122 777 3150 et
810 3114 890 3150 eius
923 3115 1150 3164 praeceptis,
1180 3115 1285 3163 quod
1319 3123 1375 3152 est

309 3166 418 3213 quasi
445 3178 684 3215 consequens
703 3166 742 3203 in
770 3166 850 3204 aliis
877 3168 1054 3216 peccatis,
1076 3180 1146 3217 per
1172 3180 1212 3205 se
1236 3168 1284 3205 ad
1313 3181 1374 3204 su-

1428 990 1551 1026 adhuc
1579 989 1768 1040 difficilius
1787 995 1840 1025 est
1858 991 2026 1026 resistere
2045 991 2376 1038 concupiscentiae,
2405 1004 2493 1039 pro-

1427 1050 1511 1091 pter
1531 1042 1610 1078 eius
1631 1043 1994 1088 connaturalitatem,
2015 1051 2056 1080 ut
2076 1042 2210 1079 dicitur
2231 1044 2264 1080 in
2288 1045 2318 1080 ΙΙ
2338 1045 2458 1081 Ethic.
2474 1044 2494 1066 '¹‘

1428 1096 1477 1131 Et
1509 1095 1591 1131 talis
1625 1095 1824 1132 difficultas
1858 1096 2002 1133 vitandi
2035 1105 2234 1144 peccatum
2269 1098 2493 1144 gravitatem

1428 1148 1573 1196 peccati
1594 1147 1788 1184 diminuit:
1811 1149 1900 1195 quia
1920 1158 2063 1197 quanto
2084 1149 2218 1197 aliquis
2238 1150 2394 1186 minoris
2414 1159 2493 1187 ten-

1428 1201 1578 1237 tationis
1614 1201 1759 1248 impetu
1798 1202 1915 1245 cadit,
1945 1210 2048 1238 tanto
2083 1203 2236 1250 gravius
2271 1212 2435 1250 peccat,
2455 1212 2495 1241 ut

1429 1254 1663 1301 Augustinus
1692 1253 1780 1290 dicit
1798 1253 1829 1290 ²⁸.

1482 1306 1569 1342 Alio
1599 1306 1718 1343 modo
1758 1306 1908 1343 difficile
1944 1316 1998 1344 est
2015 1308 2144 1344 vitare
2179 1309 2334 1357 aliquod
2361 1322 2494 1358 pecca-

1428 1367 1510 1395 tum
1544 1367 1701 1408 propter
1737 1359 1815 1395 eius
1849 1360 2054 1397 latentiam.
2092 1362 2141 1397 Et
2173 1362 2247 1397 hoc
2284 1363 2401 1399 modo
2436 1376 2495 1399 su-

1430 1411 1603 1460 perbiam
1635 1412 1786 1449 difficile
1816 1421 1871 1449 est
1899 1413 2034 1450 vitare:
2074 1414 2162 1461 quia
2191 1414 2303 1451 etiam
2335 1428 2377 1452 ex
2407 1416 2496 1464 ipsis

1431 1465 1542 1501 bonis
1562 1466 1806 1502 occasionem
1834 1467 1958 1511 sumit,
1981 1475 2021 1503 ut
2041 1467 2182 1503 dictum
2213 1476 2268 1503 est
2282 1467 2312 1504 ²¹⁶.
2343 1469 2391 1505 Et
2409 1469 2495 1505 ideo

1431 1518 1622 1566 signanter
1653 1518 1886 1566 Augustinus
1922 1519 2008 1556 dicit
2042 1520 2146 1567 quod
2182 1521 2288 1557 bonis
2324 1523 2498 1569 operibus

1430 1571 1647 1608 insidiatur:
1679 1579 1715 1608 et
1734 1571 1772 1608 in
1792 1572 1946 1608 Psalmo
1964 1572 1984 1594 ’¹‘
2005 1572 2154 1609 dicitur:
2181 1574 2226 1609 In
2246 1574 2308 1610 via
2327 1575 2400 1611 hac
2419 1587 2494 1623 qua

1430 1625 1687 1671 ambulabam,
1717 1626 1995 1662 absconderunt
2019 1627 2171 1674 superbi
2197 1626 2372 1675 laqueum
2393 1629 2494 1665 mihi.

1431 1678 1480 1715 Et
1507 1678 1595 1715 ideo
1626 1686 1754 1715 motus
1782 1679 1983 1727 superbiae
2013 1681 2159 1716 occulte
2189 1681 2399 1729 subrepens
2419 1694 2497 1718 non

1430 1731 1546 1768 habet
1574 1732 1780 1768 maximam
1810 1732 2045 1779 gravitatem,
2076 1741 2281 1780 antequam
2311 1746 2380 1781 per
2402 1735 2497 1771 iudi-

1431 1784 1533 1821 cium
1563 1785 1718 1821 rationis
1747 1785 2066 1833 deprehendatur.
2097 1787 2173 1823 Sed
2201 1794 2406 1835 postquam
2433 1789 2496 1825 de-

1430 1838 1641 1886 prehensus
1662 1838 1772 1874 fuerit
1785 1850 1854 1886 per
1873 1838 2071 1885 rationem,
2089 1847 2177 1876 tunc
2193 1839 2300 1876 facile
2322 1840 2494 1878 evitatur.

1430 1891 1535 1927 Tum
1566 1903 1610 1927 ex
1639 1890 1943 1928 consideratione
1964 1893 2140 1941 propriae
2165 1893 2407 1930 infirmitatis:
2438 1908 2495 1931 se-

1430 1945 1600 1981 cundum
1621 1943 1711 1981 illud
1730 1945 1846 1981 Eccli.
1876 1957 1899 1981 x
1918 1944 1954 1981 *ε
1989 1946 2088 1987 Quid
2108 1946 2274 1994 superbit
2293 1951 2304 1967 ⁸
2340 1953 2442 1984 terra
2461 1954 2497 1984 et
2523 1960 2533 1969 ·

1429 1997 1552 2034 cinis?
1580 1998 1684 2034 Tum
1715 1998 1827 2034 etiam
1858 2010 1903 2034 ex
1933 1998 2235 2036 consideratione
2269 2000 2496 2047 magnitudi-

1429 2109 1505 2140 met
1531 2109 1662 2140 contra
1690 2105 1815 2141 Deum
1843 2105 1994 2152 spiritus
2030 2105 2141 2142 tuus?
2169 2106 2272 2143 Tum
2308 2107 2420 2143 etiam
2451 2120 2496 2144 ex

1428 2157 1713 2205 imperfectione
1743 2158 1934 2195 bonorum
1965 2159 2012 2194 de
2047 2158 2185 2206 quibus
2214 2160 2332 2196 homo
2367 2172 2495 2208 super-

1429 2210 1502 2246 bit:
1533 2210 1746 2247 secundum
1767 2210 1856 2248 illud
1878 2211 1996 2248 Isaiae
2015 2224 2061 2247 xi.
2080 2211 2118 2248 *z
2153 2212 2282 2249 Omnis
2301 2225 2391 2249 caro
2407 2215 2496 2261 sae-

1429 2275 1532 2308 num,
1553 2269 1588 2299 et
1614 2263 1736 2300 omnis
1763 2264 1889 2312 gloria
1918 2265 1996 2300 eius
2016 2265 2125 2312 quasi
2137 2266 2216 2313 flos
2243 2266 2352 2315 agri‚·
2381 2273 2416 2302 et
2443 2266 2497 2302 in-

1429 2317 1495 2361 fra,
1517 2328 1601 2352 wa
1627 2316 1666 2352 *:
1700 2316 1818 2358 Quasi
1835 2329 1988 2365 pannus
2018 2323 2272 2356 menstruatae
2301 2319 2498 2356 universae

1430 2369 1590 2406 iustitiae
1617 2375 1779 2406 nostrae.

1485 2425 1541 2459 Αι)
1570 2434 1762 2460 SECUNDUM
1787 2435 1974 2460 DICENDUM
1995 2424 2100 2472 quod
2129 2424 2320 2473 oppositio
2340 2425 2418 2462 vitii
2449 2426 2497 2463 ad

1427 2476 1607 2513 virtutem
1646 2476 1849 2514 attenditur
1886 2478 2100 2514 secundum
2139 2478 2353 2525 obiectum,
2391 2479 2497 2526 quod

1429 2529 1690 2567 consideratur
1729 2542 1773 2566 ex
1810 2538 1916 2578 parte
1955 2531 2228 2568 conversionis.
2273 2532 2322 2568 Et
2363 2544 2496 2572 secun-

1429 2584 1522 2620 dum
1559 2583 1635 2619 hoc
1673 2582 1849 2631 superbia
1887 2595 1966 2620 non
2006 2584 2123 2620 habet
2157 2585 2259 2633 quod
2299 2584 2343 2620 sit
2380 2585 2497 2622 maxi-

1400 2668 1401 2671 ,
1429 2648 1537 2672 mum
1566 2643 1834 2685 peccatorum:
1871 2636 1967 2673 sicut
1994 2649 2065 2673 nec
2099 2637 2288 2673 humilitas
2317 2638 2421 2685 quod
2451 2638 2497 2674 sit

1428 2689 1595 2726 maxima
1621 2689 1817 2726 virtutum.
1858 2690 1934 2726 Sed
1972 2702 2017 2726 ex
2052 2698 2158 2738 parte
2194 2690 2402 2727 aversionis
2441 2699 2496 2727 est

1427 2742 1638 2780 maximum
1658 2742 1696 2788 '¹‘,
1727 2750 1858 2791 utpote
1887 2742 1966 2779 aliis
2004 2743 2167 2791 peccatis
2195 2743 2493 2790 magnitudinem

1427 2804 1635 2844 praestans.
1666 2796 1770 2832 Nam
1798 2807 1866 2844 per
1884 2796 1959 2832 hoc
1979 2796 2106 2844 ipsum
2130 2795 2386 2833 infidelitatis‘
2405 2809 2493 2844 pec-

1400 2890 1401 2897 *
1429 2857 1555 2886 catum
1571 2849 1722 2897 gravius
1743 2849 1918 2894 redditur,
1941 2849 1970 2885 si
1990 2862 2034 2885 ex
2054 2849 2253 2897 superbiae
2275 2857 2495 2898 contemptu

1399 2936 1401 2949 ,
1428 2903 1629 2951 procedat,
1661 2914 1778 2950 quam
1807 2902 1837 2938 si
1867 2914 1911 2938 ex
1948 2902 2158 2950 ignorantia
2187 2903 2246 2939 vel
2277 2902 2493 2939 infirmitate

309 3218 481 3267 perbiam
514 3220 689 3268 pertinet,
720 3219 828 3257 cuius
865 3226 970 3258 actus
1008 3229 1064 3258 est
1099 3221 1172 3258 Dei
1205 3229 1401 3271 contem-f

310 3277 398 3319 ptus
415 3270 447 3308 ⁸⁸.
477 3271 525 3308 Et
553 3272 642 3320 quia
661 3272 699 3310 id
718 3273 824 3322 quod
853 3282 909 3311 est
935 3287 1005 3322 per
1032 3287 1086 3322 se,
1106 3287 1258 3323 semper
1276 3272 1290 3296 ὃ
1320 3282 1375 3310 est

311 3323 438 3372 potius
457 3336 504 3360 eo
519 3326 624 3373 quod
644 3333 699 3363 est
716 3339 786 3374 per
804 3327 918 3374 aliud,
936 3339 1176 3377 consequens
1196 3335 1252 3364 est
1269 3328 1372 3375 quod

311 3376 490 3425 superbia
517 3376 563 3413 sit
589 3378 856 3425 gravissimum
886 3388 1131 3429 peccatorum
1160 3381 1373 3417 secundum

365 3490 392 3522 α)
411 3490 580 3515 conveniunt.
593 3503 611 3509 —-
628 3491 789 3516 conveniant
806 3491 971 3524 ABCEFKa,
990 3494 1184 3519 conveniantur
1202 3494 1232 3519 L.

366 3525 391 3558 β)
410 3525 576 3557 completiva.
588 3538 608 3544 —
626 3525 696 3550 ratio
715 3526 785 3550 addit
803 3527 831 3552 Ρ.

365 3561 392 3594 γ)
405 3561 529 3594 fugiant.
541 3574 560 3580 -
571 3560 683 3594 fugient
699 3561 827 3594 BEFlpA.

366 3596 391 3629 ὃ)
410 3603 523 3628 semper.
537 3609 557 3615 -
575 3596 636 3622 Om.
655 3596 702 3621 Pa.

1400 3530 1402 3540 r

1400 3544 1401 3552 l

1427 2955 1638 3004 proveniat.
1670 2956 1717 2991 Et
1737 2955 1839 2992 idem
1860 2955 2063 2992 dicendum
2088 2963 2143 2992 est
2163 2955 2209 2992 de
2231 2955 2494 3004 desperatione

1429 3018 1465 3045 et
1492 3009 1572 3046 aliis
1600 3008 1832 3045 huiusmodi.

1480 3063 1540 3099 An
1564 3073 1723 3099 TERTmM
1743 3073 1928 3098 D1CENDUM
1953 3062 2070 3110 quod,
2093 3062 2187 3098 sicut
2206 3061 2244 3098 in
2269 3061 2493 3109 syllogismis

1428 3115 1655 3152 ducentibus
1676 3115 1724 3151 ad
1745 3114 1976 3162 impossibile
1997 3116 2229 3163 quandoque
2250 3114 2382 3162 aliquis
2403 3127 2492 3151 con-

1426 3168 1590 3204 vincitur
1618 3180 1686 3215 per
1723 3168 1798 3204 hoc
1826 3167 1930 3215 quod
1961 3167 2108 3204 ducitur
2140 3168 2188 3204 ad
2217 3167 2492 3205 inconveniens

1428 3221 1548 3268 magis
1577 3220 1839 3265 manifestum;
1870 3220 1920 3257 ita
1949 3220 2074 3266 etiam,
2105 3221 2153 3257 ad
2183 3220 2492 3258 convincendum

1428 3273 1646 3322 superbiam
1676 3273 1891 3319 hominum,
1912 3274 2018 3310 Deus
2046 3273 2191 3321 aliquos
2214 3273 2320 3321 punit
2339 3274 2492 3322 permit-

1427 3335 1510 3363 tens
1540 3339 1606 3363 eos
1627 3338 1734 3362 ruere
1754 3326 1793 3362 in
1821 3334 1976 3374 peccata
1997 3326 2172 3372 carnalia,
2194 3338 2303 3375 quae,
2325 3327 2392 3363 etsi
2421 3327 2494 3364 sint

1428 3379 1589 3424 minora,
1618 3387 1746 3415 tamen
1777 3378 2074 3415 manifestiorem
2103 3379 2374 3428 turpitudinem
2403 3393 2492 3417 con-

1481 3493 1503 3525 ε)
1522 3493 1649 3524 superbit.
1662 3506 1680 3511 -
1698 3492 1818 3524 superbis
1836 3492 1897 3522 ΡΗ;
1916 3500 1964 3524 pro
1983 3495 2065 3520 terra,
2083 3492 2172 3524 pulvis
2191 3493 2237 3518 Pa.

1481 3529 1506 3560 ζ)
1521 3535 1573 3560 per
1591 3528 1640 3553 hoc
1665 3528 1750 3559 ipsum
1775 3527 1979 3560 infidelitatis.-
1996 3527 2046 3553 hoc
2070 3528 2155 3560 ipsum
2180 3528 2324 3561 infidelitas
2348 3529 2434 3560 BIKL,
2453 3536 2492 3553 se-

1427 3564 1611 3624 ῗίιῖἑιῖἰιέιηέέιοε
1629 3563 1774 3594 infidelitas
1792 3564 1823 3593 A,
1842 3563 1892 3587 hoc
1909 3563 1994 3594 ipsum
2015 3563 2180 3596 infidelitatis
2199 3564 2276 3593 ΒΓΗ,
2296 3565 2381 3596 ipsum
2401 3564 2491 3597 infide-

2522 1047 2595 1095 ’Ἣ
2607 1052 2672 1074 111,n.
2683 1052 2732 1068 10.-

2521 1074 2546 1096 S.
2594 1088 2601 1094 .
2615 1073 2668 1095 leet.
2683 1078 2717 1095 m.

2522 1257 2532 1266 ⁸
2540 1255 2575 1278 Cf.
2582 1254 2612 1276 de
2622 1253 2670 1276 Civ.
2679 1253 2732 1280 Dei,

2524 1282 2567 1304 lib.
2590 1280 2645 1303 nv
2653 1298 2659 1308 ,
2681 1286 2732 1307 cap.

2521 1315 2561 1336 xn,
2576 1315 2614 1330 xv.

2524 1481 2534 1490 ⁸
2547 1480 2598 1501 Art.
2617 1486 2637 1508 5,
2654 1479 2683 1501 ad
2700 1486 2720 1508 3.

2526 1585 2733 1611 ⁸Ps.cxxxux‚vers.

2525 1610 2550 1637 ὃς
2566 1617 2628 1638 ma,
2641 1617 2700 1632 vers.
2710 1618 2734 1638 4,

2546 1959 2612 1981 νει-ε.
2628 1965 2650 1987 9.

2547 2063 2613 2085 Vei-s.
2630 2068 2658 2090 13.

2523 2223 2533 2232 ⁸
2547 2221 2614 2243 Vere.
2628 2221 2650 2243 6.

2526 2331 2535 2341 ⁸
2549 2330 2616 2352 Vei-n.
2632 2331 2654 2352 6.

2523 2758 2532 2767 ⁸
2547 2757 2575 2778 D.
2594 2762 2656 2784 1003,
2670 2756 2732 2782 1028,

2522 2789 2577 2811 ¹¹79·

2621 2817 2637 2846 ζ
