2768 4198
0 1039 14 1128 ξ’
46 1088 214 1119 samios.

47 1620 182 1644 ‘Vena-

49 2052 142 2076 ’Ἴσι
155 2058 182 2076 n.

51 2256 64 2269 ·
74 2239 144 2279 Varo.v
156 2261 176 2285 5.

149 2406 167 2446 ÷

59 3053 196 3082 ’veum

16 3166 29 3185 st
60 3159 72 3172 ⁸
84 3159 152 3182 Vm.
166 3159 198 3182 18.

159 3216 174 3243 δ

135 1752 149 1767 ,ι
174 1747 230 1766 ατο]

15 1929 16 1932 ¹
42 1907 248 1982 ‘mi-¹131
289 1937 493 1986 plativam,
522 1944 564 1974 ut
591 1937 753 1974 habetur
782 1937 875 1973 Luc.
900 1948 923 1973 x
947 1935 978 1973 ²⁸.
1009 1956 1033 1963 -
1062 1934 1194 1972 Tertio
1228 1935 1361 1983 modo,

46 1995 248 2029 “tt-mm·
289 1989 506 2030 secundum
536 1989 794 2027 diversitatem
823 1989 1041 2027 officiorum
1071 1997 1108 2026 et
1136 1996 1302 2026 statuum
1322 1988 1361 2010 *-

289 2051 406 2095 prout
434 2043 569 2082 dicitur
594 2044 730 2092 Ephes.
753 2055 788 2080 1v
806 2042 844 2080 *ε
873 2043 925 2080 Et
950 2043 1028 2091 ipse
1054 2042 1154 2079 dedit
1180 2043 1362 2091 quosdam
1391 2058 1392 2069 π

29 2510 242 2559 ..ρι’ὡ·

957 269 1224 316 QUAESTIO
1256 271 1430 319 CLXXI,
1460 271 1756 309 ARTICULUS
1788 273 1800 307 I

2401 274 2473 310 365

455 511 867 591 QUAESTIO
914 514 2307 572 CENTESIMASEPTUAGESIMAPRIMA

1045 653 1150 693 DE
1203 653 1717 694 PROPHETIA

1133 776 1167 801 ΙΝ
1197 776 1263 801 SEX
1289 776 1493 802 ARTICULOS
1521 778 1639 802 DIVISA

354 881 527 912 osTQUAM
563 869 706 906 dictum
744 879 798 906 est
828 870 874 907 de
907 869 1063 918 singulis
1095 870 1297 907 virtutibus
1322 878 1359 907 et

286 880 350 963 Ρ
354 923 454 960 vitiis
494 935 593 972 quae
629 923 821 971 pertinent
855 923 904 960 ad
940 923 1115 963 omnium
1153 924 1357 960 hominurn

287 976 524 1015 conditiones
554 983 590 1013 et
609 983 739 1024 status,
760 989 863 1014 nunc
883 976 1205 1014 considerandum
1236 984 1290 1013 est
1310 977 1357 1014 de

286 1030 345 1068 his
380 1042 480 1080 quae
517 1029 729 1079 specialiter
761 1029 811 1067 ad
848 1029 997 1079 aliquos
1031 1029 1208 1066 homines
1246 1029 1358 1078 perti-

287 1091 379 1122 nent
397 1082 428 1120 *.
459 1082 655 1121 Invenitur
675 1090 803 1120 autem
824 1082 1034 1121 differentia
1052 1082 1149 1119 inter
1168 1082 1356 1129 homines,

287 1137 504 1175 secundum
534 1148 580 1173 ea
608 1148 707 1185 quae
736 1137 786 1174 ad
817 1136 970 1173 habitus
1000 1143 1036 1172 et
1064 1143 1169 1172 actus
1208 1135 1358 1172 animae

287 1190 480 1229 rationalis
498 1189 699 1239 pertinent,
715 1189 917 1238 tripliciter.
938 1189 1026 1226 Uno
1047 1188 1205 1237 quidem
1226 1188 1358 1235 modo,

287 1243 501 1283 secundum
539 1243 748 1282 diversas²
776 1242 913 1290 gratias
950 1242 1063 1291 gratis
1092 1241 1218 1279 datas:
1257 1241 1358 1290 quia,

48 1301 238 1358 ‘'vemt-w
286 1305 329 1336 ut
345 1297 554 1344 dicitur}
562 1297 626 1334 ad
656 1297 743 1333 Cor.
770 1308 818 1333 xu
842 1296 879 1343 *,
907 1295 1106 1332 divisiones
1141 1295 1359 1345 gratiarum

286 1357 392 1398 sunt,
423 1357 459 1388 et
494 1350 562 1387 alii
597 1350 709 1386 datur
731 1361 804 1398 per
840 1349 1020 1398 Spiritum
1057 1360 1182 1385 sermo
1214 1348 1360 1396 sapien-

288 1405 374 1451 tiae,
401 1404 471 1442 alii
495 1415 620 1440 sermo
647 1402 836 1448 scientiae,
863 1409 932 1439 etc.
962 1423 986 1429 -
1015 1401 1101 1438 Alia
1127 1413 1222 1438 vero
1253 1400 1360 1438 diffe-

224 1491 228 1497 ,
288 1457 409 1495 rentia
438 1464 495 1494 est
522 1456 736 1494 secundum
765 1455 936 1492 diversas
963 1454 1073 1500 vitas,
1096 1454 1262 1491 activam
1291 1454 1360 1491 sci-

73 1513 229 1577 ‘’s-‘3¹¹²
287 1511 374 1554 licet
393 1518 430 1548 et
449 1508 827 1558 contemplativam*
829 1537 839 1556 ,
866 1520 965 1557 quae
985 1507 1165 1557 accipitur
1184 1505 1199 1537 β
1227 1519 1360 1544 secun-

289 1564 384 1604 dum
412 1564 575 1602 diversa
611 1562 880 1612 operationum
908 1561 1043 1598 studia.
1080 1561 1194 1598 Unde
1230 1568 1266 1598 et
1294 1560 1361 1598 ibi-

288 1610 381 1657 dem
399 1618 420 1639 ⁸
447 1616 584 1655 dicitur
611 1615 718 1665 quod
745 1615 946 1652 divisiones
973 1615 1244 1675 operationum
1263 1621 1359 1651 sunt.

287 1670 405 1716 Aliud
433 1669 537 1707 enim
573 1676 629 1706 est
661 1663 828 1707 studium
862 1668 1095 1718 operationis
1128 1668 1167 1705 in
1195 1668 1360 1716 Martha,

286 1734 389 1774 quae
407 1722 566 1760 sollicita
585 1728 670 1760 erat
695 1728 731 1760 et
758 1722 958 1760 laborabat
975 1722 1078 1759 circa
1085 1723 1274 1771 frequens
1293 1722 1360 1758 mi-

287 1777 496 1826 nisterium,
516 1777 623 1826 quod
642 1776 805 1825 pertinet
823 1776 872 1813 ad
899 1775 1018 1813 vitam
1041 1775 1229 1813 activam:
1258 1775 1361 1813 aliud

288 1838 419 1873 autem
439 1830 478 1867 in
497 1830 634 1878 Maria,
655 1842 767 1879 quae,
786 1830 917 1866 sedens
934 1841 1040 1866 secus
1057 1829 1173 1877 pedes
1192 1829 1360 1875 Domini,

287 1884 468 1930 audiebat
482 1884 641 1920 verbum
670 1883 780 1929 illius,
802 1883 907 1932 quod
925 1882 1088 1932 pertinet
1117 1882 1165 1919 ad
1192 1889 1362 1919 contem-

290 2098 440 2147 quidem
465 2097 665 2146 apostolos,
684 2096 868 2146 quosdam
892 2102 1018 2133 autem
1033 2096 1249 2144 prophetas,
1270 2096 1364 2133 alios

290 2163 381 2191 vero
409 2151 671 2201 evangelistaS,
701 2150 795 2188 alios
829 2155 955 2187 autem
979 2155 1151 2198 pastores
1178 2155 1215 2186 et
1240 2149 1364 2186 docto-

291 2217 363 2246 reS.
393 2204 513 2252 Quod
530 2204 694 2254 pertinet
714 2203 763 2242 ad
793 2203 944 2241 diversa
963 2202 1184 2250 ministeria,
1205 2202 1252 2240 de
1283 2202 1365 2250 qui—

291 2258 364 2299 bus
393 2258 540 2305 dicitur,
566 2258 580 2294 I
609 2258 661 2294 ad
692 2257 779 2294 Cor.
800 2269 849 2294 xn
868 2256 904 2293 *z
934 2256 1148 2293 Divisiones
1176 2255 1365 2293 ministra-

291 2311 436 2351 tionum
463 2317 561 2348 sunt.

346 2365 416 2402 Est
456 2371 587 2402 autem
626 2362 903 2400 attendendum
943 2362 1043 2400 circa
1080 2362 1218 2411 gratias
1255 2362 1366 2410 gratis

290 2417 420 2466 datas,
450 2418 497 2455 de
535 2417 675 2466 quibus
703 2416 868 2454 occurrit
904 2415 1159 2453 consideratio
1187 2415 1366 2475 prima,
1330 2420 1347 2443 Υ

292 2471 399 2521 quod
427 2471 619 2520 quaedam
639 2482 775 2508 eorum
803 2469 994 2519 pertinent
1013 2469 1061 2507 ad
1087 2468 1366 2517 cognitionem

292 2524 483 2574 quaedam
513 2536 608 2561 vero
637 2524 686 2561 ad
721 2523 955 2560 locutionem
975 2523 1013 2568 *ς
1048 2522 1242 2572 quaedam
1271 2535 1366 2559 vero

1413 871 1462 907 ad
1482 872 1746 920 operationem
1763 871 1794 908 ²¹³.
1826 872 1969 909 Omnia
1995 885 2090 910 vero
2111 885 2209 922 quae
2230 873 2278 910 ad
2300 873 2480 922 cognitio-

1413 936 1502 961 nem
1531 925 1736 973 pertinent,
1767 925 1836 961 sub
1862 926 2058 973 prophetia
2088 927 2364 975 comprehendi
2392 939 2480 976 pos-

1413 985 1510 1014 sunt.
1546 978 1649 1014 Nam
1677 978 1899 1026 prophetica
1929 979 2109 1015 revelatio
2139 992 2178 1016 se
2209 980 2373 1017 extendit
2401 993 2480 1017 non

1414 1031 1539 1067 solum
1567 1031 1616 1067 ad
1644 1027 1791 1067 futuros
1828 1031 2030 1068 hominurn
2062 1040 2240 1080 eventus,
2270 1033 2338 1070 sed
2368 1033 2482 1071 etiam

1415 1083 1464 1120 ad
1492 1095 1552 1120 res
1581 1083 1746 1131 divinas,
1784 1091 1819 1120 et
1847 1092 2034 1132 quantum
2062 1085 2111 1122 ad
2141 1098 2185 1122 ea
2213 1098 2313 1133 quae
2341 1099 2482 1135 propo-

1415 1145 1557 1173 nuntur
1585 1136 1765 1173 omnibus
1795 1137 1997 1184 credenda,
2027 1150 2126 1186 quae
2154 1139 2343 1187 pertinent
2371 1140 2419 1177 ad
2429 1142 2482 1187 fi-

1415 1189 1517 1235 dem,
1548 1197 1584 1225 et
1612 1196 1798 1236 quantum
1820 1190 1869 1226 ad
1898 1190 2031 1227 altiora
2059 1193 2252 1240 mysteria,
2269 1205 2368 1240 quae
2397 1200 2485 1230 sunt

1415 1242 1688 1290 perfectorum,
1719 1255 1818 1290 quae
1846 1243 2035 1292 pertinent
2068 1244 2117 1281 ad
2149 1246 2395 1294 sapientiam‚·
2430 1254 2484 1283 est

1415 1295 1529 1332 etiam
1556 1296 1781 1344 prophetica
1810 1296 1991 1333 revelatio
2013 1298 2059 1334 de
2088 1297 2146 1334 his
2174 1310 2273 1346 quae
2297 1299 2485 1348 pertinent

1416 1348 1464 1385 ad
1484 1348 1694 1396 spirituales
1718 1349 1958 1396 substantias,
1980 1362 2002 1386 a
2022 1350 2160 1398 quibus
2179 1352 2242 1388 vel
2261 1352 2309 1389 ad
2336 1352 2484 1389 bonurn

1416 1402 1478 1438 vel
1507 1401 1555 1438 ad
1585 1402 1730 1438 malum
1759 1401 1994 1450 inducimur,
2025 1403 2129 1451 quod
2157 1404 2319 1452 pertinet
2346 1405 2395 1442 ad
2414 1406 2485 1442 dis-

1416 1454 1619 1492 cretionem
1647 1454 1869 1503 spirituum,·
1905 1456 2070 1493 extendit
2098 1457 2213 1494 etiam
2243 1470 2283 1494 se
2313 1458 2361 1494 ad
2392 1458 2485 1495 dire-

1417 1507 1583 1544 ctionem
1611 1508 1874 1545 humanorum
1903 1517 2079 1556 actuum,
2111 1510 2215 1558 quod
2248 1510 2410 1559 pertinet
2438 1511 2486 1548 ad

1415 1561 1632 1605 scientiam
1660 1569 1702 1598 ut
1730 1561 1825 1598 infra
1843 1561 1864 1583 '¹‘
1891 1562 2045 1610 patebit.
2075 1563 2124 1599 Et
2152 1563 2239 1601 ideo
2268 1564 2395 1612 primo
2425 1577 2487 1601 oc—
2515 1572 2524 1581 ·
2561 1577 2572 1592 r

1388 1650 1390 1660 ἱ
1417 1615 1530 1652 currit
1551 1614 1874 1652 considerandum
1895 1615 1942 1652 de
1962 1615 2180 1665 prophetia3
2211 1624 2247 1654 et
2267 1618 2315 1655 de
2334 1625 2444 1667 raptu
2453 1618 2485 1666 ³¹⁶,
2516 1620 2524 1628 “

1417 1667 1483 1717 qui
1512 1675 1567 1705 est
1595 1667 1752 1716 quidam
1781 1669 2006 1718 prophetiae
2034 1670 2186 1718 gradus.

1470 1722 1529 1758 De
1558 1721 1758 1771 prophetia
1796 1729 1925 1759 autem
1955 1723 2194 1772 quadruplex
2232 1724 2485 1762 consideratio

1418 1775 1599 1812 occurrit:
1630 1787 1793 1824 quarum
1811 1775 1936 1824 prima
1956 1784 2012 1813 est
2033 1776 2080 1813 de
2109 1777 2273 1814 essentia
2297 1777 2400 1824 eius;
2430 1790 2486 1814 se-

1419 1828 1560 1875 cunda,
1592 1828 1638 1865 de
1669 1841 1784 1866 causa
1812 1829 1929 1877 ipsius
1949 1829 1988 1876 *3
2018 1830 2142 1878 tertia,
2173 1830 2221 1867 de
2250 1832 2369 1868 modo
2397 1843 2486 1880 pro·
2515 1837 2524 1845 ⁴
2565 1842 2579 1857 ¹¹

1419 1881 1590 1931 pheticae
1620 1882 1845 1930 cognitionis
1863 1881 1901 1929 *ς
1930 1890 2075 1932 quarta,
2106 1883 2153 1920 de
2184 1883 2370 1922 divisione
2400 1897 2486 1933 pro-
2516 1892 2525 1901 ⁶
2565 1897 2579 1912 ¹¹

1418 1934 1569 1985 phetiae
1589 1934 1620 1972 ³⁸.

1420 1989 1531 2026 Circa
1558 1988 1728 2037 primum
1758 1996 1993 2038 quaeruntur
2021 2001 2097 2026 sex.

1473 2041 1622 2078 Primo:
1657 2049 1785 2078 utrum
1819 2041 2020 2092 prophetia
2055 2043 2242 2091 pertineat
2277 2043 2323 2080 ad
2361 2044 2487 2092 cogni-

1526 2103 1685 2132 tionem.

1475 2148 1676 2186 Secundo:
1707 2156 1836 2185 utrum
1864 2148 1911 2186 sit
1937 2148 2100 2186 habitus.

1474 2201 1627 2238 Tertio:
1666 2209 1794 2239 utrum
1832 2201 1878 2238 sit
1920 2202 2045 2238 solum
2088 2202 2302 2240 futurorum
2347 2204 2490 2241 contin-

1528 2262 1710 2303 gentium.

1476 2309 1642 2355 Quarto:
1672 2315 1800 2345 utrum
1820 2309 2008 2357 propheta
2029 2318 2235 2357 cognoscat
2254 2309 2385 2347 omnia
2403 2322 2493 2359 pro-

1529 2360 1749 2410 phetabilia.

1476 2414 1642 2461 Quinto:
1663 2422 1791 2451 utrum
1806 2415 1993 2463 propheta
2009 2414 2196 2452 discernat
2213 2427 2256 2452 ea
2280 2428 2379 2465 quae
2400 2416 2492 2453 divi-

1529 2468 1629 2505 nitus
1638 2468 1808 2518 percipit,
1821 2468 1868 2505 ab
1879 2468 1938 2505 his
1953 2481 2052 2517 quae
2062 2468 2220 2518 proprio
2236 2469 2366 2518 spiritu
2375 2470 2491 2507 videt.

1478 2521 1613 2559 Sexto:
1634 2529 1763 2559 utrum
1784 2522 2006 2571 prophetiae
2026 2522 2147 2571 possit
2166 2522 2323 2559 subesse
2343 2523 2491 2561 falsum.

1114 2666 1436 2710 ARTICULUS
1469 2666 1675 2709 PRIMUS

831 2770 989 2801 UTRUM
1012 2769 1263 2801 PROPHETIA
1287 2770 1536 2801 PERTINEAT
1560 2770 1618 2800 AD
1651 2768 1959 2800 COGNITIONEM

363 2854 368 2859 “
416 2860 483 2885 Part.
503 2859 542 2890 111,
563 2866 607 2891 qu.
627 2865 671 2888 vn,
691 2862 737 2884 nrt.
758 2857 788 2888 8;
809 2857 851 2882 De
875 2857 964 2887 Verit.,
985 2864 1029 2890 qu.
1049 2864 1092 2888 xn,
1113 2861 1159 2882 art.
1182 2864 1210 2888 1;
1231 2856 1261 2881 In
1283 2856 1389 2885 Isaiam,
1411 2864 1466 2889 cap.
1486 2864 1507 2888 1;
1528 2857 1536 2880 l
1556 2856 1594 2881 ad
1615 2857 1684 2886 Cor„

335 2964 391 2995 ιμ’,
413 2967 458 2996 *:.
484 2968 486 2970 v
508 2961 531 2986 D
561 2959 699 2984 Palmum
728 2958 781 2983 Sic
809 2956 1052 2983 paocemrtm.
1082 2944 1243 2982 Videtur
1264 2946 1369 2994 quod

363 2996 407 3039 ³¹>
429 2991 490 3054 ‘37⁴‘sp
510 3000 712 3050 prophetia
754 3012 833 3037 non
875 2998 1061 3048 pertineat
1099 2998 1148 3035 ad
1188 2997 1370 3047 cognitio-

465 3050 501 3104 ,ιζ
511 3067 615 3093 nem
645 3053 792 3092 Dicitur
817 3052 919 3090 enim
938 3051 1054 3090 Eccli.
1074 3051 1234 3099 XLV111*,
1266 3051 1370 3100 quod

1706 2863 1759 2888 cap.
1779 2863 1829 2885 xiv,
1849 2856 1906 2881 lect.
1926 2863 1947 2886 1;
1966 2855 2010 2880 Ad
2029 2855 2104 2884 Heb.,
2124 2863 2180 2888 cap.
2199 2863 2232 2886 x1‚
2253 2856 2309 2881 lect.
2329 2863 2374 2881 vn.

1423 2952 1488 2982 net
1516 2945 1642 2994 aliqua
1671 2944 1848 2992 cognitio.
1879 2945 1980 2992 Ergo
2009 2943 2211 2993 prophetia
2230 2956 2310 2981 non
2332 2945 2494 2993 pertinet

1425 2999 1474 3036 ad
1503 2997 1773 3046 cognitionem.

1480 3063 1516 3088 2.
1541 3052 1776 3098 PRAETEREA,
1799 3051 1812 3086 I
1833 3051 1884 3087 ad
1902 3051 1990 3087 Cor.
2007 3062 2068 3086 xiv
2087 3049 2107 3071 ’¹‘
2136 3049 2291 3091 dicitur:
2317 3050 2392 3092 Qui
2401 3061 2493 3099 pro-

533 3120 650 3157 orpus
677 3107 796 3144 Elisei
829 3111 1023 3143 mortuum
1043 3105 1307 3153 prophetavit.-
1335 3112 1373 3141 et
1419 3105 1560 3152 phetat,
1581 3104 1794 3141 hominibus
1812 3103 1977 3152 loquitur
2003 3103 2055 3140 ad
2076 3103 2385 3151 aedificationem.
2417 3103 2494 3140 Sed

299 3160 409 3207 infra,
436 3161 565 3209 ηαξ
597 3161 730 3199 dicitur
758 3160 806 3198 de
836 3159 976 3208 Ioseph
1004 3159 1110 3207 quod
1139 3169 1224 3195 ossa
1258 3157 1373 3206 ipsius
1426 3157 1568 3194 locutio
1598 3164 1655 3194 est
1692 3156 1849 3194 effectus
1887 3155 2128 3205 cognitionis,
2165 3168 2244 3193 non
2280 3163 2410 3193 autem
2439 3163 2495 3193 est

300 3213 448 3250 visitata
473 3220 575 3261 sunt,
604 3220 641 3251 et
659 3220 747 3262 post
778 3219 938 3250 mortem
968 3211 1254 3260 prophetavit.
1229 3208 1243 3232 ὅ
1295 3211 1373 3248 Sed
1427 3210 1510 3259 ipsa
1539 3210 1715 3258 cognitio.
1745 3210 1847 3269 Ergo
1876 3209 2027 3247 videtur
2055 3209 2160 3257 quod
2187 3209 2389 3259 prophetia
2417 3222 2495 3247 non

302 3266 342 3303 in
371 3277 533 3314 corpore
560 3268 624 3304 vel
653 3267 804 3305 ossibus
829 3274 918 3316 post
945 3273 1112 3303 mortem
1141 3277 1220 3301 non
1249 3276 1373 3301 rema-

317 3447 319 3450 ·
355 3416 384 3449 a)
401 3415 530 3442 diversas.
541 3428 560 3434 -
576 3416 638 3442 Om.
657 3416 704 3443 Pa.

355 3450 382 3485 β)
401 3451 542 3484 accipitur.
558 3463 576 3470 -
593 3451 764 3484 accipiuntur
781 3453 836 3479 PG.

798 3605 815 3618 a>

1427 3263 1589 3312 pertinet
1617 3263 1667 3300 ad
1696 3262 1964 3311 cognitionem.

1486 3414 1512 3447 γ)
1527 3414 1629 3446 prima.
1641 3427 1661 3432 -
1674 3413 1765 3445 primo
1784 3413 1837 3438 PG.
1849 3426 1869 3432 -
1885 3411 1939 3438 Pro
1957 3419 2058 3443 eorum,
2077 3419 2171 3438 earum
2190 3412 2260 3437 HsC.

1485 3448 1510 3482 δ)
1525 3449 1706 3482 prophetavit.
1717 3462 1737 3469 -
1748 3448 1979 3481 prophetaverunt
1997 3448 2040 3479 sC,
2053 3448 2255 3480 prophetabant
2272 3448 2301 3473 P.

2507 881 2518 892 '⁴
2534 881 2581 909 Qu.
2596 885 2707 903 mxviii-

2523 3057 2534 3067 ⁸
2545 3056 2611 3078 νοτε.
2626 3062 2644 3085 3.
