2768 4198
914 260 1183 306 QUAESTIO
1214 259 1391 305 CXXIII,
1421 257 1721 295 ARTICULUS
1749 257 1836 293 VIII

274 341 356 372 dinis
389 340 577 376 habitualis,
606 347 636 371 et
670 348 716 370 est
745 339 917 379 proprium
946 339 1072 369 bonum
1095 338 1197 378 ipsius
1220 338 1348 368 habitus

273 385 468 417 fortitudinis
493 392 523 416 et
547 384 647 421 fortis,
673 391 704 415 et
727 383 876 424 proprius
899 383 971 413 finis
996 383 1172 424 utriusque,
1191 390 1222 414 et
1237 393 1347 423 opera-

273 430 369 470 tionis
401 430 579 461 secundum
610 428 831 465 substantiam,
854 435 931 469 puta
962 428 1128 464 sustinere,
1146 428 1284 468 aggredi.
1309 427 1349 458 Et

273 483 442 515 propterea
471 475 510 505 ad
537 473 763 514 probationem
790 473 906 504 dicitur
939 473 1027 513 quod
1058 473 1180 513 optime
1204 483 1260 513 per
1287 472 1349 502 hoc

272 521 427 559 probatur
448 519 608 550 intentum
626 518 815 553 Aristotelis,
840 517 958 548 scilicet
982 518 1071 558 quod
1088 517 1178 548 fortis
1199 523 1350 558 operatur

2439 268 2482 304 19

1375 338 1377 342 ⁴
1403 344 1536 378 propter
1567 336 1793 367 fortitudinem
1825 336 1983 366 actualem
2012 342 2048 366 ut
2071 335 2239 376 proprium
2265 334 2379 370 finem,
2412 334 2486 375 quia

1393 382 1477 422 finis
1508 382 1615 412 omnis
1637 382 1835 422 operationis
1859 386 1906 412 est
1933 381 1987 421 qui
2001 380 2177 411 secundum
2191 379 2345 410 habitum.
2359 379 2399 410 Et
2413 389 2485 419 pro-

1376 442 1377 462 3
1403 434 1511 467 pterea
1543 425 1668 466 optime
1703 425 1867 457 concludit
1897 425 1987 466 quod
2025 430 2182 465 operatur
2205 429 2235 455 et
2253 425 2382 465 patitur
2411 424 2486 454 bom·

1376 476 1377 511 ᾗ
1399 472 1523 512 gratia,
1539 471 1616 512 quia
1630 471 1729 510 gratia
1747 470 1878 502 actualis
1895 469 2092 501 fortitudinis
2109 469 2244 500 sustinet
2261 476 2291 500 et
2308 468 2380 499 facit
2394 467 2485 509 quid-

1376 532 1378 550 ;
1405 516 1483 557 quid
1509 522 1673 556 operatur.

1066 661 1386 705 ARTICULUS
1417 660 1693 703 OCTAVUS

890 757 1047 788 UTRUM
1071 755 1228 790 Foaris
1253 753 1552 786 DELECTETUR
1578 754 1621 785 IN
1645 754 1730 785 suo
1754 754 1876 786 ACTU

1222 835 1254 859 111
1274 834 1363 859 Ethic.

307 929 335 967 i.
390 933 447 967 μζ(
488 929 511 954 D
532 929 706 955 OCTAVUM
726 930 780 955 sm
800 929 1043 955 PROCEDITUR.
1063 917 1224 954 Videtur
1248 915 1354 963 quod

300 958 594 1031 (Affifortis
616 971 824 1008 delectetur
852 972 890 1008 in
919 983 990 1008 suo
1012 978 1111 1007 actu.
1141 968 1355 1006 Delectatio

291 1025 414 1103 ’ᾖξε
435 1028 458 1064 6
490 1025 591 1062 enirn
622 1033 678 1062 est
706 1025 875 1074 operatio
914 1023 1174 1062 connaturalis
1206 1023 1356 1060 habitus

317 934 364 972 235*

28 1076 247 1137 ὲξςῦἑζέῑὶῗζ
331 1090 342 1102 “
363 1070 430 1108 ἷῖἶῗ)
446 1068 564 1116 ηοη
602 1079 800 1127 impedita,
830 1086 872 1115 ut
900 1077 1036 1115 dicitur
1062 1077 1102 1114 in
1130 1077 1166 1113 X
1193 1076 1314 1112 Ethic.
1336 1075 1356 1095 '⁸

31 1123 246 1189 ’ἰξᾶἶ-,ᾞῆξῑξς
276 1132 351 1169 Sed
382 1132 556 1180 operatio
585 1133 692 1170 fortis
718 1132 894 1182 procedit
921 1143 968 1168 ex
1001 1130 1150 1176 habitu,
1181 1129 1246 1178 qui
1283 1128 1358 1177 agit

31 1186 108 1210 “¹7²-
122 1186 224 1210 ¹⁶⁶¹·''·
275 1186 314 1223 in
334 1185 498 1223 modum
528 1194 700 1224 naturae.
730 1187 832 1234 Ergo
862 1184 969 1222 fortis
997 1184 1113 1221 habet
1138 1182 1357 1220 delectatio·
1383 1214 1385 1236 Ξ

273 1252 366 1276 nem
395 1239 431 1276 in
463 1252 534 1277 suo
564 1248 664 1278 actu.

31 1296 126 1330 sym
141 1302 175 1320 ²²·
321 1293 642 1341 gssssafflmana,
675 1292 800 1330 Galat.
829 1304 872 1336 v,
888 1303 1004 1340 super
1022 1289 1115 1327 illud
1134 1289 1175 1336 ³¹⁸,
1195 1290 1360 1326 Fructus

275 1340 403 1384 ‹futem
432 1347 592 1396 Spiritus
620 1346 772 1391 caritas,
800 1345 1002 1395 gaudium,
1026 1355 1123 1392 pax,
1155 1342 1245 1380 dicit
1263 1345 1358 1380 Am-

275 1400 428 1439 brosius
447 1402 552 1449 quod
572 1411 691 1449 opera
710 1399 895 1436 virtutum
917 1397 1095 1435 dicuntur
1109 1397 1253 1434 fructus
1268 1396 1358 1445 quia
1384 1414 1386 1441 3

275 1460 437 1491 mentem
465 1453 629 1490 hominis
651 1458 783 1490 sancta
809 1457 844 1489 et
861 1453 1010 1489 sincera
1034 1451 1278 1488 delectatione
1297 1462 1359 1487 re—
1384 1460 1386 1484 ῐ

263 1507 416 1556 ficiunt.
442 1507 521 1544 Sed
539 1506 645 1544 fortis
669 1506 745 1554 agit
773 1518 892 1555 opera
920 1505 1081 1543 virtutis.
1112 1505 1216 1553 Ergo
1243 1504 1360 1541 habet
1385 1546 1386 1555 ἵ

267 1559 568 1606 ,delectationem
597 1560 636 1598 in
664 1572 736 1598 suo
766 1567 865 1597 actu.

329 1615 365 1652 3.
393 1615 629 1661 ΡωτΕκΕΑ,
659 1613 822 1652 debilius
848 1613 1014 1651 vincitur
1042 1625 1065 1650 a
1089 1611 1248 1649 fortiori.
1279 1612 1357 1649 Sed

105 1687 233 1719 ..nn-„w
274 1667 380 1706 fortis
407 1668 494 1717 plus
523 1676 628 1705 amat
655 1668 804 1705 bonum
829 1666 979 1704 virtutis
1008 1678 1127 1716 quam
1157 1666 1358 1715 proprium
1384 1675 1386 1717 ξ

37 1716 76 1730 ”
104 1710 144 1731 ”“”’
165 1713 192 1729 “”
275 1733 427 1770 corpus,
457 1721 565 1771 quod
593 1721 772 1770 periculis
800 1721 936 1759 mortis
965 1720 1132 1770 exponit.
1163 1720 1268 1768 Ergo
1294 1720 1359 1757 de-
1384 1724 1386 1747 ἒ

273 1775 424 1817 lectatio
454 1775 502 1813 de
531 1776 637 1812 bono
662 1775 811 1813 virtutis
831 1782 996 1812 evacuat
1015 1774 1191 1812 dolorem
1222 1786 1358 1823 corpo-

272 1830 406 1867 talem.
436 1830 487 1866 Et
514 1829 565 1867 ita
586 1828 863 1866 delectabiliter
891 1828 1052 1866 omnino
1082 1835 1275 1876 operatur.
1384 1875 1386 1878 .

329 1883 405 1920 SED
434 1894 583 1920 CONTRA
609 1894 676 1920 EST
703 1883 811 1931 quod
839 1882 1101 1931 Philosophus
1128 1881 1229 1927 dicit,
1247 1882 1286 1918 in
1307 1882 1356 1917 111
1384 1886 1386 1907 ἒ

0 1937 2 1942 “
30 1940 248 1992 {ffffltyffihj
271 1937 395 2027 Ειέιίε.
416 1936 447 1983 *,
478 1936 585 1986 quod
613 1936 719 1973 fortis
748 1936 786 1974 in
806 1948 879 1973 suo
904 1943 992 1973 actu
1021 1935 1115 1972 nihil
1142 1935 1360 1972 delectabile
1384 1942 1386 1967 i

51 1998 55 2002 ’
273 1990 315 2027 vi
338 1995 424 2027 etur
450 1991 603 2027 habere.

32 2039 184 2097 „2¹:533
205 2046 247 2070 ⁴1¹¹·
329 2044 559 2081 Rasponmzo
597 2054 784 2081 chENDUM
819 2043 947 2092 quod,
977 2042 1074 2080 sicut
1109 2054 1226 2091 supra
1249 2041 1269 2064 '¹‘
1305 2041 1359 2079 di-

275 2105 379 2134 ctum
409 2106 482 2145 est,
512 2110 601 2135 cum
629 2097 677 2134 de
710 2096 956 2146 passionibus
990 2103 1187 2144 ageretur,
1218 2095 1359 2144 duplex

275 2158 332 2188 est
359 2151 583 2189 delectatio:
613 2163 691 2188 una
711 2150 869 2200 quidem
899 2150 1121 2199 corporalis,
1143 2161 1243 2199 quae
1268 2161 1359 2186 con·
1384 2167 1386 2178 2

274 2205 446 2254 sequitur
467 2212 612 2242 tactum
632 2204 893 2253 corporalem;
922 2203 996 2240 alia
1017 2211 1147 2240 autern
1168 2202 1357 2250 animalis,

274 2270 373 2308 quae
412 2258 661 2307 consequitur
702 2256 1054 2306 apprehensionem
1098 2255 1263 2294 animae.
1308 2257 1358 2294 Et

273 2312 370 2349 haec
397 2311 552 2361 proprie
588 2310 837 2360 consequitur
870 2323 990 2360 opera
1023 2310 1228 2348 virtutum:
1268 2310 1359 2359 quia

273 2364 313 2403 in
346 2365 398 2402 eis
437 2365 702 2403 consideratur
734 2365 884 2402 bonum
923 2363 1092 2402 rationis.
1131 2364 1358 2413 Principalis

259 2427 367 2456 'vero
397 2426 503 2456 actus
531 2418 762 2457 fortitudinis
791 2426 848 2456 est
876 2418 1062 2455 sustinere
1092 2417 1220 2467 aliqua
1239 2417 1357 2455 tristia

245 2473 490 2510 >secundum
527 2472 878 2522 apprehensionem
916 2471 1089 2519 animae,
1118 2479 1212 2520 puta
1249 2473 1356 2522 quod

273 2526 395 2564 homo
425 2526 562 2564 amittit
590 2526 834 2576 corporalem
853 2526 973 2564 vitam
1002 2528 1137 2575 (quam
1161 2525 1357 2563 virtuosus

276 2587 398 2628 amat,
429 2592 508 2618 non
538 2580 665 2617 solum
694 2579 923 2629 inquantum
963 2586 1020 2616 est
1057 2579 1257 2628 quoddam
1287 2580 1356 2616 bo-

275 2645 370 2671 num
400 2634 587 2682 naturale,
617 2633 686 2671 sed
715 2633 832 2671 etiam
865 2633 1094 2684 inquantum
1134 2640 1191 2670 est
1226 2645 1359 2671 neees-

277 2686 376 2725 saria
404 2687 454 2725 ad
483 2699 603 2737 opera
630 2687 832 2734 virtutum)
870 2694 907 2724 et
935 2698 1035 2736 quae
1070 2686 1119 2724 ad
1157 2699 1244 2724 eam
1274 2699 1359 2736 per-

276 2740 418 2778 tinent:
453 2748 491 2778 et
527 2741 665 2778 iterum
699 2741 886 2778 sustinere
920 2740 1048 2789 aliqua
1084 2740 1266 2778 dolorosa
1301 2753 1358 2778 se-

278 2794 450 2832 cundum
469 2802 614 2832 tactum
640 2794 826 2844 corporis,
846 2801 939 2843 puta
957 2795 1119 2831 vulnera
1140 2801 1176 2831 et
1194 2794 1357 2842 flagella.

277 2848 327 2885 Et
354 2847 443 2885 ideo
472 2848 579 2886 fortis
608 2860 653 2885 ex
679 2860 756 2885 una
783 2855 891 2897 parte
920 2848 1036 2884 habet
1064 2849 1169 2885 unde
1197 2849 1359 2886 delecte-

277 2909 358 2948 tur,
389 2901 531 2939 scilicet
559 2901 774 2939 secundum
805 2900 1099 2939 delectationem
1137 2901 1358 2949 animalem,

277 2954 419 2993 scilicet
448 2955 496 2993 de
523 2955 608 3004 ipso
638 2963 726 2993 actu
754 2955 904 2993 virtutis
934 2962 971 2992 et
999 2954 1047 2992 de
1075 2954 1154 2992 fine
1184 2955 1283 2992 eius:
1314 2968 1359 2993 ex

279 3008 351 3047 alia
378 3021 474 3046 vero
503 3017 610 3058 parte
637 3010 755 3047 habet
773 3009 877 3047 unde
907 3009 1046 3055 doleat,
1067 3016 1105 3045 et
1132 3008 1358 3057 animaliter,

334 3133 361 3165 α)
380 3133 686 3165 superabundantem·
703 3133 887 3158 abundantem
908 3132 1004 3158 PCHa.

1393 834 1452 858 lect.
1470 841 1541 858 xvm.

1409 915 1502 951 dum
1539 914 1755 951 considerat
1794 914 2041 951 amissionem
2077 916 2255 964 propriae
2291 914 2415 960 vitae,
2456 921 2492 950 et

1410 968 1668 1016 corporaliter.
1709 968 1838 1012 Unde,
1877 975 1918 1004 ut
1954 968 2088 1016 legitur
2118 970 2149 1005 Il
2184 969 2367 1006 Machab.
2398 966 2490 1014 v1*,
2521 974 2665 1002 ’νενησ-

1410 1022 1616 1058 Eleazarus
1646 1020 1756 1058 dixit:
1786 1021 1903 1058 Diros
1926 1022 2099 1070 corporis
2126 1023 2291 1059 sustineo
2320 1021 2492 1059 dolores.-

1408 1075 1615 1111 secundum
1644 1075 1817 1111 animam
1844 1086 1950 1120 vero,
1976 1080 2135 1123 propter
2167 1076 2342 1112 timorem
2372 1081 2491 1121 tuum,

1411 1128 1568 1165 libenter
1594 1129 1689 1164 haec
1710 1127 1852 1176 patior.

1466 1181 1663 1218 Sensibilis
1692 1188 1820 1218 autem
1852 1181 1964 1218 dolor
1993 1181 2165 1230 corporis
2194 1181 2283 1218 facit
2302 1194 2380 1219 non
2410 1194 2495 1218 sen-

1383 1235 1467 1287 3tiri
1505 1235 1711 1272 animalem
1754 1235 2048 1272 delectationem
2084 1235 2253 1272 virtutis:
2291 1235 2362 1272 nisi
2397 1236 2492 1272 forte

1412 1296 1569 1337 propter
1605 1288 1987 1337 superabundantem
2013 1294 2031 1310 ‘¹‘
2066 1289 2139 1326 Dei
2177 1289 2360 1337 gratiam,
2395 1301 2494 1336 quae
2619 1306 2635 1322 α

1413 1342 1546 1379 fortius
1575 1342 1700 1379 elevat
1729 1342 1898 1379 animam
1928 1342 1978 1379 ad
2008 1342 2156 1388 divina,
2187 1343 2223 1379 in
2255 1343 2395 1392 quibus
2431 1343 2494 1379 de-

1412 1396 1588 1443 lectatur,
1618 1408 1735 1444 quam
1766 1408 1788 1432 a
1818 1395 2083 1444 corporalibus
2121 1396 2258 1445 poenis
2288 1396 2494 1442 afficiatur;

1413 1449 1510 1487 sicut
1538 1450 1672 1487 beatus
1701 1449 1922 1496 Tiburtius,
1953 1462 2041 1486 curn
2073 1462 2188 1499 super
2224 1450 2412 1487 carbones
2441 1450 2495 1486 in-

1413 1516 1550 1541 censos
1579 1503 1692 1541 nudis
1720 1503 1860 1552 plantis
1889 1503 2100 1551 incederet,
2132 1503 2224 1541 dixit
2261 1505 2368 1552 quod
2395 1504 2496 1541 vide-

1384 1557 1386 1601 Ξ
1413 1558 1526 1595 batur
1552 1558 1626 1595 sibi
1650 1569 1765 1607 super
1797 1569 1926 1594 roseos
1951 1558 2074 1606 flores
2107 1558 2309 1595 ambulare
2326 1557 2357 1595 ²⁸.
2389 1557 2496 1595 Facit
2524 1565 2736 1620 ogg'dissii⁸Au{‘

1385 1657 1386 1660 Ἴ
1412 1619 1540 1649 tamen
1561 1611 1683 1648 virtus
1712 1610 1940 1648 fortitudinis
1960 1619 2001 1648 ut
2019 1611 2114 1648 ratio
2144 1624 2224 1648 non
2243 1612 2496 1649 absorbeatur
2587 1607 2592 1614 '
2730 1608 2735 1614 ’

1413 1678 1435 1703 a
1455 1665 1719 1714 corporalibus
1739 1665 1950 1702 doloribus.
1968 1665 2177 1703 Tristitiam
2198 1673 2328 1703 autem
2350 1665 2495 1702 anima-

1411 1720 1488 1756 lem
1509 1727 1664 1768 superat
1691 1719 1894 1756 delectatio
1914 1718 2085 1756 virtutis:
2116 1718 2343 1769 inquantum
2373 1720 2494 1756 homo

1413 1774 1576 1822 praefert
1596 1773 1744 1810 bonum
1765 1772 1914 1810 virtutis
1945 1773 2134 1821 corporali
2160 1773 2260 1810 vitae
2283 1781 2319 1810 et
2338 1773 2493 1822 quibus-

1384 1854 1386 1859 .
1413 1839 1580 1876 cumque
1609 1827 1655 1864 ad
1687 1838 1773 1863 eam
1803 1826 2092 1875 pertinentibus.
2124 1828 2172 1864 Et
2201 1826 2289 1864 ideo
2320 1827 2494 1864 Philoso-

1412 1881 1512 1930 phus
1533 1880 1632 1925 dicit,
1654 1880 1692 1916 in
1713 1881 1761 1916 111
1782 1881 1903 1917 Ethic.
1925 1879 1960 1925 ³⁸,
1991 1880 2098 1928 quod
2118 1893 2140 1917 a
2160 1880 2247 1917 forti
2272 1893 2350 1918 non
2371 1881 2494 1929 requi·
2523 1888 2735 1936 'mg-¹xm-3sqqa

2522 1914 2568 1936 s.T
2599 1915 2651 1936 lect.
2658 1921 2736 1936 xviri.-

1413 1934 1506 1972 ritur
1525 1941 1568 1971 ut
1595 1934 1821 1980 delectetur,
1848 1933 1956 1982 quasi
1989 1933 2284 1971 delectationem
2314 1934 2492 1981 sentiens,
2522 1941 2737 1994 ff,f·,¹{¹';,¹¹†?,²‚¹‘1’,·¹0¹{j

2522 2002 2557 2017 111.

1384 2003 1386 2028 :
1413 1988 1482 2030 sed
1511 1987 1651 2025 sufficit
1678 1987 1785 2036 quod
1815 1999 1890 2024 non
1921 1988 2096 2024 tristetur.

1384 2046 1386 2085 ξ
1466 2043 1526 2078 An
1566 2053 1704 2078 PRIMUM
1743 2052 1843 2078 ERGO
1881 2052 2068 2078 meramnum
2107 2041 2212 2090 quod
2246 2041 2495 2079 vehementia

1413 2102 1519 2132 actus
1547 2096 1609 2132 vel
1638 2094 1827 2143 passionis
1847 2094 1959 2131 unius
1978 2094 2172 2143 potentiae
2192 2095 2352 2144 impedit
2380 2095 2493 2132 aliam

1412 2148 1623 2198 potentiam
1644 2148 1683 2184 in
1703 2160 1774 2184 suo
1803 2155 1902 2185 actu.
1934 2148 1983 2184 Et
2006 2147 2094 2185 ideo
2115 2160 2185 2197 per
2214 2149 2389 2186 dolorem
2411 2161 2494 2186 sen-

1413 2215 1477 2240 sus
1506 2201 1714 2251 impeditur
1743 2213 1854 2238 mens
1883 2201 1990 2238 fortis
2020 2214 2067 2238 ne
2097 2201 2136 2238 in
2164 2202 2321 2252 propria
2359 2214 2495 2252 opera-

1412 2257 1516 2294 tione
1546 2255 1839 2293 delectationem
1870 2255 2017 2292 sentiat.

1466 2311 1526 2347 Ao
1561 2321 1755 2347 SECUNDUM
1789 2320 1976 2346 mCENDUM
2015 2309 2121 2358 quod
2157 2321 2276 2358 opera
2309 2309 2495 2347 virtutum

1413 2371 1502 2401 sunt
1531 2362 1768 2401 delectabilia
1798 2362 2004 2412 praecipue
2043 2370 2201 2412 propter
2228 2364 2368 2400 finem:
2407 2376 2496 2412 pos—

1413 2426 1502 2455 sunt
1531 2425 1660 2454 autem
1692 2429 1737 2453 ex
1766 2416 1823 2454 sui
1861 2424 1997 2453 natura
2026 2429 2110 2454 esse
2138 2416 2268 2454 tristia.
2303 2418 2352 2454 Et
2386 2429 2496 2466 prae-

1414 2471 1524 2521 cipue
1554 2471 1629 2508 hoc
1650 2470 1832 2519 contingit
1851 2469 1890 2507 in
1918 2470 2150 2508 fortitudine.
2181 2471 2293 2509 Unde
2322 2471 2496 2508 Philoso-

1412 2526 1513 2575 phus
1542 2524 1642 2571 dicit,
1672 2524 1711 2561 in
1741 2525 1790 2560 III
1816 2524 1938 2561 Ethic.
1959 2523 1990 2571 ⁹⁸,
2012 2525 2118 2572 quod
2148 2536 2223 2562 non
2253 2525 2290 2562 in
2321 2525 2496 2562 omnibus

1412 2579 1611 2616 virtutibus
1639 2578 1795 2627 operari
1821 2578 2087 2615 delectabiliter
2105 2578 2240 2624 existit,
2254 2584 2413 2627 praeter
2441 2580 2497 2616 in-

1413 2638 1597 2683 quantum
1615 2633 1742 2681 finem
1770 2632 1932 2682 attingit.

1467 2688 1527 2724 AD
1546 2698 1709 2724 TER-rum
1729 2697 1916 2723 mci-:imum
1932 2685 2039 2734 quod
2058 2684 2203 2722 tristitia
2219 2685 2392 2722 animalis
2412 2685 2496 2723 vin-

2523 2533 2580 2581 ,8.(ἓῐῆι
2609 2538 2660 2580 liiii.
2665 2538 2719 2580 ¹invii
2723 2543 2738 2580 ι-

1415 2740 1511 2778 citur
1546 2740 1583 2778 in
1620 2739 1706 2777 forti
1741 2751 1763 2776 a
1800 2739 2053 2776 delectatione
2088 2738 2249 2776 virtutis.
2294 2740 2371 2777 Sed
2405 2740 2495 2789 quia

1415 2795 1528 2832 dolor
1565 2793 1774 2843 corporalis
1813 2800 1869 2829 est
1903 2792 2134 2840 sensibilior,
2166 2800 2203 2829 et
2238 2793 2495 2842 apprehensio

1414 2847 1596 2886 sensitiva
1632 2847 1756 2895 magis
1795 2854 1851 2883 est
1886 2846 2036 2883 homini
2074 2846 2112 2883 in
2149 2845 2374 2894 manifesto,
2406 2847 2495 2884 inde

1415 2909 1472 2940 est
1499 2901 1607 2950 quod
1627 2913 1648 2938 a
1670 2899 1933 2948 magnitudine
1958 2900 2167 2949 corporalis
2189 2900 2333 2937 doloris
2357 2901 2468 2949 quasi
2481 2899 2496 2930 β
2624 2898 2638 2930 {²

1412 2954 1639 2993 evanescit*
1668 2954 1869 2992 delectatio
1892 2954 2109 3003 spiritualis,
2131 2966 2230 3003 quae
2261 2962 2318 2991 est
2337 2954 2385 2991 de
2415 2954 2493 2991 fine
2524 2958 2616 2984 ⁸1bid.,
2632 2963 2654 2978 ¹¹·
2671 2964 2691 2985 3-

1414 3017 1576 3047 virtutis.

1386 3134 1389 3160 Ι
1470 3132 1496 3166 β)
1515 3133 1602 3166 quasi.
1615 3147 1634 3152 —
1652 3133 1714 3158 Om.
1736 3132 1765 3158 P.

970 3212 1307 3246 Commenta-ia.
1330 3213 1584 3246 cardinalis
1609 3213 1815 3245 Caietani

285 3304 332 3367 IN
356 3293 490 3325 articulo
513 3301 628 3326 octavo
645 3295 790 3326 eiusdem
806 3295 1014 3336 quaestionis,
1032 3295 1160 3325 adverte
1184 3295 1274 3336 quod
1289 3297 1358 3325 Au-

313 3345 380 3369 ctor
403 3339 539 3370 intendit
561 3340 652 3381 quod
675 3339 766 3370 fortis
789 3339 913 3371 fortiter
935 3349 1073 3380 operans
1098 3339 1272 3375 actualiter,
1290 3349 1359 3370 sus-

281 3383 414 3414 tinendo
442 3383 575 3414 vulnera
602 3391 633 3415 et
654 3391 805 3421 mortem,
830 3384 874 3415 sic
898 3394 931 3415 se
955 3385 1050 3415 habet
1072 3384 1162 3425 quod
1186 3384 1227 3415 ad
1251 3390 1359 3415 actum
1383 3384 1386 3423 ’ἶ

282 3437 379 3458 suum
409 3427 587 3468 perfectum
616 3429 824 3471 consequitur
854 3429 1007 3460 naturalis
1037 3429 1215 3460 delectatio.
1247 3429 1295 3459 Ex
1319 3439 1358 3459 eo

283 3482 424 3513 namque
454 3472 544 3513 quod
567 3473 733 3513 cognoscit
761 3474 853 3505 fortis
879 3484 912 3504 se
936 3473 1060 3505 fortiter
1082 3484 1174 3515 agere
1206 3474 1239 3504 in
1263 3473 1359 3505 susti·
1384 3494 1385 3523 ἢ

283 3517 391 3547 nendo
414 3517 546 3548 vulnera
570 3523 601 3548 et
623 3525 772 3555 mortem,
797 3525 829 3549 et
850 3519 883 3549 in
907 3519 1072 3559 perdendo
1095 3519 1195 3550 vitam
1218 3528 1358 3549 necessa-

283 3562 362 3592 riam
380 3561 419 3592 ad
434 3561 576 3598 virtutes,
601 3561 783 3594 delectatur.
807 3563 880 3594 Hoc
896 3569 943 3594 est
959 3563 1046 3594 enim
1062 3563 1211 3594 delectari
1231 3563 1270 3594 de
1286 3570 1358 3594 actu

284 3614 314 3637 et
337 3606 401 3637 fine
425 3605 636 3637 fortitudinis:
661 3606 746 3637 videt
769 3607 856 3638 enim
875 3617 909 3638 se
924 3608 1078 3649 consequi
1101 3615 1178 3640 tunc
1197 3608 1358 3639 intentum

1383 3300 1385 3325 Ι
1411 3293 1519 3331 finem,
1545 3295 1635 3335 quod
1659 3301 1706 3325 est
1730 3293 1852 3324 fortiter
1876 3303 1910 3323 se
1932 3293 2058 3323 habere.
2084 3292 2125 3323 Et
2148 3292 2225 3323 haec
2250 3292 2418 3323 delectatio
2443 3303 2494 3323 su-

1383 3334 1385 3380 ξ
1412 3345 1501 3379 perat
1524 3338 1683 3370 tristitiam
1706 3338 1885 3369 naturalem
1909 3347 1946 3367 ex
1969 3338 2032 3368 hoc
2055 3337 2146 3378 quod
2170 3337 2382 3378 apprehendit
2404 3337 2494 3368 fortis

1412 3393 1445 3414 se
1469 3393 1526 3424 per
1549 3389 1688 3414 mortem
1717 3382 1833 3423 privari
1857 3382 2005 3412 maximis
2029 3382 2140 3418 bonis,
2173 3389 2251 3422 puta
2275 3381 2494 3422 praesentibus

1383 3425 1385 3487 ᾖ
1411 3427 1591 3464 virtutibus,
1606 3428 1728 3458 ratione
1751 3427 1880 3458 mortis:
1906 3426 2063 3468 quoniam
2079 3427 2181 3467 magis
2197 3426 2300 3467 diligit
2323 3437 2427 3457 unum
2444 3436 2493 3457 ex·

1412 3472 1677 3504 cellentissimum
1700 3472 1824 3503 actuale
1842 3472 1978 3508 bonurn,
1995 3471 2113 3503 scilicet
2135 3471 2258 3502 fortiter
2275 3471 2374 3502 semel
2391 3481 2492 3511 agere,

1384 3525 1385 3531 ¹
1412 3528 1511 3559 quarn
1535 3527 1664 3548 manere
1687 3517 1719 3547 in
1745 3516 2095 3555 multishabitualibus
2119 3516 2223 3547 bonis.
2241 3516 2303 3547 Sed
2319 3516 2494 3556 impeditur

1412 3573 1430 3594 a
1454 3561 1580 3593 tristitia
1604 3572 1659 3592 seu
1685 3562 1797 3592 dolore
1821 3561 1980 3602 corporali
2004 3571 2044 3592 ne
2068 3561 2222 3592 sentiatur
2245 3571 2263 3591 a
2286 3560 2378 3591 forti:
2404 3567 2435 3590 et
2458 3566 2493 3590 ut
2521 3587 2573 3610 ’ea
2613 3593 2635 3608 u
2658 3593 2671 3608 n
2724 3598 2733 3603 .

1414 3607 1530 3638 dicitur
1553 3607 1587 3638 in
1611 3606 1652 3637 111
1676 3606 1780 3638 Ethic.
1799 3605 1826 3644 *,
1852 3607 1981 3638 videtur
2004 3615 2205 3638 evanescere.
2230 3606 2492 3636 Fundamentum
2519 3594 2734 3636 s.rss21e'e‘t.iv³1}..
