2768 4198
52 1398 63 1408 ⁸
77 1398 100 1418 ln
116 1402 220 1424 corpore.

54 1557 264 1584 ·1⁸11³³,qu.xv111‚

53 1587 94 1605 art.
109 1590 130 1610 7.

54 1634 63 1644 ⁸
78 1633 104 1654 D.
120 1632 157 1658 84.

54 2256 63 2264 ·
78 2253 113 2276 Cf.
129 2259 192 2275 num.
207 2259 239 2274 vt.

55 2281 75 2291 ⁸·
90 2280 199 2302 Concluu.
215 2285 230 2301 t.

57 2482 65 2489 ⁴
81 2480 115 2501 Cf.
132 2485 194 2501 num.
207 2485 246 2500 vu.

57 2508 76 2517 ⁸·
91 2506 198 2528 Conclus.
213 2511 232 2526 2.

59 2835 67 2843 ⁸
82 2834 146 2855 Vers.
162 2840 194 2861 27,
210 2835 244 2856 28.

60 2963 70 2972 ⁸
84 2962 190 2983 Conclus.
206 2967 225 2989 7.

61 3006 71 3015 ⁴
86 3005 120 3027 Cf.
140 3011 202 3027 num.
219 3011 268 3027 vin.

293 316 369 350 214

292 384 366 419 hoc
391 382 596 431 dupliciter.
627 381 757 417 Primo
778 379 944 428 quidem,
968 390 1011 413 ex
1040 383 1145 435 parte
1168 375 1285 423 ipsius
1305 374 1354 410 fe-

293 436 418 473 minae
449 436 507 471 cui
536 434 669 483 aliquis
699 432 982 471 commiscetur,
1013 441 1102 477 qma
1138 429 1170 464 ei
1207 427 1356 464 debitus
1383 450 1385 475 3

293 491 417 526 honor
446 501 524 525 non
543 494 724 524 servatur.
756 487 803 522 Et
822 485 874 521 sic
903 491 958 520 est
986 483 1155 527 incestus,
1177 481 1242 529 qui
1266 492 1355 517 con·
1383 481 1385 498 ³

294 542 386 579 sistit
413 542 450 578 in
480 542 600 578 abusu
630 539 830 576 mulierum
862 535 1185 583 consanguinitate
1213 534 1275 570 vel
1305 533 1357 570 af·
1383 557 1385 578 3

293 595 436 632 finitate
465 595 687 630 iunctarum.
717 613 740 618 -
770 590 970 635 Secundo,
1002 601 1047 625 ex
1075 596 1180 638 parte
1211 587 1290 623 eius
1319 587 1356 623 in

294 650 400 685 cuius
428 654 611 695 potestate
642 653 696 681 est
724 643 875 680 femina.
912 642 1012 688 Quia
1041 642 1070 677 si
1101 649 1156 677 est
1184 641 1221 677 in
1250 648 1357 688 pote—

293 709 385 738 state
413 700 496 746 viri,
526 707 581 735 est
607 697 830 734 adulterium
850 696 886 731 *τ
921 696 950 731 si
980 702 1108 731 autem
1139 702 1194 730 est
1223 694 1260 730 in
1288 706 1357 742 po—

293 761 422 791 testate
452 752 577 801 patriS‚
609 759 662 787 est
689 755 871 798 stuprum,
902 748 931 784 si
961 760 1038 784 non
1067 747 1249 784 inferatur
1275 747 1357 783 vio-

293 807 424 850 lentia3
453 811 581 853 raptus
609 811 749 848 autem,
779 802 808 838 si
838 802 1029 838 inferatur.

345 858 658 895 Diversificantur
694 863 821 892 autem
853 855 943 891 istae
978 854 1124 903 species
1164 852 1284 901 magis
1314 864 1359 889 ex

291 920 396 960 parte
424 911 588 947 feminae
617 921 733 957 quam
762 908 846 945 viri.
877 908 976 955 Quia
1005 909 1042 944 in
1073 915 1159 944 actu
1186 918 1357 945 venereo

291 965 430 1001 femina
450 976 490 1000 se
510 964 626 999 habet
654 962 749 999 sicut
767 962 914 1011 patiens
944 970 980 998 et
998 973 1067 1010 per
1086 961 1248 997 modum
1277 972 1358 997 ma-

290 1018 416 1064 teriae,
437 1017 494 1054 vir
514 1025 642 1054 autem
663 1028 731 1065 per
758 1015 920 1052 modum
942 1014 1096 1064 agentis.
1127 1014 1281 1051 Dictum
1305 1022 1359 1051 est

290 1079 417 1108 autem
446 1070 551 1119 quod
580 1069 794 1119 praedictae
824 1068 970 1118 species
1004 1068 1219 1105 secundum
1255 1067 1360 1105 diffe-

290 1125 448 1161 rentiam
478 1123 658 1160 materiae
688 1123 934 1171 assignantur.

344 1181 402 1214 AD
431 1189 568 1214 PRiMUM
596 1188 694 1213 ERGO
725 1188 909 1214 mesanum
938 1177 1043 1224 quod
1077 1175 1269 1224 praedicta
1307 1174 1360 1211 di·
1386 1182 1388 1190 ¹

289 1231 446 1268 versitas
466 1230 646 1267 materiae
668 1230 782 1267 habet
802 1241 989 1267 annexam
1011 1228 1271 1266 diversitatem
1287 1228 1360 1264 for-

291 1285 431 1322 malem
461 1284 617 1331 obiecti,
647 1296 746 1332 quae
781 1283 963 1332 accipitur
995 1282 1207 1320 secundum
1238 1281 1360 1319 diver-

292 1351 354 1375 sos
384 1338 522 1375 modos
552 1337 824 1386 repugnantiae
854 1337 903 1374 ad
932 1336 1116 1384 rationem
1146 1343 1302 1383 rectam⁷
1322 1343 1363 1371 ut
1387 1357 1389 1361 ·

293 1392 434 1429 dictum
466 1399 520 1428 est
538 1391 569 1428 *.

346 1449 403 1481 An
433 1456 624 1482 SECUNDUM
654 1455 838 1481 DICENDUM
874 1443 980 1491 quod
1009 1443 1099 1480 nihil
1129 1442 1306 1491 prohibet
1326 1442 1363 1478 in

293 1499 432 1535 eodem
475 1506 558 1535 actu
603 1498 842 1534 diversorum
881 1497 1061 1533 vitiorum
1104 1495 1363 1533 deformitates

294 1563 532 1598 concurrere,
558 1558 599 1587 ut
628 1563 743 1600 supra
761 1550 781 1572 ²¹⁵
811 1550 952 1591 dictum
984 1558 1049 1587 est.
1081 1550 1130 1586 Et
1148 1550 1223 1586 hoc
1242 1549 1361 1586 modo
1389 1584 1391 1593 ,

293 1605 522 1642 adulterium
559 1604 772 1641 continetur
807 1605 878 1640 sub
916 1604 1063 1640 luxuria
1093 1611 1128 1639 et
1161 1604 1232 1640 sub
1269 1603 1362 1639 iniu-

293 1659 389 1696 stitia
404 1658 434 1695 *.
457 1679 481 1686 -
500 1659 585 1694 Nec
605 1657 825 1695 deformitas
846 1657 1044 1694 iniustitiae
1063 1661 1079 1685 Υ
1109 1656 1266 1693 omnino
1295 1668 1364 1705 per

344 1784 370 1816 γ)
392 1781 547 1807 iniustitiae.
560 1795 577 1800 —
596 1780 716 1805 iustitiae
736 1779 938 1804 ABCEFHKLa

982 296 1249 345 QUAESTIO
1279 295 1416 341 CLIV,
1446 295 1746 333 ARTICULUS
1777 296 1788 331 l

1411 374 1587 411 accidens
1617 387 1657 411 se
1685 375 1801 411 habet
1829 374 1876 411 ad
1906 374 2104 410 luxuriam.
2137 373 2359 410 Ostenditur
2383 372 2484 409 enim

1412 427 1558 464 luxuria
1587 428 1737 475 gravior
1766 440 1864 476 quae
1893 428 1931 464 in
1960 435 2108 464 tanturn
2135 426 2483 476 concupiscentiam

1412 481 1582 528 sequitur
1611 482 1715 529 quod
1746 481 1859 519 etiam
1890 481 1928 518 in
1957 481 2176 518 iniustitiam
2207 480 2331 518 ducat.

1466 535 1525 570 AD
1544 545 1705 570 TERTIUM
1725 545 1910 571 mesanum
1930 534 2036 583 quod
2065 534 2202 571 mulier
2220 544 2370 570 vovens
2395 545 2484 569 con-

1413 586 1610 623 tinentiam
1632 587 1831 635 quoddam
1858 587 2051 636 spirituale
2081 587 2370 624 matrimonium
2400 586 2487 623 facit

1414 652 1501 676 cum
1518 641 1616 676 Deo.
1638 641 1687 676 Et
1702 640 1789 677 ideo
1805 640 2044 688 sacrilegium
2060 641 2163 689 quod
2185 640 2433 678 committitur
2449 640 2486 676 in

1412 693 1618 730 violatione
1646 693 1728 730 talis
1757 693 1937 740 mulieris,
1959 702 2015 730 est
2035 694 2232 743 quoddam
2259 694 2486 731 adulterium

1413 746 1618 795 spirituale.
1657 747 1705 783 Et
1733 746 1902 783 similiter
1935 747 1994 783 alii
2023 748 2130 784 modi
2159 747 2342 795 sacrilegii
2377 747 2486 783 redu-

1414 808 1550 837 cuntur
1580 800 1630 836 ad
1659 800 1750 836 alias
1780 799 1927 848 species
1955 801 2136 837 luxuriae.

1466 856 1525 890 An
1554 864 1729 895 QUARTUM
1758 864 1945 890 melerinum
1978 854 2085 901 quod
2117 861 2320 902 peccatum
2358 854 2488 891 coniu-

1414 907 1487 955 gati
1517 918 1605 942 curn
1640 918 1710 942 sua
1738 917 1858 942 uxore
1896 918 1976 943 non
2010 915 2066 943 est
2092 909 2306 944 secundum
2343 906 2488 945 indebi-

1413 969 1491 997 tam
1521 960 1744 1006 materiam,
1775 959 1841 996 sed
1870 959 2084 997 secundum
2118 959 2210 997 alias
2243 960 2488 998 circumstan-

1413 1014 1495 1051 tias.
1522 1014 1632 1060 Quae
1654 1025 1731 1050 non
1753 1012 1987 1050 constituunt
2006 1013 2175 1063 speciem
2197 1014 2351 1051 moralis
2370 1022 2488 1062 actus,

1414 1075 1456 1104 ut
1484 1067 1627 1104 dictum
1658 1074 1714 1103 est
1731 1066 1763 1102 ²¹².

1468 1124 1526 1158 AD
1547 1132 1711 1163 QU1NTUM
1740 1131 1927 1157 mcENDUM
1947 1120 2065 1169 quod,
2087 1120 2183 1158 sicut
2202 1119 2291 1157 dicit
2313 1121 2451 1158 Glossa
2469 1120 2490 1142 '¹‘

1415 1175 1580 1221 ibidem,
1606 1174 1844 1211 immunditia
1873 1174 2028 1223 ponitur
2065 1186 2136 1223 pro
2173 1174 2331 1211 luxuria
2359 1180 2491 1211 contra

1416 1234 1605 1266 naturam.
1650 1227 1890 1276 Impudicitia
1925 1235 2055 1264 autern
2090 1235 2146 1264 est
2191 1239 2290 1276 quae
2314 1228 2368 1275 fit
2402 1239 2490 1265 cum

1415 1282 1541 1319 liberis
1578 1294 1600 1318 a
1638 1282 1743 1318 viro:
1776 1281 2061 1318 unde-videtur
2098 1281 2147 1318 ad
2175 1289 2351 1330 stuprum
2380 1282 2492 1330 perti-

1417 1348 1521 1373 nere.
1882 1372 1885 1373 γ

1469 1389 1540 1425 Vel
1574 1396 1700 1437 potest
1733 1388 1805 1426 dici
1839 1388 1945 1436 quod
1979 1388 2211 1437 impudicitia
2247 1388 2410 1437 pertinet
2441 1388 2491 1426 ad

1418 1442 1607 1490 quosdam
1643 1450 1749 1478 actus
1783 1441 2070 1479 circumstantes
2103 1449 2232 1479 actum
2265 1454 2492 1488 venereum,

1418 1495 1515 1532 sicut
1543 1503 1630 1532 sunt
1658 1496 1802 1541 oscula,
1831 1502 1952 1532 tactus
1982 1503 2018 1532 et
2045 1495 2119 1532 alia
2147 1495 2383 1533 huiusmodi.

1471 1551 1531 1585 AD
1560 1561 1703 1586 saxrum
1723 1560 1909 1585 mCENDUM
1930 1550 2034 1596 quod
2065 1549 2211 1586 luxuria
2238 1549 2401 1586 sumitur
2424 1547 2494 1586 ibi-

1389 1637 1391 1648 <
1418 1602 1508 1640 dem
1529 1614 1599 1651 pro
1619 1613 1858 1650 quacumque
1875 1602 2143 1650 superfluitate,
2163 1610 2205 1639 ut
2224 1603 2363 1640 Glossa
2381 1601 2402 1624 *
2426 1601 2494 1640 ibi·
2521 1601 2532 1612 ⁸

1419 1656 1509 1693 dem
1540 1656 1640 1693 dicit.

970 1858 1308 1890 Commentario.
1331 1857 1585 1890 Oardjnalis
1607 1857 1811 1890 Caietam

296 1951 341 2014 IN
366 1940 498 1971 articulo
523 1940 627 1980 primo
652 1938 847 1979 quaestionis
870 1937 1360 1979 centesimaequinquagesimae-
1387 1941 1390 1981 l
1415 1938 1558 1978 aliquam
1583 1938 1859 1968 circumstantiam
1883 1947 1967 1978 quae
1991 1947 2054 1968 non
2079 1939 2245 1970 constituit
2267 1940 2402 1980 speciem
2426 1942 2493 1972 mo-

323 1991 465 2026 quartae,
492 1984 625 2014 dubium
650 1984 730 2013 circa
754 1982 932 2013 distinctiva
956 1982 1134 2022 specierum
1157 1982 1300 2013 luxuriae
1325 1992 1362 2012 ex
1388 1985 1389 2024 j

291 2029 438 2066 Martino‚
463 2029 497 2058 in
519 2039 574 2069 qu.
597 2038 620 2058 11
644 2028 682 2058 de
706 2027 856 2063 Luxuria,
882 2026 1028 2063 occurrit,
1054 2027 1162 2067 quoad
1187 2027 1264 2057 duo.
1296 2025 1362 2057 Pri—
1387 2027 1389 2058 l

293 2084 383 2104 mum
408 2080 454 2104 est
477 2073 565 2114 quod
587 2074 708 2112 species
724 2073 878 2102 luxuriae
895 2076 1020 2112 oportet
1034 2073 1181 2111 accipere
1204 2081 1246 2102 ex
1263 2076 1362 2111 parte

293 2119 456 2149 materiae.
481 2136 499 2139 -
524 2117 709 2148 Secundum
737 2123 784 2147 est
813 2117 903 2157 quod
926 2117 1047 2156 species
1073 2116 1227 2146 luxuriae
1255 2117 1363 2157 magis

293 2163 552 2204 diversificantur
575 2171 616 2192 ex
634 2166 731 2202 parte
744 2160 896 2202 feminae
919 2170 1014 2201 quam
1040 2161 1113 2198 viri,
1138 2162 1215 2202 quia
1231 2160 1361 2202 femina

293 2218 327 2239 se
350 2208 442 2238 habet
465 2212 500 2237 ut
517 2207 647 2246 patiens
671 2211 700 2236 et
724 2206 871 2236 materia.

350 2252 470 2283 Contra
493 2251 634 2291 primum
650 2251 676 2287 *‚
701 2250 805 2291 inquit
819 2250 863 2286 **,
888 2251 977 2291 quod
994 2249 1113 2290 species
1138 2249 1280 2280 luxuriae
1296 2259 1362 2279 non

294 2296 400 2327 solum
417 2295 614 2335 accipiuntur
637 2305 674 2326 ex
693 2301 780 2335 parte
796 2294 954 2331 materiae,
970 2294 1139 2334 probatur:
1164 2294 1239 2335 quia
1256 2293 1363 2335 aliqua
1388 2323 1390 2332 ‚

290 2341 414 2381 ‚species
444 2340 561 2380 peccati
593 2346 702 2370 contra
730 2346 875 2370 naturam
907 2339 1043 2370 sumitur
1067 2348 1133 2369 non
1163 2348 1199 2369 ex
1223 2339 1363 2369 indebita

294 2385 434 2422 materia,
458 2385 513 2415 sed
537 2394 572 2415 ex
595 2384 736 2415 indebito
760 2384 878 2420 modo;
904 2391 938 2414 ut
962 2383 986 2414 si
1011 2383 1058 2413 vir
1082 2391 1255 2423 cognoscat
1270 2394 1361 2414 suam

295 2440 360 2460 non
384 2430 414 2460 in
439 2439 513 2459 vase
537 2429 654 2465 debito,
678 2436 732 2459 aut
757 2439 820 2459 non
847 2429 952 2459 debito
977 2428 1088 2459 modo.

351 2475 387 2504 Il.
412 2473 531 2505 Contra
554 2474 730 2504 secundum
746 2473 763 2492 *
794 2473 868 2504 dicit
883 2473 916 2492 **
938 2473 1062 2513 primo,
1089 2472 1177 2513 quod
1201 2472 1362 2503 distinctio

270 2530 273 2534 ”
293 2519 406 2549 harum
424 2518 609 2558 specierum,
627 2524 748 2558 praeter
763 2525 919 2558 stuprum,
936 2527 1036 2558 aeque
1052 2528 1089 2548 ex
1105 2523 1192 2557 parte
1209 2517 1265 2547 viri
1283 2517 1364 2548 sicut

294 2573 330 2593 ex
354 2570 440 2603 parte
464 2562 599 2592 feminae
623 2562 768 2598 sumitur,
794 2569 829 2593 ut
852 2569 938 2602 patet
961 2562 1178 2593 discurrendo.

349 2607 432 2637 Dicit
455 2607 605 2644 secundo,
623 2607 712 2648 quod
736 2607 817 2637 duae
842 2616 995 2647 personae
1020 2607 1179 2637 humanae
1203 2616 1279 2637 sexu
1304 2606 1363 2637 dif-

294 2652 443 2687 ferentes,
469 2658 504 2682 ut
528 2651 590 2688 sic,
617 2659 691 2682 sunt
714 2651 843 2682 materia
869 2651 1018 2682 naturalis
1042 2659 1131 2682 actus
1154 2651 1278 2682 venerei
1303 2651 1362 2682 hu-

293 2697 389 2727 mani.
407 2714 427 2719 -
441 2696 605 2726 Probatur.
632 2696 686 2726 llla
706 2703 780 2727 sunt
803 2696 934 2726 materia
952 2697 1104 2727 naturalis
1127 2703 1216 2726 actus
1239 2695 1365 2726 venerei

293 2741 426 2771 humani
450 2751 531 2781 quae
556 2747 666 2771 natura
690 2740 848 2771 ordinavit
871 2741 911 2770 ad
927 2740 1164 2781 generationem
1185 2740 1282 2781 prolis
1302 2740 1363 2771 hu-

295 2795 416 2815 manae.
442 2785 503 2815 Sed
528 2785 608 2815 duae
631 2795 786 2825 personae
810 2795 896 2820 sexu,
914 2792 983 2821 etc„
1009 2792 1084 2816 sunt
1106 2785 1194 2816 tales.
1221 2785 1317 2825 Ergo.

351 2830 390 2860 Et
404 2829 610 2860 confirmatur
625 2839 681 2870 per
696 2829 775 2860 illud
794 2829 873 2860 Gen.
889 2829 939 2859 1*:
957 2830 1141 2861 Masculum
1160 2834 1190 2860 et
1199 2829 1362 2870 feminam

295 2875 415 2905 creavit
438 2883 499 2911 eos,
524 2879 554 2904 et
576 2874 758 2905 benedixit:
784 2874 936 2911 Crescite,
951 2882 1009 2905 etc.

352 2919 402 2949 111.
428 2918 462 2948 ln
486 2918 601 2948 eodem
624 2918 774 2954 articulo,
800 2928 875 2949 cum
899 2919 1107 2959 responsione
1131 2919 1171 2949 ad
1195 2925 1363 2959 quartum.

296 2963 430 2993 dubium
454 2962 540 2992 aliud
565 2973 600 2993 ex
624 2963 770 2998 Martiae,
796 2963 913 2994 ibidem
929 2963 959 3000 *‚
985 2963 1139 2999 occurrit,
1165 2963 1261 2994 etiam
1285 2963 1365 2994 circa

297 3007 472 3037 distinctiva
496 3007 671 3047 specierum
695 3007 847 3038 luxuriae.
864 3008 881 3027 '⁸‘
905 3008 945 3038 Et
968 3007 1103 3039 intendit
1126 3009 1260 3048 probare
1274 3009 1365 3049 quod

297 3058 423 3091 oportet
444 3061 563 3091 ponere
583 3052 690 3091 plures
706 3051 824 3092 species
840 3052 982 3082 luxuriae
997 3063 1095 3094 quam
1111 3052 1201 3083 istas:
1226 3059 1257 3083 et
1275 3053 1364 3093 quod

298 3096 437 3126 doctrina
461 3096 608 3127 Auctoris
631 3096 663 3126 in
688 3097 895 3136 responsione
919 3097 958 3126 ad
982 3104 1133 3138 quartum
1158 3107 1224 3127 non
1249 3104 1296 3128 est
1317 3097 1364 3127 in-

298 3191 367 3214 actu
391 3194 526 3214 venereo
549 3191 676 3225 oportet
699 3186 788 3226 quod
811 3185 924 3216 habeat
947 3186 1087 3227 aliquam
1112 3186 1251 3226 speciem
1270 3187 1364 3217 aliam

299 3238 317 3257 a
340 3229 522 3267 praedictis,
547 3229 598 3260 sic.
629 3228 875 3260 circumstantia
899 3230 1088 3261 transferens
1111 3237 1218 3262 actum
1243 3230 1281 3261 de
1304 3231 1364 3262 vir-

299 3278 366 3302 tute
389 3272 420 3302 in
444 3272 555 3303 vitium
580 3273 743 3304 constituit
767 3274 916 3314 speciem.
941 3275 1002 3305 Sed
1020 3275 1078 3306 ista
1094 3282 1140 3306 est
1163 3275 1363 3306 huiusmodi.

302 3315 426 3355 Ergo.-
440 3316 544 3347 Minor
558 3324 653 3357 patet.
675 3318 758 3355 Quia
775 3328 811 3348 ex
827 3318 881 3349 tali
897 3318 1130 3350 circumstantia
1150 3327 1238 3351 actus
1254 3320 1364 3350 coniu-

302 3359 378 3398 galis
402 3367 447 3390 est
470 3369 644 3400 peccatum.
661 3379 682 3384 -
706 3362 808 3392 Maior
830 3364 993 3403 probatur.
1018 3365 1106 3394 Talis
1131 3365 1365 3396 circumstantia

302 3403 446 3434 transfert
460 3405 492 3434 in
511 3415 610 3444 genus
626 3406 702 3437 vitii.
722 3407 816 3446 Ergo,
833 3407 865 3438 in
881 3408 1020 3448 aliquam
1037 3409 1192 3449 speciem:
1210 3409 1366 3450 quoniam

304 3447 381 3476 nihil
405 3454 449 3478 est
472 3448 503 3478 in
528 3459 639 3488 genere
657 3451 745 3490 quod
762 3461 826 3481 non
844 3452 883 3482 sit
899 3452 931 3482 in
947 3453 1053 3493 aliqua
1069 3453 1136 3484 eius
1153 3453 1268 3494 specie.
1293 3454 1365 3484 Hoc

305 3491 388 3521 enim
421 3499 514 3531 patet.
548 3493 588 3523 Et
611 3494 698 3534 quod
730 3502 850 3534 praeter
877 3506 929 3526 sex
952 3497 1049 3528 dictas
1073 3498 1208 3538 species,
1239 3504 1367 3538 oportet

305 3535 398 3565 aliam
422 3545 548 3575 ponere.
573 3537 613 3567 Et
636 3538 723 3577 quod
748 3549 812 3568 non
837 3549 873 3569 ex
888 3547 974 3580 parte
989 3541 1146 3577 materiae,
1163 3542 1217 3573 sed
1233 3542 1366 3573 circurn-

305 3579 444 3610 stantiae.
470 3580 510 3610 Et
533 3581 620 3620 quod
645 3583 807 3622 responsio
831 3584 870 3612 ad
893 3591 1042 3624 quartum
1066 3596 1131 3616 non
1156 3593 1202 3617 est
1224 3586 1368 3626 intelligi-

306 3623 395 3658 bilis,
421 3624 498 3654 dum
527 3624 601 3655 dicit
630 3626 718 3664 quod
742 3632 908 3665 peccatum
933 3630 1098 3670 coniugati
1122 3636 1168 3661 est
1190 3631 1365 3662 secundum

1415 1982 1497 2012 ralis
1523 1986 1626 2013 actus.
1654 1999 1675 2005 -
1706 1982 1740 2012 ln
1771 1982 1833 2012 hoc
1864 1981 2044 2013 consistunt
2072 1982 2183 2013 omnia
2213 1983 2336 2014 motiva
2365 1983 2494 2016 Martini

1415 2026 1497 2057 circa
1519 2026 1592 2062 hoc,
1618 2026 1689 2057 licet
1714 2026 1753 2057 ab
1777 2026 1848 2066 ipso
1873 2025 2103 2067 plurificentur.

1470 2071 1522 2102 IV.
1546 2070 1693 2101 Dubium
1715 2071 1848 2102 demum
1867 2081 1905 2102 ex
1918 2071 2069 2108 Martino,
2085 2071 2207 2102 ibidem
2221 2072 2248 2109 ¹⁸,
2262 2079 2322 2108 est,
2339 2082 2380 2103 eo
2401 2073 2492 2114 quod

1415 2115 1526 2146 nititur
1548 2115 1670 2146 solvere
1695 2115 1832 2146 rationes
1856 2115 1936 2147 duas
1959 2115 2109 2147 Auctoris
2125 2115 2159 2147 in
2173 2115 2277 2153 littera
2290 2116 2317 2148 *.
2342 2117 2384 2148 Et
2399 2117 2494 2150 adil·

1413 2160 1490 2196 lam,
1507 2159 1634 2196 scilicet,
1655 2159 1908 2192 circumstantia
1933 2170 1996 2192 non
2021 2161 2078 2192 dat
2094 2162 2230 2201 speciem
2253 2162 2343 2193 actui
2365 2162 2494 2199 morali,

1415 2205 1588 2245 respondet
1610 2205 1700 2246 quod
1724 2204 1962 2236 circumstantia
1978 2212 2067 2236 actus
2084 2204 2245 2236 exterioris
2269 2212 2315 2237 est
2331 2206 2495 2238 obiectum

1415 2257 1504 2281 actus
1528 2249 1702 2280 interioris:
1727 2258 1758 2281 et
1781 2250 1854 2281 ideo
1875 2250 1928 2280 dat
1950 2250 1995 2280 illi
2019 2250 2159 2291 speciem
2183 2257 2219 2281 ut
2242 2250 2416 2283 obiectum.

1473 2295 1523 2325 Ad
1546 2293 1658 2331 aliam,
1683 2293 1821 2333 scilicet,
1852 2295 1977 2325 Mulier
1999 2295 2107 2336 magis
2136 2303 2172 2326 se
2193 2295 2288 2326 habet
2310 2297 2343 2326 in
2368 2297 2496 2328 ratione

1411 2340 1567 2380 patientis
1589 2344 1620 2370 et
1643 2340 1800 2370 materiae
1821 2348 1918 2380 quam
1935 2340 1998 2377 νίν,
2022 2339 2196 2380 respondet
2209 2339 2228 2359 ¹⁸¹
2250 2341 2341 2381 quod
2357 2347 2493 2382 uterque
2522 2351 2533 2361 ·

1416 2391 1463 2414 est
1487 2383 1615 2414 materia
1640 2390 1785 2424 respectu
1809 2383 1948 2421 alterius,
1970 2390 2001 2415 et
2021 2391 2155 2426 uterque
2171 2390 2218 2415 est
2233 2394 2330 2425 agens
2349 2391 2494 2426 respectu

1388 2438 1390 2444 ·
1415 2428 1616 2460 concubitus.
1649 2428 1690 2459 Et
1714 2428 1815 2459 multa
1839 2428 1927 2459 addit
1951 2429 1991 2459 ad
2015 2429 2219 2469 probandum
2243 2429 2333 2470 quod
2357 2436 2492 2471 utraque

1417 2483 1553 2514 persona
1578 2479 1624 2503 est
1647 2472 1826 2504 distinctiva
1853 2472 2031 2514 specierum
2059 2473 2215 2504 luxuriae:
2249 2483 2331 2514 quae
2361 2473 2493 2511 omitto,

1417 2517 1491 2559 quia
1512 2517 1582 2548 'non
1607 2523 1682 2548 sunt
1705 2524 1816 2548 contra
1840 2527 1910 2548 nos.

1472 2562 1511 2593 V.
1535 2562 1586 2593 Ad
1605 2562 1723 2592 horum
1739 2562 1942 2599 evidentiam,
1960 2562 2127 2593 sciendum
2142 2569 2189 2593 est
2205 2562 2304 2603 quod.
2322 2562 2348 2593 si
2368 2563 2408 2594 de
2423 2572 2493 2604 spe-

1415 2606 1523 2637 ciebus
1548 2606 1691 2638 luxuriae
1714 2607 1917 2648 loquendum
1941 2614 1988 2638 est
2012 2606 2094 2637 sicut
2117 2607 2156 2638 de
2173 2607 2340 2647 speciebus
2362 2607 2457 2647 gulae
2466 2607 2494 2644 ⁴¹,
2523 2612 2532 2622 ·

1417 2658 1452 2683 ut
1475 2651 1593 2682 scilicet
1617 2651 1816 2692 assignentur
1838 2651 1960 2693 species
1976 2661 2091 2682 omnes
2104 2651 2248 2683 luxuriae
2268 2658 2334 2683 tam
2351 2651 2495 2683 mortalis

1416 2706 1516 2737 quam
1539 2706 1607 2727 non
1630 2696 1774 2727 mortalis
1798 2696 1975 2727 secundum
1997 2695 2142 2736 proprias
2158 2706 2268 2727 earum
2285 2696 2434 2733 rationes,
2451 2696 2495 2728 sic

1416 2741 1530 2782 procul
1554 2740 1654 2771 dubio
1678 2747 1753 2772 sunt
1776 2740 1883 2781 plures
1906 2740 2028 2782 species
2051 2740 2194 2772 luxuriae
2217 2750 2316 2782 quam
2339 2740 2417 2772 istae
2441 2750 2495 2772 sex

1415 2785 1467 2816 hic
1492 2791 1706 2816 enumeratae.
1731 2786 1814 2816 Sunt
1836 2785 1932 2821 enim,
1958 2785 2040 2816 ultra
2063 2785 2138 2816 istas
2154 2794 2218 2822 sex,
2235 2793 2349 2816 omnes
2373 2784 2494 2826 species

1415 2840 1499 2872 quae
1522 2830 1731 2861 attenduntur
1752 2830 1932 2861 secundum
1949 2829 2200 2861 circumstantias
2217 2829 2355 2862 diversas
2377 2829 2494 2860 haben-

1416 2882 1462 2906 tes
1487 2875 1610 2906 diversa
1633 2875 1773 2906 motiva:
1798 2882 1876 2916 puta
1900 2884 1975 2906 cum
1991 2885 2028 2906 ex
2044 2875 2115 2905 solo
2131 2874 2256 2906 motivo
2275 2874 2495 2906 delectationis

1417 2919 1607 2960 coniugatus
1631 2919 1797 2960 cognoscit
1818 2929 1922 2956 suam,
1946 2926 1978 2950 et
2000 2919 2045 2950 sic
2068 2919 2107 2950 de
2124 2919 2202 2951 aliis.
2228 2919 2268 2951 Et
2283 2918 2345 2950 hoc
2362 2918 2495 2952 convin-

1417 2964 1498 2995 citur
1521 2974 1558 2995 ex
1583 2964 1732 2995 Auctoris
1757 2964 1900 2995 doctrina
1924 2964 1963 2994 de
1987 2963 2230 2995 circumstantiis
2254 2962 2403 2994 dantibus
2423 2973 2492 3004 spe-

1390 3040 1392 3052 Ι
1418 3009 1499 3039 ciem
1513 3009 1539 3039 ¹⁸.
1565 3009 1615 3045 Et,
1634 3015 1669 3039 ut
1693 3009 1812 3050 patebit
1825 3008 1869 3046 ⁴²¹¹,
1888 3008 1984 3040 etiam
2001 3008 2032 3038 in
2051 3009 2109 3040 hac
2126 3007 2256 3038 materia
2272 3007 2334 3038 hoc
2353 3006 2494 3038 insinua-

1417 3053 1462 3084 vit
1477 3055 1609 3089 Auctor,
1622 3053 1696 3083 alibi
1713 3059 1745 3084 et
1761 3052 1821 3084 hic.
1839 3053 1901 3084 Sed
1917 3053 2082 3094 loquendo
2099 3053 2138 3083 de
2153 3051 2277 3083 luxuria
2297 3051 2492 3092 simpliciter,

1390 3102 1392 3131 ξ
1417 3105 1448 3129 et
1479 3098 1657 3128 secundum
1688 3105 1950 3128 consummatum
1981 3097 2068 3128 illius
2099 3103 2207 3128 actum
2236 3097 2415 3127 secundum
2446 3107 2493 3128 se-

297 3139 476 3179 telligibilis.
510 3140 623 3180 Arguit
646 3150 720 3180 ergo
751 3141 841 3181 quod
871 3148 1037 3180 peccatum
1061 3142 1308 3182 coniugatorum
1331 3142 1364 3172 in
1390 3134 1392 3153 ³

1416 3142 1544 3183 ipsum,
1570 3149 1601 3173 et
1624 3143 1804 3174 secundum
1827 3151 2036 3174 communem
2060 3141 2238 3173 doctrinam
2263 3141 2492 3182 theologorum

1417 3187 1645 3218 rationabiliter
1668 3187 1825 3223 traditam.
1850 3187 1895 3218 sic
1910 3187 1988 3218 istae
2003 3195 2058 3217 sex
2073 3193 2200 3218 tantum
2216 3185 2336 3226 species
2350 3185 2494 3217 luxuriae

1418 3238 1596 3272 ponuntur.
2077 3247 2083 3249 >

1474 3276 1565 3312 Dixi,
1590 3276 1630 3306 de
1653 3274 1793 3307 lux-uria⁴
1812 3275 2019 3316 simpliciter,
2046 3274 2084 3305 ad
2114 3273 2322 3305 differentiam
2350 3274 2493 3307 luxuriae

1418 3321 1597 3351 secundum
1621 3320 1709 3362 quid.
1741 3318 1907 3358 Quoniam
1933 3318 2058 3350 luxuria
2085 3318 2271 3359 simpliciter
2294 3325 2326 3350 et
2348 3319 2494 3350 absolute

1418 3364 1574 3405 significat
1597 3370 1763 3405 peccatum
1787 3372 1844 3394 seu
1859 3362 1975 3394 vitium
1991 3372 2028 3394 ex
2044 3373 2104 3394 suo
2121 3373 2234 3403 genere
2251 3364 2394 3400 mortale,
2413 3363 2494 3394 sicut

1419 3409 1591 3440 iniustitia:
1616 3415 1648 3440 et
1670 3418 1738 3440 non
1760 3408 1821 3439 nisi
1845 3417 1882 3439 ex
1904 3407 2146 3448 imperfectione
2169 3415 2275 3444 actus,
2299 3417 2356 3440 seu
2380 3417 2493 3440 secun-

1420 3454 1499 3484 dum
1522 3453 1611 3495 quid,
1634 3459 1728 3484 sonat
1750 3458 1878 3493 peccata
1894 3451 2028 3483 venialia
2048 3454 2129 3483 circa
2143 3462 2286 3484 venerea.
2311 3452 2352 3484 Et
2375 3462 2412 3483 ex
2430 3452 2493 3483 hoc

1420 3497 1568 3539 provenit
1591 3497 1681 3538 quod
1704 3496 1824 3538 species
1847 3495 1915 3527 eius
1939 3506 2005 3528 non
2022 3504 2097 3528 sunt
2113 3496 2171 3528 nisi
2188 3497 2260 3528 illae
2283 3506 2366 3538 quae
2382 3506 2492 3528 secun-

1421 3543 1500 3572 dum
1523 3551 1596 3572 suas
1620 3541 1764 3582 proprias
1791 3540 1928 3572 rationes
1957 3548 2032 3572 sunt
2059 3548 2186 3582 peccata
2216 3541 2371 3572 mortalia.
2406 3540 2493 3572 Haec

1394 3615 1395 3622 ,
1421 3593 1529 3618 autem
1553 3586 1660 3617 solum
1684 3592 1759 3616 sunt
1783 3586 1960 3626 praedictae
1985 3596 2047 3617 sex.
2079 3586 2194 3617 Merito
2225 3586 2320 3626 igitur
2349 3585 2492 3616 luxuriae

1422 3631 1605 3672 simpliciter
1628 3630 1698 3661 illae
1723 3637 1847 3661 tantum
1874 3631 1992 3670 species
2017 3638 2091 3661 sunt
2123 3630 2298 3671 assignatae
2327 3638 2410 3671 quae
2433 3629 2492 3659 sub

2518 1064 2624 1113 crint-3³⁰
2670 1070 2701 1086 η’
2720 1075 2732 1080 “

2517 1121 2692 1167 Pataita}

2518 1171 2602 1194 Lomb.

2674 1097 2730 1120 ,(ΙΙΙ·

2521 2080 2533 2091 ·
2548 2079 2587 2102 Ad
2672 2085 2736 2103 eom.

2522 2086 2656 2130 coron-''i‘’-

2521 2133 2579 2156 dus.
2594 2133 2637 2156 1⁸⁶.

2522 2161 2532 2172 ·
2545 2159 2580 2183 Cf.
2597 2166 2662 2183 nan.
2677 2167 2708 2184 ιι.

2671 2355 2734 2374 cont.

2521 2377 2603 2400 eoroll.
2678 2384 2736 2401 eon-

2521 2404 2578 2426 cluo.
2594 2404 2637 2427 1⁸⁸.

2589 2617 2606 2641 ,Ω

2607 2618 2629 2635 ιι.
2639 2617 2736 2641 muti,

2558 2645 2602 2666 ἶ*

2522 3016 2533 3026 ·
2553 3015 2590 3039 Cf.
2610 3016 2656 3039 1·-
2679 3016 2735 3044 11¹⁸,

2521 3048 2560 3071 qu.
2569 3049 2637 3071 xvm,
2646 3047 2689 3066 art.
2698 3049 2734 3069 ιος

2520 3073 2736 3125 saffira..
