2768 4198
0 949 5 961 ³
21 949 77 971 Loc.
93 947 132 970 eit.

9 2841 223 2890 ῬΠἫςιἜινμ

9 2872 92 2894 nrt-n

9 2898 52 2918 m.
67 2900 112 2923 1,a
141 2900 163 2916 2.

12 3057 95 3107 3⁰3.

33 3115 134 3143 clv-¹¹,

12 3117 225 3164 s.·rh.1ect.⁰xxvin.

13 3222 90 3243 ’An-t.
106 3227 123 3243 ι.

98 3063 140 3085 vu,
150 3062 205 3079 1102.
215 3068 227 3073 ·

108 3073 164 3137 leia¹¹
172 3089 226 3106 vm.

896 223 1166 269 QUAESTIO
1197 223 1372 270 CXXIII,
1401 223 1702 260 ARTICULUS
1733 223 1779 258 lll

289 306 324 343 3.
355 306 595 351 PRAETEREA,
631 315 776 340 nomen
813 302 1041 340 fortitudinis
1078 314 1100 339 a
1128 302 1308 339 firmitate
1336 307 1338 309 '

234 366 430 407 sumptum
469 369 551 394 esse
589 357 751 394 videtur.
792 356 869 393 Sed
895 356 1067 404 firmiter
1097 367 1137 392 se
1171 357 1311 392 hahere

233 411 396 462 pertinet
432 410 481 448 ad
519 422 679 447 omnem
715 409 916 457 virtutem,
954 418 996 446 ut
1034 409 1168 446 dicitur
1205 410 1244 447 in
1277 411 1308 446 II

173 475 205 512 vs
232 464 353 502 Ethic.
378 464 399 486 '¹‘
427 465 529 512 Ergo
559 463 741 500 fortitudo
773 471 828 500 est
856 463 1041 511 generalis
1068 463 1200 500 virtus.

289 519 364 555 SED
393 529 542 555 CONTRA
569 528 636 554 EST
659 516 766 566 quod
795 516 832 553 in
862 517 969 553 XXII
989 517 1134 554 Moral.
1155 516 1187 563 ²⁸,
1218 517 1312 554 Gre-

234 571 363 620 gorius
393 578 645 608 connumerat
674 582 760 607 earn
790 570 871 607 aliis
899 570 1114 607 virtutibus.

289 626 517 662 REspouoEo
555 636 742 661 DlCENDUM
778 624 904 673 quod,
936 624 1031 661 sicut
1067 636 1182 673 supra
1203 623 1224 646 *
1257 623 1312 661 di·
1339 622 1342 645 ³

236 686 339 715 ctum
360 685 427 725 est,
449 690 593 715 nomen
621 677 849 715 fortitudinis
870 678 1069 727 dupliciter
1097 677 1217 727 accipi
1245 690 1313 726 po-

235 739 318 769 test.
357 731 446 770 Uno
475 733 617 779 modo,
648 732 862 769 secundum
893 731 1000 780 quod
1037 732 1210 769 absolute
1244 731 1314 768 im-

235 792 362 834 portat
390 785 589 834 quandam
618 785 736 822 animi
764 785 999 822 firmitatem.
1030 786 1079 822 Et
1099 785 1314 822 secundum

236 840 311 876 hoc
341 847 397 876 est
424 839 612 888 generalis
639 839 773 886 virtus,
802 840 866 876 vel
899 838 1026 888 potius
1054 839 1222 876 conditio
1253 851 1316 875 cu·
1343 839 1344 869 ἰ

235 891 387 929 iuslibet
414 893 584 930 virtutis:
615 893 705 942 quia
734 893 830 929 sicut
849 892 1109 941 Philosophus
1139 892 1247 939 dicit,
1278 892 1316 928 in

237 946 463 987 11Ethic.*,
494 946 543 984 ad
570 946 753 984 virtutem
782 945 985 995 requiritur
1006 946 1173 993 firmiter
1195 951 1232 982 et
1248 946 1317 982 im-

237 999 424 1037 mobiliter
451 1001 615 1049 operari
646 1022 671 1029 -
699 1000 785 1037 Alio
815 1000 936 1037 modo
954 1006 1081 1048 potest
1104 998 1224 1047 accipi
1245 998 1318 1035 for·

238 1053 360 1091 titudo
381 1055 597 1092 secundum
618 1054 725 1103 quod
747 1054 931 1102 importat
948 1052 1170 1090 firmitatem
1200 1051 1317 1088 animi
1346 1086 1347 1103 χ

238 1107 277 1144 in
296 1107 529 1145 sustinendis
549 1116 586 1145 et
605 1107 834 1157 repellendis
852 1105 940 1143 his
931 1118 970 1142 in
989 1105 1129 1153 quibus
1149 1105 1318 1142 maxime
1346 1122 1347 1142 i

239 1160 392 1199 difficile
422 1170 478 1198 est
506 1161 728 1199 firmitatem
757 1161 920 1205 habere,
950 1158 1092 1196 scilicet
1119 1158 1157 1194 in
1187 1158 1319 1207 aliqui-

239 1215 312 1252 bus
339 1215 518 1264 periculis
537 1214 731 1263 gravibus.
761 1213 873 1251 Unde
893 1211 1044 1249 Tullius
1073 1211 1171 1258 dicit,
1192 1211 1231 1249 in
1251 1225 1320 1249 sua

202 1282 213 1320 j
238 1269 444 1307 Rhetorica
463 1268 505 1316 ξ
526 1268 634 1317 quod
650 1267 842 1317 fortitudo
871 1271 926 1303 est
952 1265 1189 1303 considerata
1217 1267 1319 1314 peri-

238 1322 415 1360 culorum
451 1322 635 1371 susceptio
671 1326 708 1358 et
740 1321 917 1358 laborum
946 1319 1154 1368 perpessio.
1189 1319 1239 1356 Et
1267 1319 1321 1356 sic

241 1375 421 1414 fortitudo
448 1375 604 1425 ponitur
621 1373 796 1424 specialis
813 1373 946 1421 virtus,
967 1380 1099 1422 utpote
1119 1373 1319 1410 materiam

243 1429 536 1468 determinatam
565 1428 726 1465 habens.

295 1485 355 1520 An
375 1493 514 1520 ramum
533 1493 633 1519 ano
654 1492 841 1519 mcENDUM
862 1479 968 1530 quod
997 1479 1212 1517 secundum
1232 1478 1320 1516 Phi-
1348 1522 1350 1527 Ι

241 1536 463 1586 losophum,
483 1535 522 1573 in
542 1536 556 1572 I
577 1535 623 1572 de
646 1534 761 1573 Caelo
775 1533 807 1581 ²¹⁸,
829 1545 976 1572 nomen
994 1533 1142 1571 virtutis
1161 1533 1322 1570 refertur
1348 1530 1350 1547 ³

242 1589 291 1628 ad
321 1590 494 1627 ultimum
516 1589 721 1638 potentiae.
757 1587 904 1625 Dicitur
932 1594 1061 1625 autem
1091 1599 1170 1624 uno
1199 1586 1320 1624 modo

2417 234 2439 270 7

1365 302 1536 351 potentia
1565 301 1746 339 naturalis
1775 301 1989 338 secundum
2019 313 2137 350 quam
2163 301 2298 349 aliquis
2319 309 2443 350 potest

1366 356 1539 393 resistere
1569 355 1925 404 corrumpentibus,
1956 355 2030 392 alio
2068 355 2188 391 modo
2227 355 2441 392 secundum

1367 410 1473 459 quod
1502 418 1558 446 est
1586 409 1817 458 principium
1845 409 2001 457 agendi:
2031 416 2073 444 ut
2096 415 2200 456 patet
2228 408 2266 444 in
2294 408 2329 444 V
2357 409 2442 445 Me-

1367 465 1514 512 taphys.
1534 463 1554 485 ²¹⁶
1584 464 1634 500 Et
1662 463 1772 510 ideo,
1803 463 1893 511 quia
1921 463 2018 499 haec
2048 461 2219 510 acceptio
2254 469 2310 498 est
2339 474 2444 498 com-

1368 517 1535 563 munior,
1557 529 1701 553 nomen
1729 516 1876 554 virtutis
1905 515 2118 553 secundum
2140 515 2245 564 quod
2266 515 2446 564 importat

1340 605 1341 608 ,
1370 570 1545 607 ultimum
1574 570 1656 607 talis
1685 570 1890 619 potentiae,
1913 578 1968 607 est
1989 581 2219 606 commune:
2250 581 2340 606 nam
2370 570 2444 606 vir-

1367 632 1428 661 tus
1458 623 1716 661 communiter
1745 632 1897 673 sumpta
1916 623 2007 660 nihil
2036 631 2093 659 est
2112 623 2213 660 aliud
2243 634 2360 671 quam
2380 623 2445 659 ha-

1369 678 1465 715 bitus
1492 689 1566 726 quo
1596 678 1679 726 quis
1700 683 1826 726 potest
1851 678 1944 714 bene
1971 677 2127 726 operari
2149 676 2180 713 *.
2221 677 2445 713 Secundum

1372 838 1496 884 cialis,
1526 838 1740 875 attribuitur
1774 838 1927 887 speciali
1955 837 2103 885 virtuti,
2134 837 2275 874 scilicet
2303 837 2447 874 fortitu-

1373 891 1463 936 dini,
1484 891 1534 928 ad
1554 903 1672 940 quam
1692 891 1854 940 pertinet
1873 891 2034 929 firmiter
2054 899 2153 928 stare
2174 898 2307 928 contra
2331 903 2447 940 quae-

1345 981 1346 984 ,
1373 957 1542 993 cumque
1571 944 1845 994 impugnantia.

1427 999 1487 1034 AD
1506 1009 1700 1035 SECUNDUM
1726 1009 1912 1035 DICENDUM
1935 997 2041 1046 quod
2057 998 2286 1034 Ambrosius
2315 997 2451 1047 accipit

1346 1077 1347 1083 η
1374 1050 1635 1088 fortitudinem
1652 1052 1768 1098 large,
1784 1051 1999 1087 secundum
2016 1051 2145 1100 quod'
2137 1059 2319 1111 importat
2334 1051 2448 1088 animi

1374 1104 1596 1142 firmitatem
1639 1111 1814 1152 respectu
1856 1116 2191 1152 quorumcumque
2224 1104 2452 1154 impugnan-

1375 1157 1482 1194 tium.
1513 1179 1537 1185 -
1568 1158 1617 1194 Et
1635 1166 1766 1194 tamen
1787 1157 1902 1194 etiam
1923 1157 2136 1195 secundum
2158 1159 2265 1218 quod
2285 1166 2341 1195 est
2368 1171 2452 1208 spe-

1376 1211 1478 1248 cialis
1494 1211 1615 1248 virtus
1630 1212 1777 1248 habens
1794 1211 2086 1248 determinatam
2103 1211 2317 1258 materiam,
2339 1212 2452 1249 coad-

1376 1265 1482 1302 iuvat
1509 1265 1559 1302 ad
1593 1264 1848 1302 resistendum
1885 1265 2243 1314 impugnationibus
2277 1265 2453 1302 omnium

1348 1350 1349 1363 ἶ
1375 1318 1571 1355 vitiorum.
1611 1318 1689 1365 Qui
1719 1318 1823 1355 enim
1851 1326 1978 1367 potest
2006 1318 2167 1355 firmiter
2201 1327 2299 1355 stare
2329 1318 2367 1355 in
2395 1320 2453 1356 his

1348 1399 1349 1411 i
1377 1384 1477 1421 quae
1497 1379 1584 1408 sunt
1604 1371 1827 1409 difficillima
1847 1372 1895 1410 ad
1917 1372 2196 1419 sustinendum,
2214 1384 2454 1421 consequens

1377 1433 1434 1462 est
1461 1426 1566 1475 quod
1601 1425 1647 1462 sit
1676 1425 1839 1463 idoneus
1877 1426 1926 1463 ad
1955 1426 2209 1463 resistendum
2247 1426 2326 1463 aliis
2355 1439 2454 1476 quae

1377 1486 1465 1516 sunt
1493 1478 1622 1516 minus
1651 1478 1831 1516 difficilia.

1430 1534 1490 1570 An
1509 1544 1671 1570 TERTIUM
1700 1544 1887 1570 DICENDUM
1908 1534 2015 1581 quod
2044 1533 2210 1570 obiectio
2231 1533 2290 1570 illa
2321 1546 2454 1582 proce-

1349 1628 1351 1633 ,
1378 1586 1431 1624 dit
1461 1587 1508 1624 de
1538 1586 1756 1624 fortitudine
1786 1586 1912 1636 primo
1942 1587 2063 1624 modo
2093 1587 2193 1624 dicta
2207 1586 2238 1623 ²¹².

1055 1733 1378 1776 ARTICULUS
1408 1732 1641 1775 TERTIUS

717 1829 874 1860 UTRUM
898 1827 1158 1859 FORTiTUDo
1183 1827 1252 1858 srr
1276 1826 1409 1858 (ΗΒΕΑ
1434 1826 1630 1858 TiMOREs
1661 1827 1719 1857 ET
1742 1826 1963 1858 AUDAciAs

1198 1907 1228 1931 111
1249 1906 1339 1932 Ethic.
1347 1924 1354 1935 ‚

333 1997 340 2019 ι
368 2009 394 2023 ,,
432 2000 436 2008 «
459 1992 482 2018 1)
501 1991 664 2017 TERTmM
685 1991 739 2016 Sic
764 1990 1006 2016 PROCEmTUR.
1027 1978 1189 2015 Videtur
1217 1978 1323 2027 quod

460 2033 641 2072 fortitudo
671 2045 750 2070 non
770 2032 816 2069 sit
845 2032 944 2069 circa
971 2032 1132 2069 timores
1153 2039 1189 2069 et
1208 2032 1326 2069 auda-

461 2088 550 2125 cias.
571 2087 669 2124 Dicit
685 2087 789 2124 enim
805 2086 1027 2134 Gregorius,
1042 2086 1112 2123 VII
1122 2085 1270 2122 Moral.
1286 2085 1323 2121 *ε

430 2150 449 2172 1
484 2147 654 2178 ustorum
671 2140 862 2200 fortitudo
891 2145 944 2176 est
971 2151 1127 2176 carnem
1160 2139 1324 2184 vincere,

239 2195 410 2245 propriis
426 2195 679 2244 voluptatibus
702 2193 905 2239 contraire,
925 2193 1207 2230 delectationem
1227 2193 1327 2229 vitae

241 2249 451 2300 praesentis
483 2249 719 2298 extinguere.
759 2247 862 2295 Ergo
899 2246 1080 2284 fortitudo
1119 2246 1241 2294 magis
1269 2246 1326 2283 vi—

246 2303 357 2342 detur
385 2314 468 2339 esse
489 2301 588 2339 circa
609 2300 881 2339 delectationes
901 2313 1019 2349 quam
1042 2299 1140 2338 circa
1168 2300 1326 2337 timores
1353 2302 1354 2305 ’

246 2365 284 2394 et
311 2355 504 2394 audacias.

302 2422 337 2448 2.
357 2411 595 2455 PRAETEREA,
616 2408 767 2446 Tullius
796 2408 896 2451 dicit,
917 2407 956 2445 in
981 2419 1052 2445 sua
1069 2407 1275 2445 Rhetorica
1294 2407 1326 2455 *,

212 2456 354 2513 quod
382 2463 431 2501 ad
459 2462 721 2500 fortitudinem
741 2461 904 2512 pertinet
930 2461 1114 2510 susceptio
1138 2460 1355 2511 periculo-

247 2530 334 2556 rum
363 2523 399 2554 et
419 2517 613 2566 perpessio
641 2516 831 2554 laborum.
862 2516 939 2553 Sed
967 2516 1044 2552 hoc
1072 2527 1152 2553 non
1175 2515 1328 2553 videtur
1354 2488 1356 2556 l

247 2570 438 2621 pertinere
467 2570 516 2608 ad
531 2569 756 2630 passionem
784 2569 931 2607 timoris
949 2570 1012 2607 vel
1041 2568 1237 2616 audaciae,
1258 2569 1356 2607 sed

249 2625 372 2673 magis
399 2624 449 2662 ad
468 2624 639 2662 actiones
667 2623 836 2661 hominis
863 2623 1088 2670 laboriosas,
1109 2624 1171 2660 vel
1191 2623 1240 2660 ad
1266 2635 1326 2660 ex-

248 2678 405 2716 teriores
434 2690 495 2715 res
522 2677 767 2727 periculosas.
806 2677 911 2726 Ergo
948 2677 1130 2715 fortitudo
1164 2689 1244 2714 non
1273 2684 1356 2714 est

250 2734 350 2770 circa
377 2731 535 2768 timores
564 2738 602 2768 et
629 2730 821 2768 audacias.

307 2787 341 2824 3.
364 2786 602 2832 PRAETEREA,
621 2784 750 2822 timori
771 2797 849 2822 non
879 2784 1009 2822 solum.
1034 2783 1244 2834 opponitur
1263 2796 1328 2821 au·
1355 2788 1357 2793 “

251 2839 381 2887 dacia,
411 2839 480 2877 sed
510 2838 624 2876 etiarn
654 2851 763 2888 spes:
795 2846 842 2875 -ut
870 2850 986 2887 supra
1007 2838 1025 2858 *
1055 2837 1229 2875 habiturn
1259 2846 1327 2885 est,

252 2905 341 2931 cum
370 2892 418 2931 de
436 2892 679 2942 passionibus
698 2899 882 2940 ageretur.
913 2892 1016 2940 Ergo
1037 2891 1219 2929 fortitudo
1249 2904 1328 2929 non
1356 2892 1357 2933 ἱ

252 2946 374 2995 magis
411 2947 527 2984 debet
565 2958 648 2983 esse
692 2945 791 2983 circa
829 2945 1033 2982 audaciam
1072 2957 1191 2993 quam
1229 2945 1329 2982 circa

253 3013 375 3051 spem.

1356 2976 1358 2997 l

308 3055 383 3092 SED
403 3065 551 3091 CONTRA
570 3065 637 3091 Esr
656 3053 763 3103 quod
790 3051 1049 3101 Philosophus
1079 3051 1179 3098 dicit,
1199 3051 1238 3088 in
1259 3053 1290 3088 Il
1310 3051 1331 3073 *
1356 3056 1358 3071 “

254 3116 291 3146 et
318 3108 358 3145 in
387 3108 436 3144 III
457 3106 477 3129 ’¹‘
503 3107 640 3154 Ethic„
670 3107 775 3156 quod
801 3106 985 3154 fortitudo
1014 3111 1069 3142 est
1094 3106 1197 3142 circa
1221 3105 1328 3142 timo-

254 3173 335 3198 rem
364 3166 401 3198 et
425 3161 642 3198 audaciam.

309 3215 537 3252 REsrounEo
566 3225 753 3252 mei-:nunu
782 3213 901 3263 quod,
930 3212 1025 3249 sicut
1048 3212 1192 3249 dictum
1222 3220 1279 3249 est
1296 3211 1328 3259 ²¹²,

256 3267 304 3305 ad
325 3273 342 3288 ⁸
369 3268 550 3305 virtutem
579 3267 808 3305 fortitudinis
836 3266 999 3316 pertinet
1027 3277 1230 3303 removere
1258 3265 1329 3302 im-

255 3321 524 3370 pedimentum
560 3334 637 3370 quo
676 3321 878 3358 retrahitur
909 3320 1089 3357 voluntas
1122 3332 1144 3357 a
1173 3320 1329 3368 sequela

258 3374 424 3411 rationis.
455 3375 574 3421 Quod
593 3383 723 3412 autem
744 3374 879 3424 aliquis
899 3374 1112 3412 retrahatur
1130 3374 1179 3411 ab
1200 3373 1328 3422 aliquo

259 3427 412 3475 difficili,
427 3427 589 3476 pertinet
607 3429 656 3466 ad
677 3428 864 3466 rationem
885 3427 1044 3475 timoris,
1064 3428 1130 3476 qui
1149 3427 1330 3476 importat
1355 3467 1358 3469 ,

313 3544 340 3575 α)
360 3543 406 3568 ad.
417 3556 437 3562 —
454 3543 528 3575 quod
544 3543 583 3568 ad
599 3542 791 3569 ABDEFGKa.
1361 3548 1363 3579 l

314 3579 339 3612 β)
359 3579 438 3604 huius
458 3579 561 3604 mundi.
573 3593 592 3598 -
609 3578 764 3604 huiusmodi
781 3580 810 3604 P.
1361 3585 1363 3608 l

1375 1907 1433 1931 lect.
1452 1914 1502 1931 xlv.

1380 1990 1576 2015 recessum
1603 1978 1800 2027 quendam
1821 1989 1844 2014 a
1859 1978 1963 2015 malo
1985 1977 2247 2015 difficultatem
2268 1979 2456 2016 habente:

1380 2040 1420 2069 ut
1448 2044 1565 2081 supra
1586 2033 1605 2052 *
1633 2032 1808 2068 habitum
1839 2040 1906 2078 est,
1929 2044 2016 2068 cum
2039 2032 2087 2068 de
2106 2032 2351 2092 passionibus
2371 2045 2457 2082 age-

1381 2093 1494 2123 retur.
1525 2086 1574 2122 Et
1602 2085 1690 2122 ideo
1720 2085 1898 2122 fortitudo
1919 2085 2174 2134 principaliter
2203 2094 2260 2122 est
2289 2086 2388 2124 circa
2416 2087 2458 2124 ti-

1381 2151 1511 2176 mores
1541 2151 1671 2175 rerum
1701 2130 1926 2184 difficilium,
1956 2150 2055 2198 quae
2085 2140 2276 2176 retrahere
2299 2149 2461 2189 possunt

1379 2193 1622 2230 voluntatem
1651 2204 1672 2228 a
1701 2193 1858 2241 sequela
1888 2192 2055 2229 rationis.
2085 2213 2110 2220 -
2141 2193 2304 2241 Oportet
2332 2202 2460 2231 autem

1380 2245 1604 2284 huiusmodi
1634 2258 1762 2283 rerum
1797 2245 2010 2283 difficilium
2045 2246 2253 2295 impulsum
2293 2260 2370 2285 non
2401 2260 2461 2285 so-

1381 2300 1460 2336 lum
1497 2299 1660 2337 firmiter
1696 2300 1859 2337 tolerare
1896 2299 2113 2337 cohibendo
2153 2300 2352 2347 timorem,
2393 2302 2460 2339 sed

1382 2353 1498 2391 etiam
1528 2353 1728 2391 moderate
1757 2354 1932 2402 aggredi:
1963 2354 2120 2402 quando
2150 2354 2292 2392 scilicet
2311 2363 2463 2405 oportet

1354 2424 1355 2429 ¹
1383 2419 1428 2444 ea
1457 2407 1723 2453 exterminare,
1749 2408 1798 2444 ad
1827 2407 2071 2444 securitatem
2101 2408 2139 2445 in
2168 2416 2366 2457 posterum
2395 2409 2462 2446 ha-

1382 2461 1565 2499 bendam.
1597 2461 1715 2509 Quod
1734 2461 1888 2498 videtur
1906 2461 2095 2510 pertinere
2117 2462 2165 2499 ad
2187 2462 2375 2500 rationem
2396 2476 2460 2500 au-

1382 2515 1526 2553 daciae.
1557 2515 1606 2552 Et
1635 2515 1722 2552 ideo
1743 2515 1923 2552 fortitudo
1954 2523 2010 2552 est
2039 2515 2138 2553 circa
2156 2515 2314 2553 timores
2336 2524 2371 2553 et
2396 2530 2461 2554 au-

1354 2569 1522 2626 dacias,
1552 2569 1662 2617 quasi
1693 2569 1902 2606 cohibitiva
1930 2569 2125 2616 timorum,
2156 2577 2193 2606 et
2220 2570 2460 2608 moderativa

1354 2599 1630 2661 audaciarum
1650 2622 1681 2660 *.

1435 2679 1495 2714 An
1523 2689 1662 2714 PRIMUM
1689 2687 1788 2713 ERGO
1822 2687 2013 2713 mei-:noum
2040 2676 2147 2725 quod
2172 2676 2382 2725 Gregorius
2411 2677 2463 2715 ibi

1383 2731 1552 2779 loquitur
1579 2730 1627 2768 de
1657 2729 1875 2767 fortitudine
1905 2729 2092 2767 iustorum
2123 2731 2335 2767 secundum
2356 2732 2462 2780 quod

1384 2784 1640 2822 communiter
1659 2797 1701 2821 se
1730 2784 1847 2820 habet
1866 2783 1915 2821 ad
1935 2796 2095 2820 omnem
2123 2783 2319 2823 virtutem.
2349 2785 2461 2823 Unde

1383 2838 1591 2888 praemittit
1619 2837 1812 2888 quaedam
1833 2836 2060 2886 pertinentia
2080 2837 2129 2875 ad
2153 2839 2461 2887 temperantiam,

1383 2900 1426 2929 ut
1455 2891 1597 2929 dictum
1629 2900 1686 2928 est
1704 2891 1744 2928 *ε
1775 2899 1812 2927 et
1836 2891 1964 2928 subdit
1993 2891 2039 2928 de
2068 2891 2127 2928 his
2156 2904 2256 2939 quae
2276 2893 2463 2941 pertinent
2491 2902 2500 2912 ·

1384 2946 1538 2996 proprie
1568 2945 1618 2982 ad
1637 2944 1901 2982 fortitudinem
1922 2945 2136 2982 secundum
2157 2946 2263 2994 quod
2293 2954 2349 2983 est
2378 2959 2461 2995 spe—

1356 3011 1358 3027 1
1385 2999 1489 3037 cialis
1516 2999 1659 3046 virtus,
1690 2998 1842 3036 dicens:
1876 2999 1988 3035 huius
2016 2999 2150 3036 mundi
2176 2997 2191 3028 β
2219 3011 2355 3048 aspera
2386 3012 2462 3048 pro

1384 3053 1547 3091 aeternis
1569 3053 1754 3102 praemiis
1781 3064 1928 3089 amare.

1438 3109 1499 3144 An
1527 3118 1722 3144 SECUNDUM
1751 3117 1937 3143 DlCENDUM
1957 3106 2062 3154 quod
2082 3118 2142 3142 res
2168 3106 2406 3154 periculosae
2427 3115 2464 3144 et

1386 3168 1491 3197 actus
1521 3159 1701 3197 laboriosi
1739 3172 1817 3196 non
1849 3159 2044 3196 retrahunt
2080 3160 2320 3197 voluntatem
2351 3173 2373 3197 a
2399 3160 2464 3198 via

1386 3213 1543 3250 rationis
1562 3213 1634 3250 nisi
1654 3213 1882 3261 inquantum
1903 3213 2094 3249 timentur.
2125 3213 2174 3249 Et
2200 3212 2288 3250 ideo
2313 3222 2464 3264 oportet

1385 3267 1491 3316 quod
1520 3266 1702 3304 fortitudo
1723 3266 1768 3303 sit
1788 3266 2007 3303 immediate
2029 3266 2128 3303 circa
2156 3266 2312 3304 timores
2334 3275 2370 3304 et
2399 3280 2464 3305 au-

1386 3320 1535 3358 dacias:
1566 3320 1733 3357 mediate
1762 3327 1892 3356 autem
1923 3319 2021 3357 circa
2049 3319 2218 3369 pericula
2243 3328 2280 3358 et
2298 3321 2461 3369 labores,

1385 3374 1481 3411 sicut
1509 3373 1609 3410 circa
1628 3378 1644 3401 Υ
1673 3372 1823 3410 obiecta
1851 3372 2136 3422 praedictarum
2165 3374 2403 3423 passionum.

1438 3429 1498 3464 Ao
1526 3439 1689 3464 ’ri-:arium
1717 3439 1904 3465 mcENDUM
1933 3428 2038 3476 quod
2068 3440 2156 3476 spes
2185 3428 2393 3477 opponitur
2420 3428 2462 3466 ti-

1442 3544 1469 3578 γ)
1489 3544 1571 3569 circa.
1582 3557 1602 3563 -
1621 3543 1684 3568 Om.
1702 3544 1731 3568 P.

2473 471 2479 477 ·
2488 468 2620 491 S.Th.1ect.
2627 475 2687 490 xiv.-

2474 495 2525 517 Did.
2537 495 2624 521 lib.1v,
2634 502 2685 523 cap.

2472 528 2515 549 xil,
2532 528 2555 544 n.
2571 529 2587 544 1.

2475 677 2522 700 ‘Cfi
2530 676 2691 699 Aristonfflie-

2474 704 2588 730 tor.lib.1‚
2598 709 2689 731 capax,

1342 778 1343 781 Ἰ
1370 739 1498 768 autern
1529 731 1635 780 quod
1673 731 1855 780 importat
1882 731 2059 768 ultimum
2087 729 2282 779 potentiae
2319 729 2445 779 primo
2491 746 2497 752 ·

1342 802 1344 837 Ι
1370 785 1491 822 modo
1521 785 1656 832 dictae,
1686 785 1751 834 qui
1779 784 1936 834 quidem
1957 792 2014 821 est
2041 784 2183 821 modus
2212 783 2334 832 magis
2362 796 2447 833 spe-

2484 1587 2492 1596 ·
2510 1585 2546 1607 cf.
2560 1591 2627 1613 σοι-ρ.
2642 1589 2684 1607 art.

2487 2044 2530 2093 ἐν
2539 2044 2596 2092 121“,
2605 2050 2645 2071 qu.
2654 2050 2702 2070 κω,

2491 2621 2500 2630 ⁸
2538 2635 2544 2641 .
2560 2626 2605 2648 255.

2516 2901 2542 2923 In
2556 2908 2582 2923 ar
