2768 4198
0 943 7 994 ,ἡ
0 903 4 931 -Ἴ
0 842 5 873 2va
0 801 3 816 ‹-

82 651 93 663 ⁸
107 652 154 679 Qu.
170 657 207 679 xc,
220 655 260 674 art.
271 659 295 679 ⁴·

78 1095 90 1107 ⁸
98 1094 125 1118 In
134 1100 196 1123 reop-
206 1094 236 1116 ad
245 1101 293 1123 arg.

77 1127 95 1176 1⁴.
109 1125 172 1144 eom.
189 1122 294 1143 conclus.

1001 260 1269 306 QUAESTIO
1299 260 1435 304 CLIV,
1466 259 1764 296 ARTICULUS
1796 259 1843 295 lll

2444 260 2518 296 223

378 339 447 370 XV.
473 339 508 369 In
533 329 656 369 eodem*
672 338 806 369 articulo
835 339 994 374 secunde,
1014 338 1047 368 in
1072 338 1155 369 calce
1184 339 1326 377 corporis
1349 348 1396 368 ar-
1423 338 1425 369 1
1452 348 1533 369 sum.
1559 338 1723 375 Quoniam
1746 337 1772 367 si
1797 347 1871 368 cum
1894 337 1953 368 ista
1975 336 2169 367 admissione
2192 344 2252 367 stat
2275 338 2363 377 quod
2389 338 2521 378 simplex

323 384 421 419 ticuli,
442 383 568 414 adverte
590 382 707 423 primo,
732 392 770 412 ex
792 385 932 413 Auctore
955 382 987 412 in
1012 393 1106 413 cxxm
1126 392 1194 422 cap.
1214 383 1253 412 111
1274 383 1395 413 Contra
1422 371 1425 415 l
1451 382 1618 414 fornicatio
1642 390 1688 413 est
1712 383 1750 412 de
1774 391 1807 412 se
1834 389 2001 422 peccatum
2029 381 2178 417 mortale,
2205 381 2307 412 multo
2339 382 2438 422 magis
2463 390 2522 413 stat

325 428 430 465 Gent„
446 428 536 469 quod
550 427 632 457 inter
653 434 740 457 actus
764 427 922 457 naturales
947 427 1015 457 sola
1030 426 1191 466 generatio
1216 426 1331 458 directe
1348 437 1396 457 or—
1422 434 1424 464 ᾗ

1451 427 1518 457 sine
1541 427 1599 458 ista
1623 426 1827 457 admissione.
1853 426 1947 457 Unde
1965 425 2185 467 amplectenda
2205 432 2270 456 erat
2284 425 2337 456 illa
2357 427 2522 466 responsio

323 473 449 503 dinatur
472 472 512 502 ad
535 481 708 501 commune
738 472 878 501 bonum:
910 471 1063 501 comestio
1097 471 1182 501 enim
1207 478 1236 501 et
1269 471 1328 501 alia
1356 472 1395 502 ad
1422 471 1423 501 1
1451 472 1546 502 etiam
1570 471 1595 501 si
1619 471 1749 501 historia
1773 471 1863 501 aliter
1878 471 1994 511 exponi
2019 470 2130 511 possit.
2156 471 2264 508 Quam
2279 480 2345 500 non
2363 478 2408 500 est
2433 480 2521 510 prae-

323 517 488 557 personale
511 516 636 546 bonum
659 515 855 546 ordinantur.
880 515 921 546 Et
944 523 1110 556 propterea
1134 522 1261 556 oportet
1284 516 1394 546 huius·
1421 504 1423 561 l
1450 515 1546 546 sentis
1571 515 1689 555 negotii
1720 515 1891 546 discutere:
1920 525 1995 546 cum
2026 515 2120 546 etiam
2155 515 2318 545 diversitas
2347 514 2521 545 litterarum

323 561 411 592 modi
435 568 542 591 actum
564 559 687 600 legibus
711 559 824 590 divinis
848 567 879 590 et
901 560 1050 590 humanis
1067 560 1289 590 determinare:
1314 570 1394 601 quo-

323 606 409 637 niam
432 606 472 636 de
494 605 617 636 ratione
633 604 712 644 legis
727 611 774 635 est
798 605 886 644 quod
902 604 1047 645 respiciat
1063 615 1236 635 commune
1260 606 1394 641 bonum,
1421 611 1422 615 ¹

323 657 359 682 ut
382 656 469 690 patet
491 659 529 680 ex
551 648 738 679 definitione
767 649 845 689 legis
873 649 906 679 in
931 649 1129 689 praecedenti
1153 649 1251 680 Libro
1266 649 1284 668 *
1311 650 1394 680 data.
1420 635 1422 699 Ι

377 694 514 725 Adverte
538 693 700 728 secundo,
725 694 814 734 quod
838 693 1005 724 fornicatio
1036 693 1169 734 simplex
1193 693 1395 724 concluditur

321 737 479 769 in.littera
503 745 534 768 et
557 738 646 779 quod
675 745 721 768 est
743 748 843 778 vagus
867 738 1073 774 concubitus,
1098 738 1173 779 quia
1197 745 1243 768 est
1273 744 1395 778 praeter

322 782 574 818 matrimonium,
594 782 683 823 quod
707 782 860 822 importat
878 793 935 823 per
958 793 991 813 se
1006 792 1062 813 seu
1079 783 1221 813 naturale
1245 781 1321 824 (hoc
1338 789 1394 818 est,

322 828 499 858 secundum
523 825 683 869 naturam)
708 827 875 858 vinculum
905 837 1115 867 personarum
1145 827 1331 857 coeuntium
1355 828 1394 857 ad

320 872 576 913 generationem,
608 872 851 908 educationem,
884 872 1143 907 instructionem,
1176 871 1393 902 defensionem

322 916 627 957 promotionemque
651 916 750 956 prolis
774 915 835 958 (est
865 916 1022 957 siquidem
1047 916 1215 947 fornicatio
1244 916 1393 958 concubi-

321 969 372 992 tus
396 960 608 1003 solutorum):
642 968 672 991 et
696 961 786 1002 quod
809 968 856 991 est
879 968 1043 1001 peccatum
1069 960 1218 996 mortale,
1243 960 1318 1000 quia
1349 966 1395 990 est

321 1014 430 1036 contra
454 1007 578 1036 bonum
603 1005 701 1046 prolis
725 1005 916 1036 educandae.

376 1051 461 1081 XVI.
480 1051 514 1080 In
531 1050 740 1090 responsione
755 1050 794 1080 ad
810 1050 986 1080 secundum
1006 1049 1148 1079 eiusdem
1165 1048 1297 1084 articuli,
1313 1049 1394 1078 Mar-

322 1095 407 1126 tinus
432 1095 568 1125 occurrit
581 1095 608 1131 *,
633 1105 699 1125 non
724 1093 862 1125 infitiaris
886 1093 1065 1124 doctrinam
1089 1092 1315 1132 responsionis,
1340 1092 1395 1122 sed

322 1140 566 1170 consonantiam
590 1139 629 1169 ad
654 1139 828 1170 historiam.
854 1139 938 1176 Quia
957 1138 1040 1169 Osee
1065 1147 1130 1167 non
1154 1137 1312 1177 praecepit
1329 1136 1394 1166 Do—

323 1184 430 1216 minus
453 1185 542 1226 quod
565 1183 789 1214 fornicaretur:
817 1183 871 1214 sed
895 1191 966 1213 eam
989 1191 1071 1222 quae
1096 1181 1196 1212 fuerat
1216 1180 1393 1216 fornicaria,

292 1251 300 1256 .
322 1229 476 1270 acciperet
499 1229 532 1259 in
554 1238 698 1259 uxorem.
722 1228 788 1259 Nec
813 1226 972 1268 praecepit
988 1233 1023 1256 ut
1037 1236 1075 1256 ex
1094 1235 1131 1256 ea
1146 1232 1308 1265 generaret
1331 1224 1394 1255 for-

81 2241 91 2252 ’
104 2219 240 2263 Lentu-di.

81 2268 102 2279 '⁸
116 2266 183 2290 Ver..
199 2267 231 2290 ¹8.

79 2564 91 2575 ·
103 2563 170 2586 veru.
185 2563 224 2586 eit

82 3204 91 3213 ⁸
113 3202 202 3224 Mor-al.
227 3202 258 3224 lib

81 3228 191 3256 xxxm,
216 3235 267 3260 cap.

81 3262 123 3279 ιιι,
142 3257 171 3278 al.
190 3262 224 3282 xi,
243 3262 267 3277 m

80 3286 124 3305 vet.
141 3289 177 3304 xv.

322 1273 458 1306 nicando
482 1272 666 1307 filium-sed
691 1279 727 1303 ut
749 1272 814 1302 iam
844 1278 936 1302 natos
959 1270 1043 1301 filios
1066 1269 1253 1300 fornicarios
1282 1269 1395 1299 faceret

318 1319 479 1359 euos‘pe‘r
489 1312 722 1358 idopfionem.
747 1317 788 1348 Et
809 1316 874 1348 hoc
894 1316 1008 1356 probat
1022 1314 1208 1346 auctoritate
1223 1313 1396 1353 Augustini

322 1369 352 1394 et
376 1362 521 1403 Gregorii
537 1361 712 1393 dicentium
731 1361 820 1402 quod
843 1361 1001 1391 meretrix
1015 1364 1143 1399 recepta
1159 1363 1205 1389 est
1221 1359 1253 1388 in
1270 1363 1394 1389 castum

321 1409 521 1449 coniugium,
546 1417 603 1437 seu
626 1405 823 1446 pudicitiam.

321 1585 415 1618 fuerit
445 1585 549 1616 coitus
573 1594 644 1615 vere
672 1582 860 1614 fornicarius
883 1582 1061 1613 secundum
1085 1590 1295 1612 communem
1327 1590 1396 1611 cur-

1284 1663 1338 1672 W

1450 560 1628 590 certitudini
1653 560 1778 590 obstare
1801 559 1954 590 videatur.

1505 605 1603 635 XVII.
1621 605 1655 635 ln
1673 605 1880 644 responsione
1897 605 1936 634 ad
1952 604 2091 640 tertium,
2106 603 2233 635 Martini
2249 604 2395 635 molestia
2416 604 2521 644 primo

1449 649 1635 685 occurrit*‚
1661 649 1741 679 hanc
1771 649 2014 688 responsionem
2044 649 2151 679 dicens
2184 658 2251 678 esse
2281 649 2450 679 obscuram
2474 649 2521 678 ni-

1450 693 1519 724 mis.
1552 693 1636 731 Quia
1666 700 1722 724 aut
1751 693 1883 724 ancillae
1907 701 1995 724 erant
2020 702 2154 724 uxores:
2186 700 2241 724 aut
2271 703 2348 724 non.
2380 693 2412 724 Si
2437 703 2520 730 non,

1450 748 1524 777 ergo
1544 744 1609 768 erat
1624 737 1811 767 fornicarius
1828 738 2026 768 concubitus.
2053 738 2085 769 Si
2109 738 2163 774 sic,
2183 738 2245 768 hoc
2260 745 2325 768 erat
2340 737 2372 768 in
2389 741 2521 778 respon-

1450 781 1539 812 sione
1563 782 1815 822 exprimendum.

1505 826 1651 857 Occurrit
1666 826 1781 856 deinde
1802 826 1913 856 Petrus
1941 827 1980 857 de
1996 827 2126 862 Palude,
2145 826 2176 856 in
2195 826 2329 863 Quarto,
2353 827 2423 857 dist.
2440 837 2520 863 xxxl,

1449 881 1503 911 qu.
1534 882 1559 907 1,
1585 878 1639 902 art.
1668 871 1695 906 3,
1721 870 1828 900 dicens
1852 880 1918 901 non
1942 871 2040 901 videri
2063 881 2175 902 verum
2199 872 2288 911 quod
2314 872 2408 902 Iudas
2435 882 2520 902 mor-

1451 915 1550 946 taliter
1569 915 1709 955 peccavit
1725 915 1892 944 vendendo
1918 915 2042 955 loseph,
2062 923 2096 946 ut
2113 918 2234 946 Auctor
2251 915 2340 946 dicit:
2366 916 2441 957 quia
2460 916 2520 946 hoc

1451 959 1522 990 fecit
1545 959 1584 989 ad
1608 959 1808 989 liberandum
1833 969 1907 989 eum
1932 970 1949 989 a
1973 967 2085 990 morte.

1505 1004 1555 1034 Ad
1578 1003 1752 1033 Martinum
1770 1003 1883 1033 dicitur
1899 1004 1988 1044 quod
2003 1006 2127 1034 Auctor
2150 1014 2293 1045 expresse
2314 1005 2444 1036 remittit
2461 1006 2520 1035 cla-

1451 1048 1572 1078 ritatem
1597 1047 1766 1077 solutionis
1794 1048 1832 1077 ad
1858 1047 2002 1078 futurum
2035 1055 2200 1078 tractatum
2235 1050 2273 1079 de
2304 1049 2520 1086 matrimonio,

1450 1099 1486 1123 ut
1508 1092 1540 1122 in
1565 1092 1696 1131 proprio
1719 1091 1794 1122 loco
1818 1099 1962 1123 tractaret
1992 1102 2154 1133 quamque
2178 1093 2352 1124 materiam.
2385 1095 2425 1124 Et
2448 1094 2520 1124 ideo

1451 1136 1620 1172 Martinus,
1646 1142 1824 1166 truncatam
1848 1136 1928 1166 hanc
1953 1137 2211 1176 responsionem,
2238 1138 2304 1168 sine
2327 1138 2385 1168 ista
2413 1139 2520 1169 remis-

1450 1180 1549 1216 sione,
1573 1179 1709 1210 referens
1734 1187 1764 1210 et
1787 1190 1932 1220 arguens,
1957 1181 2072 1211 melius
2096 1181 2218 1213 fecisset
2242 1183 2386 1213 tacende.

1506 1225 1556 1254 Ad
1579 1225 1708 1255 Petrum
1733 1231 1841 1255 autem
1865 1225 1979 1256 dicitur
2002 1227 2102 1266 quod,
2123 1236 2159 1257 ex
2178 1237 2244 1267 quo
2270 1227 2384 1267 Ioseph
2409 1235 2473 1258 erat
2489 1228 2521 1257 in

1450 1269 1582 1300 cisterna
1598 1268 1664 1299 sine
1681 1278 1764 1309 aqua
1780 1269 1806 1305 *,
1827 1270 1912 1300 unde
1929 1277 2053 1310 poterat
2069 1271 2185 1301 extrahi
2210 1281 2284 1301 cum
2300 1271 2363 1302 vita
2383 1279 2412 1302 et
2431 1272 2520 1302 liber·
2551 1280 2558 1287 ·

1450 1320 1524 1349 tate,
1548 1323 1614 1344 non
1639 1321 1703 1343 erat
1727 1323 1810 1353 opus
1835 1314 1954 1354 eripere
1982 1314 2158 1346 libertatem
2188 1316 2302 1356 loseph
2328 1323 2363 1346 ut
2391 1317 2523 1347 salvaret

1451 1357 1536 1388 illius
1559 1357 1668 1388 vitam.
1701 1358 1741 1388 Et
1769 1357 1842 1388 ideo
1872 1368 1937 1388 non
1966 1367 2132 1390 excusatur
2151 1370 2168 1389 a
2193 1360 2374 1391 venditione
2403 1361 2520 1391 fratris:

1420 1407 1423 1440 ξ
1451 1402 1522 1433 licet
1545 1409 1711 1432 excusetur
1734 1412 1752 1432 a
1776 1409 1875 1439 tanto,
1894 1410 2022 1444 propter
2046 1404 2165 1434 bonam
2182 1404 2402 1435 intentionem.
2427 1406 2520 1436 Pote—

377 1452 428 1482 Ad
451 1452 514 1482 hoc
540 1450 654 1482 dicitur
676 1450 780 1491 quod,
805 1449 878 1480 licet
900 1449 939 1479 de
962 1448 1024 1479 hoc
1055 1454 1127 1478 actu
1159 1447 1242 1478 Osee
1265 1446 1395 1476 diversi·

322 1497 418 1528 mode
440 1496 572 1530 dicatur.
596 1502 632 1526 ut
655 1494 762 1525 alibi*
784 1497 906 1525 Auctor
930 1492 1018 1523 dicit:
1047 1498 1205 1532 quantum
1230 1499 1335 1522 tamen
1356 1491 1395 1520 ad
1421 1502 1423 1514 ι

321 1541 525 1582 propositum
555 1545 692 1580 spectat,
724 1541 846 1570 Auctor
874 1537 1047 1578 respondet
1074 1536 1273 1567 admittendo
1306 1535 1396 1576 quod
1421 1554 1423 1576 1

1450 1453 1497 1478 rat
1520 1446 1606 1476 enim
1630 1446 1721 1477 facile
1745 1456 1820 1477 cum
1845 1447 1958 1478 Ruben
1979 1447 2131 1484 conferre,
2157 1457 2211 1479 aut
2235 1449 2315 1489 patri
2332 1457 2452 1480 secreto
2475 1450 2521 1480 in-

1451 1491 1562 1527 dicare,
1587 1497 1643 1522 aut
1666 1501 1740 1522 eum
1766 1491 1924 1522 extrahere
1945 1492 2070 1523 occulte
2093 1503 2110 1523 a
2135 1493 2290 1524 fratribus.
2320 1494 2361 1524 Et
2383 1495 2427 1524 sic
2451 1494 2523 1525 fecit

1451 1542 1560 1566 contra
1582 1535 1662 1566 illud
1686 1543 1906 1576 praeceptum:
1932 1537 2005 1567 Non
2029 1543 2105 1568 sunt
2125 1538 2277 1575 facienda
2301 1539 2387 1569 mala
2405 1544 2440 1569 ut
2454 1549 2523 1570 eve-

1452 1582 1544 1611 niant
1566 1580 1648 1611 bona
1663 1580 1691 1611 *.

1129 1727 1451 1770 ARTICULUS
1479 1727 1710 1770 TERTIUS

862 1822 1017 1853 UTRUM
1041 1819 1311 1852 FORNicATm
1335 1819 1403 1850 sn·
1427 1819 1722 1852 GRAvrssmun
1747 1822 1986 1854 PECCATUM

842 1893 873 1918 1lI
895 1894 973 1918 Cont.
994 1893 1081 1922 Gent„
1102 1899 1157 1924 cap.
1178 1898 1258 1922 cxx11;
1280 1891 1321 1915 De
1339 1890 1426 1921 Alam,
1447 1899 1493 1924 qu.
1511 1899 1538 1922 11,
1558 1898 1605 1917 art.
1629 1901 1672 1924 10;
1693 1901 1738 1926 qu.
1757 1901 1798 1924 κν,
1817 1899 1863 1919 art.
1886 1902 1908 1923 2,
1929 1895 1960 1919 ad
1975 1893 2000 1920 6.

376 1988 415 2017 „2
438 1989 510 2013 »aa
534 1978 557 2004 D
577 1977 738 2004 Tannum
757 1977 811 2002 stc
831 1975 1073 2002 Paocnmrua.
1102 1963 1264 2000 Videtur
1289 1961 1393 2011 quod

453 1999 507 2071 ⁷33
534 2019 735 2057 fornicatio
778 2019 824 2056 sit
863 2017 1131 2067 gravissimum
1177 2024 1391 2065 peccatum.

341 2107 361 2122 ,ι
471 2060 663 2117 'fTanto
693 2072 797 2110 enim
823 2072 976 2109 videtur
996 2078 1198 2121 peccatum
1227 2070 1392 2118 gravius,

379 2144 387 2153 x
414 2131 428 2139 ”
456 2145 468 2159 ι
507 2150 521 2163 x«
534 2134 678 2177 quanto
698 2138 745 2163 ex
764 2125 901 2163 maiori
920 2125 1075 2162 libidine
1099 2124 1284 2173 procedit.
1316 2124 1392 2160 Sed

322 2180 492 2218 maxima
520 2180 638 2218 libido
669 2187 725 2217 est
751 2179 789 2216 in
820 2178 1088 2216 fornicatione:
1127 2177 1261 2215 dicitur
1289 2177 1391 2214 enirn

321 2234 360 2272 in
389 2234 526 2272 Glossa
544 2234 576 2281 *,
603 2233 689 2271 lad
711 2233 799 2270 Cor.
819 2244 854 2270 νι
878 2232 930 2279 W,
958 2232 1062 2281 quod
1091 2230 1206 2268 ardor
1227 2229 1392 2268 libidinis

320 2288 359 2325 in
387 2287 534 2325 luxuria
563 2294 619 2324 est
646 2286 848 2324 maximus.
878 2286 982 2333 Ergo
1008 2285 1161 2322 videtur
1188 2283 1293 2333 quod
1317 2283 1391 2321 for-

320 2341 459 2379 nicatio
487 2341 534 2378 sit
560 2340 828 2388 gravissimum
856 2346 1068 2388 peccatum.

374 2406 410 2432 2.
448 2395 693 2441 Parim-zm,
731 2400 836 2430 tanto
875 2392 1011 2441 aliquis
1049 2391 1200 2440 gravius
1239 2399 1391 2440 peccat,

319 2456 462 2498 quanto
491 2447 530 2484 in
558 2459 640 2484 rem
669 2447 739 2484 sibi
770 2446 890 2495 magis
920 2446 1163 2483 coniunctam
1194 2444 1391 2493 delinquit:

318 2502 415 2539 sicut
433 2500 587 2550 gravius
606 2509 739 2550 peccat
759 2500 823 2550 qui
842 2500 1005 2550 percutit
1022 2507 1170 2549 patrem
1189 2511 1306 2548 quam
1327 2498 1391 2547 qui

318 2555 481 2605 percutit
511 2562 745 2592 extraneum.
776 2554 853 2591 Sed
882 2553 979 2590 sicut
1006 2553 1173 2590 diciturl
1201 2553 1288 2590 Cor.
1308 2551 1390 2598 V1*‚

319 2610 385 2658 qui
409 2609 635 2654 fornicatur,
665 2609 702 2645 in
731 2619 869 2656 corpus
895 2619 1006 2644 suum
1030 2612 1174 2656 peccat,
1200 2606 1307 2655 quod
1335 2613 1393 2642 est

319 2662 464 2700 homini
490 2661 856 2699 coniunctissimum.
888 2661 990 2708 Ergo
1010 2660 1161 2697 videtur
1188 2659 1294 2708 quod
1316 2659 1391 2696 for-

319 2716 457 2754 nicatio
489 2715 534 2752 sit
562 2715 830 2763 gravissimum
859 2722 1075 2762 peccatum.

375 2770 410 2807 3.
432 2770 666 2816 PRAETEREA,
684 2775 826 2817 quanto
842 2767 998 2817 aliquod
1014 2768 1162 2804 bonum
1183 2774 1240 2803 est
1254 2765 1390 2812 maius,

319 2830 424 2861 tanto
444 2830 644 2872 peccatum
667 2823 769 2870 quod
796 2829 927 2858 contra
955 2821 1046 2858 illud
1074 2820 1322 2858 committitur
1336 2820 1391 2856 vi-

320 2877 432 2914 detur
460 2888 542 2913 esse
578 2875 742 2924 gravius.
778 2875 856 2912 Sed
893 2882 1094 2924 peccatum
1132 2873 1391 2910 fornicationis

318 2930 471 2968 videtur
499 2941 582 2966 esse
612 2936 743 2966 contra
772 2930 919 2966 bonurn
947 2928 1062 2965 totius
1090 2927 1250 2964 humani
1277 2939 1390 2975 gene-

321 2983 390 3030 ris,
409 2991 462 3026 ,ut
494 2995 539 3020 ex
574 2982 777 3032 praedictis
802 2981 823 3004 ³⁶
854 2989 967 3031 patet.
1008 2982 1077 3018 Est
1110 2980 1222 3018 etiam
1261 2989 1392 3018 contra

322 3036 535 3075 Christum:
563 3037 778 3074 secundum
797 3036 887 3073 illud
909 3037 923 3072 I
942 3034 995 3072 ad
1016 3036 1103 3072 Cor.
1120 3047 1155 3071 vi
1169 3034 1209 3070 *t
1244 3035 1280 3071 T
1276 3034 1392 3072 ollens

321 3091 492 3128 membra
517 3090 664 3136 Christi,
670 3090 821 3138 faciam
843 3090 1014 3126 membra
1035 3087 1268 3126 meretricis?
1287 3088 1390 3136 Ergo

321 3143 519 3180 fornicatio
549 3151 606 3180 est
632 3143 901 3191 gravissimum
930 3150 1144 3192 peccatum.

377 3196 452 3232 SED
477 3207 624 3234 CONTRA
649 3209 717 3235 EST
742 3197 847 3246 quod
877 3196 1085 3244 Gregorins
1114 3195 1202 3233 dicit
1225 3194 1245 3216 '¹‘
1286 3194 1390 3243 quod

322 3257 478 3299 peccata
507 3250 670 3288 carnalia
698 3258 786 3287 sunt
813 3250 971 3287 minoris
997 3251 1130 3298 culpae
1160 3260 1277 3296 quarn
1303 3260 1390 3296 pec-

323 3311 406 3340 cata
435 3302 651 3351 spiritualia.

375 3357 601 3399 Respounsso
621 3369 806 3395 menapum
835 3357 940 3406 quod
960 3357 1124 3405 gravitas
1153 3355 1298 3404 peccati
1326 3355 1391 3391 ali-

323 3409 429 3446 cuius
464 3409 605 3446 attendi
639 3418 764 3458 potest
798 3410 1015 3459 dupliciter:
1055 3423 1132 3447 uno
1161 3408 1300 3455 modo,
1332 3422 1390 3446 se-

323 3463 491 3500 cundum
520 3475 577 3508 se;
607 3462 681 3499 alio
710 3463 842 3511 modo,
863 3464 1076 3501 secundum
1106 3463 1294 3501 accidens.
1326 3463 1391 3500 Se-

323 3516 492 3553 cundum
522 3528 563 3552 se
583 3516 740 3563 quid-em
770 3516 971 3555 attenditur
988 3518 1152 3566 gravitas
1180 3517 1326 3567 peccati
1346 3529 1391 3553 ex

323 3570 467 3607 ratione
508 3582 598 3606 suae
636 3569 795 3618 speciei,
825 3582 925 3619 quae
962 3571 1221 3609 consideratur
1259 3583 1420 3621 secun-3

1449 1962 1542 2000 dum
1573 1965 1720 2001 bonum
1748 1965 1807 2002 cui
1836 1974 2037 2015 peccatum
2059 1967 2277 2016 opponitur.
2309 1969 2522 2007 Fornicatio

1450 2024 1578 2054 autem
1609 2026 1665 2056 est
1698 2026 1828 2056 contra
1865 2021 2013 2057 bonum
2047 2021 2214 2058 hominis
2250 2023 2439 2061 nascituri.
2475 2025 2523 2061 Et

1450 2069 1536 2107 ideo
1575 2079 1631 2108 est
1667 2072 1820 2120 gravius
1858 2082 2059 2122 peccatum
2096 2076 2309 2112 secundum
2353 2077 2521 2126 speciem

1449 2135 1560 2160 suam
1590 2126 1754 2172 peccatis
1784 2138 1883 2174 quae
1912 2135 2000 2164 sunt
2028 2136 2159 2165 contra
2188 2129 2290 2166 bona
2325 2131 2520 2178 exteriora,

1449 2177 1544 2214 sicut
1573 2185 1629 2214 est
1647 2179 1788 2216 furtum
1819 2188 1856 2216 et
1880 2181 1952 2217 alia
1972 2181 2214 2219 huiusmodi:
2245 2183 2372 2220 minus
2392 2193 2520 2222 autem

1448 2231 1613 2279 peccatis
1643 2244 1742 2281 quae
1770 2241 1858 2270 sunt
1877 2233 2017 2271 directe
2047 2243 2179 2272 contra
2207 2237 2349 2284 Deum,
2371 2245 2407 2274 et
2435 2251 2521 2287 pec-

1449 2292 1533 2321 cato
1572 2285 1676 2334 quod
1716 2294 1773 2322 est
1808 2295 1939 2325 contra
1971 2288 2090 2326 vitam
2120 2289 2286 2326 hominis
2321 2290 2396 2328 iam
2433 2292 2521 2337 nati,

1449 2338 1544 2375 sicut
1573 2346 1629 2375 est
1656 2340 1922 2378 homicidium.

1502 2394 1561 2429 An
1596 2404 1733 2430 ptumum
1769 2405 1868 2431 ERGO
1905 2406 2090 2432 mcENDUM
2125 2396 2230 2444 quod
2268 2396 2385 2434 libido
2424 2410 2520 2447 quae

1448 2454 1628 2494 aggravat
1655 2455 1856 2496 peccatum
1888 2456 1944 2485 est
1971 2461 2071 2498 quae
2102 2449 2270 2486 consistit
2299 2451 2337 2487 in
2366 2451 2520 2488 inclina-

1448 2499 1550 2536 tione
1578 2501 1795 2538 voluntatis.
1836 2502 1972 2539 Libido
2011 2510 2140 2539 autem
2178 2516 2276 2552 quae
2306 2512 2362 2541 est
2389 2504 2426 2541 in
2456 2518 2520 2554 ap-

1447 2552 1566 2602 petitu
1595 2554 1778 2592 sensitivo
1809 2555 1984 2592 diminuit
2011 2565 2232 2604 peccatum:
2263 2557 2352 2605 quia
2377 2566 2519 2605 quanto

1449 2606 1582 2655 aliquis
1603 2620 1648 2644 ex
1678 2608 1814 2645 maiori
1833 2610 2011 2657 passione
2032 2609 2219 2658 impulsus
2248 2618 2392 2658 peccat,
2414 2619 2519 2648 tanto

1448 2661 1569 2698 levius
1589 2669 1646 2698 est
1665 2670 1878 2711 peccatum.
1910 2664 1959 2700 Et
1977 2663 2051 2700 hoc
2072 2663 2192 2699 modo
2213 2664 2250 2700 in
2271 2664 2518 2701 fornicatione

1447 2713 1563 2751 libido
1594 2723 1650 2752 est
1679 2716 1854 2752 maxima.
1887 2716 1935 2753 Et
1954 2716 2041 2753 inde
2072 2724 2127 2753 est
2156 2717 2261 2766 quod
2285 2718 2519 2765 Augustinus

1448 2767 1547 2815 dicit,
1578 2769 1616 2806 in
1645 2769 1741 2806 libro
1770 2769 1816 2806 de
1842 2770 1980 2819 Agone
2008 2771 2218 2808 Christiano
2238 2770 2268 2817 *,
2300 2771 2404 2819 quod
2424 2772 2520 2808 inter
2547 2781 2557 2790 ⁸

1448 2823 1576 2859 omnia
1620 2823 1920 2860 Christianorum
1963 2825 2196 2870 certamina,
2235 2825 2392 2861 duriora
2434 2831 2520 2862 sunt

1442 2877 1591 2924 praelia
1619 2876 1814 2922 castitatis,
1846 2877 1910 2913 ubi
1940 2883 1994 2913 est
2021 2878 2238 2926 quotidiana
2270 2889 2426 2928 pugna,
2455 2879 2521 2915 sed

1448 2941 1539 2966 rara
1567 2930 1737 2967 victoria.
1770 2931 1818 2966 Et
1846 2930 2012 2967 Isidorus
2033 2931 2132 2977 dicit,
2154 2931 2189 2968 in
2220 2931 2316 2967 libro
2346 2932 2392 2968 de
2410 2932 2518 2968 Sum-

1448 2995 1510 3020 mo
1538 2985 1648 3020 Bono
1670 2985 1700 3029 ²¹³,
1723 2984 1828 3031 quod
1849 2985 1974 3034 magis
1995 2996 2069 3033 per
2087 2985 2213 3022 carnis
2238 2985 2431 3021 luxuriam
2451 2986 2517 3021 hu-

1448 3049 1604 3074 manum
1623 3049 1746 3086 genus
1763 3037 1935 3074 subditur
1957 3038 2106 3075 diabolo
2135 3049 2250 3086 quam
2264 3050 2339 3086 per
2365 3038 2521 3086 aliquod

1447 3091 1573 3127 aliud:
1601 3091 1690 3139 quia
1727 3091 1868 3127 scilicet
1902 3091 2090 3129 difficilius
2120 3099 2175 3128 est
2211 3091 2364 3128 vincere
2401 3092 2517 3128 vehe-

1447 3143 1628 3181 mentiam
1658 3144 1769 3180 huius
1798 3144 1999 3193 passionis.

1500 3199 1559 3233 AD
1580 3209 1770 3234 SECUNDUM
1796 3209 1981 3234 mesanum
2002 3198 2107 3245 quod
2133 3198 2191 3234 ille
2220 3198 2285 3247 qui
2314 3198 2519 3235 fornicatur

1448 3250 1583 3287 dicitur
1609 3263 1768 3299 peccare
1794 3250 1831 3286 in
1861 3263 1999 3299 corpus
2028 3263 2154 3298 suum,
2175 3263 2254 3287 non
2274 3252 2399 3287 solum
2429 3252 2517 3300 quia

1447 3304 1705 3340 fornicationis
1743 3302 1942 3340 delectatio
1982 3311 2273 3341 consummatur
2308 3305 2346 3341 in
2383 3317 2516 3351 carne,

1447 3357 1551 3406 quod
1581 3357 1694 3394 etiam
1724 3357 1762 3394 in
1790 3358 1878 3404 gula
1897 3357 2051 3394 accidit:
2082 3357 2150 3394 sed
2175 3357 2288 3395 etiam
2318 3358 2407 3406 quia
2427 3371 2516 3395 con-

1446 3419 1502 3447 tra
1530 3411 1677 3447 bonurn
1711 3410 1855 3459 proprii
1890 3411 2062 3459 corporis
2090 3411 2166 3459 agit
2195 3411 2258 3460 qui
2292 3411 2515 3458 fornicatur,

1446 3465 1672 3513 inquantum
1703 3464 1843 3501 scilicet
1862 3463 2026 3501 indebite
2047 3464 2137 3502 illud
2159 3465 2313 3502 resolvit
2342 3473 2378 3502 et
2397 3465 2517 3514 inqui-

1446 3526 1520 3563 nat,
1543 3526 1578 3554 et
1607 3517 1711 3554 alteri
1742 3517 1973 3555 commiscet.
2004 3518 2088 3555 Nec
2111 3525 2239 3555 tamen
2267 3527 2424 3567 propter
2442 3519 2516 3555 hoc

1446 3573 1616 3620 sequitur
1649 3571 1755 3619 quod
1789 3571 1987 3608 fornicatio
2023 3571 2069 3609 sit
2104 3580 2303 3621 peccatum
2342 3571 2514 3619 gravissi-

2549 654 2558 663 ⁴
2569 653 2594 674 ln
2605 659 2664 682 resp.
2676 654 2704 675 ad
2714 660 2762 682 urg.

2548 686 2560 701 2
2576 684 2638 702 cont.
2658 682 2762 703 conclus.

2548 713 2570 732 4.

2591 1277 2674 1300 Genes.
2699 1284 2750 1306 cap.

2550 1311 2636 1331 xxxvn,
2648 1311 2706 1327 vers.
2718 1311 2751 1331 22,

2550 1338 2585 1358 24.

2550 1571 2560 1580 ¹·
2574 1570 2612 1591 Ad
2629 1570 2693 1591 Rom.
2713 1576 2765 1598 cap.

2551 1602 2583 1620 ιιι,
2599 1603 2657 1618 vers.
2673 1598 2693 1619 8.

2591 2780 2616 2801 In
2651 2782 2673 2802 A
2708 2781 2759 2803 end.

2547 2807 2621 2829 Serm.
2637 2807 2677 2830 CC
2700 2808 2760 2830 Clu.

2547 2834 2575 2855 al.
2601 2833 2631 2855 de
2646 2834 2761 2862 Tempore

2546 2860 2613 2887 CCL,
2628 2866 2678 2888 cap.
2695 2867 2719 2883 ιι.

2548 2999 2557 3008 ·
2580 2999 2618 3019 Al.
2642 2998 2758 3021 Senum..

2546 3025 2757 3052 tib.11‚cap.xxx1x.
