2768 4198
88 727 99 738 ⁸
108 726 239 748 Comment.
251 732 272 747 n.
283 732 299 748 ι.

88 945 99 957 ⁸
113 945 158 972 Qu.
176 951 206 971 tv,
221 947 262 965 art.
274 943 296 965 8.

85 2183 95 2193 ⁸
113 2183 163 2204 Art.
184 2188 204 2211 3,
226 2181 297 2204 Com-

86 2213 154 2231 ment.
171 2215 234 2231 num.
249 2215 264 2230 ι.

86 2850 95 2859 ’
119 2849 155 2871 Ct'.
184 2855 246 2871 num.
273 2856 295 2875 ι,

86 2875 146 2897 Nota
163 2876 241 2898 ter-uo.

86 2904 95 2912 ⁸
109 2902 179 2924 Num.
191 2903 295 2931 praeced.

87 3475 96 3483 ⁶
113 3474 148 3496 Ct'.
164 3478 227 3495 num.
244 3479 266 3495 v.

325 371 498 411 sponsione
515 372 554 402 ad
569 372 746 402 secundum
760 369 972 410 praecedentis
994 367 1115 398 articuli
1132 367 1235 407 posita
1254 373 1300 396 est
1312 365 1389 406 quid

325 415 548 455 imperfectum
571 417 603 446 in
637 425 757 456 genere
779 414 906 445 divinae
938 412 1152 442 revelationis.
1188 410 1249 440 Hic
1282 416 1390 440 autem

325 460 491 491 instinctus
519 460 723 500 propheticus
747 458 876 498 ponitur
903 455 1125 495 imperfectum
1149 454 1241 495 quid,
1267 463 1333 483 non
1357 453 1389 483 in

326 514 439 544 genere
463 504 586 534 divinae
609 502 816 537 revelationis,
837 501 892 531 sed
916 501 947 530 in
963 509 1084 540 genere
1102 499 1300 539 prophetiae.
1326 497 1389 527 Ubi

326 548 430 578 videre
454 555 545 588 potes
569 554 724 587 quantum
741 556 758 575 a
775 545 879 574 divina
894 544 987 574 distet
1009 543 1200 573 revelatione
1224 542 1390 572 instinctus

327 592 539 632 propheticus,
558 598 592 621 ut
610 601 674 620 non
694 589 852 624 meruerit,
878 588 972 618 etiam
997 594 1031 618 ut
1055 587 1277 627 imperfectum
1301 585 1388 626 quid,

326 637 358 666 in
382 637 437 666 illo
462 635 583 665 admitti
606 644 728 673 genere.

384 681 419 710 II.
446 680 479 709 In
504 679 615 709 eodem
640 677 782 712 articulo,
808 683 933 706 motum
958 676 1103 716 superius
1126 675 1159 704 in
1179 675 1311 705 articulo
1331 681 1390 705 ter-

326 724 380 759 tio,
398 724 436 753 ad
455 723 629 753 secundum
641 722 667 757 *‚
689 720 823 751 occurrit
843 720 993 750 dubium:
1014 719 1117 760 qualis
1133 719 1249 750 scilicet
1265 725 1311 749 est
1327 728 1390 749 cer-

326 768 428 798 titudo
453 766 644 807 prophetica.
679 765 729 795 Ad
759 765 847 805 quod
878 764 991 804 procul
1014 764 1112 794 dubio
1145 763 1258 794 dicitur
1282 763 1390 803 quod,

326 812 500 842 secundum
516 809 663 840 Auctoris
681 809 867 844 doctrinam,
885 815 931 839 est
947 808 1102 839 certitudo
1120 807 1293 838 evidentiae
1309 817 1390 848 quo-

325 857 363 885 ad
387 856 493 895 ipsum
518 854 716 894 prophetam.
750 854 794 884 Ita
825 853 914 893 quod
943 853 1051 883 lumen
1076 852 1301 893 propheticum
1324 861 1389 881 non

325 900 430 929 solum
454 905 499 929 est
522 898 553 928 in
572 909 603 928 se
629 905 759 934 certum,
782 897 856 938 quia
881 897 1034 934 divinum,
1053 904 1087 927 ut
1104 897 1198 927 etiarn
1215 897 1253 926 de
1269 895 1390 926 lumine
1416 913 1418 926 ι

324 942 394 973 fidei
412 943 556 983 superius
573 942 741 972 didicimus
754 942 786 972 *:
808 942 862 972 sed
879 941 974 972 etiam
991 952 1027 972 ex
1043 948 1130 982 parte
1150 941 1258 975 nostri.
1276 940 1392 971 scilicet

324 987 494 1017 hominum
517 987 755 1027 prophetarum,
780 993 826 1017 est
850 986 1076 1022 certissimum;
1106 992 1136 1016 et
1160 985 1232 1016 facit
1261 985 1294 1015 in
1318 995 1390 1025 pro-

324 1032 417 1072 pheta
441 1031 630 1062 evidentiam
655 1039 684 1062 et
708 1041 821 1062 eorum
852 1041 934 1071 quae
957 1031 1001 1061 eis
1025 1030 1212 1066 revelantur,
1239 1037 1268 1060 et
1292 1029 1391 1070 ipsius

323 1075 537 1111 revelationis,
563 1076 651 1116 quod
676 1083 722 1106 est
748 1086 766 1105 a
790 1075 870 1106 Deo.
901 1076 1014 1116 Neque
1042 1075 1126 1105 enim
1153 1074 1259 1104 minus
1289 1081 1390 1104 certus

323 1126 370 1150 est
392 1120 556 1160 propheta,
578 1130 682 1161 neque
698 1120 804 1150 minus
821 1119 906 1150 videt
930 1120 1018 1160 quod
1042 1119 1129 1150 Deus
1153 1126 1229 1149 tunc
1253 1118 1314 1149 hoc
1334 1118 1392 1148 sibi

323 1164 449 1201 revelat,
473 1174 573 1205 quam
596 1175 656 1195 nos
675 1165 775 1195 simus
796 1164 869 1194 certi
894 1171 925 1195 et
939 1164 1103 1194 videamus
1119 1174 1178 1194 nos
1195 1163 1272 1194 scire
1289 1163 1391 1202 prima

324 1208 477 1249 principia
499 1206 555 1249 per
578 1209 688 1240 lumen
712 1208 870 1239 naturale:
897 1216 927 1240 et
950 1208 1093 1239 similiter
1116 1208 1148 1238 in
1172 1207 1294 1238 lumine
1312 1207 1391 1237 divi-

324 1252 407 1283 nitus
432 1253 530 1283 menti
554 1263 628 1284 suae
645 1253 751 1284 infuso
775 1253 859 1283 videt
875 1263 911 1283 ea
935 1263 1016 1294 quae
1033 1252 1091 1283 sibi
1108 1253 1294 1288 revelantur,
1313 1252 1392 1283 sicut

324 1307 382 1327 nos
407 1297 439 1327 in
462 1297 584 1328 lumine
608 1298 742 1328 naturali
762 1298 908 1328 videmus
928 1297 1030 1338 prima
1047 1297 1201 1338 principia
1218 1303 1248 1327 et
1265 1297 1392 1327 conclu-

324 1342 428 1372 siones
452 1341 484 1371 in
509 1349 540 1372 et
563 1352 599 1372 ex
622 1342 675 1373 eis.

379 1387 470 1417 Hanc
505 1393 614 1417 autem
649 1386 837 1417 sententiam
871 1393 958 1417 tenet
992 1389 1114 1416 Auctor
1149 1392 1179 1416 et
1214 1385 1246 1415 in
1282 1392 1337 1416 art.
1374 1387 1389 1416 3

324 1441 378 1471 qu.
395 1441 436 1460 κη
451 1431 491 1461 de
513 1431 621 1468 Verit.,
639 1438 670 1462 et
686 1431 727 1461 III
750 1431 873 1462 Contra
892 1431 997 1467 Gent.,
1015 1440 1083 1470 cap.
1101 1440 1181 1467 cmv,
1202 1429 1390 1461 clarissime:

324 1482 354 1506 et
385 1475 434 1505 hic
468 1476 554 1515 apud
583 1475 793 1516 perspicaces,
819 1476 898 1506 dum
928 1474 1144 1514 cognitionem
1168 1474 1255 1504 illam
1285 1474 1393 1505 tribuit

325 1519 487 1560 prophetis
519 1529 617 1560 quam
641 1519 757 1550 habent
780 1519 824 1550 illi
849 1519 904 1560 qui
928 1525 1126 1559 cognoscunt
1151 1529 1186 1549 ea
1212 1528 1294 1559 quae
1318 1526 1393 1550 sunt

324 1563 411 1599 fidei,
436 1565 553 1604 quibus
577 1571 607 1594 et
630 1564 774 1595 innititur
797 1563 884 1594 fides.
918 1563 1053 1594 Constat
1076 1570 1183 1594 autem
1207 1564 1311 1603 quod,
1337 1573 1393 1604 per
1418 1559 1420 1587 i

325 1618 357 1638 se
381 1608 555 1648 loquendo,
581 1608 677 1639 fidem
702 1615 862 1648 praestans
879 1607 1013 1648 cognitis
1030 1608 1068 1638 ab
1085 1607 1158 1644 alio,
1176 1607 1391 1647 cognitionem
1418 1637 1420 1640 ,

1418 1650 1420 1656 ’
1446 1652 1561 1683 dicitur
1591 1653 1681 1693 quod
1709 1652 1741 1682 in
1771 1652 1834 1683 hoc
1862 1653 1952 1693 quod
1981 1652 2095 1683 dicitur
2125 1652 2223 1683 fidem
2252 1659 2397 1683 nostram
2426 1651 2518 1684 inniti

324 1652 498 1684 evidentiae
521 1653 675 1693 supponit
698 1653 730 1683 in
755 1653 829 1683 illo:
860 1652 1002 1693 alioquin
1030 1652 1062 1682 in
1091 1651 1251 1682 infinitum
1282 1662 1392 1693 proce-

325 1697 458 1733 deretur,
484 1699 562 1728 dum
585 1697 638 1727 ille
663 1698 800 1727 crederet
823 1697 920 1727 alteri.
944 1714 965 1720 —
989 1696 1073 1727 Dicit
1097 1696 1191 1726 etiam
1211 1696 1243 1726 in
1261 1706 1392 1736 respon-

324 1741 411 1771 sione
436 1742 475 1772 ad
499 1748 684 1781 argumenta
714 1741 764 1771 hic
788 1743 909 1771 Auctor
940 1740 1031 1781 quod
1049 1746 1140 1780 patet
1162 1742 1326 1780 responsio
1349 1741 1393 1772 ad

324 1785 460 1816 obiecta:
483 1786 564 1817 inter
586 1795 667 1826 quae
692 1792 756 1815 erat
779 1785 920 1820 tertium,
947 1785 984 1814 de
1010 1784 1194 1815 certitudine
1219 1784 1392 1815 evidentiae

324 1839 386 1870 qua
411 1830 510 1860 sciens
534 1829 591 1860 scit
615 1840 647 1859 se
671 1829 758 1860 scire.
784 1829 824 1859 Et
848 1835 970 1859 constat
994 1829 1083 1869 quod
1108 1839 1173 1858 non
1197 1829 1285 1859 aliter
1307 1836 1391 1869 patet

324 1874 488 1913 responsio
520 1874 578 1904 nisi
603 1874 677 1914 quia
702 1873 886 1904 conceditur
915 1873 1004 1914 quod
1032 1873 1140 1903 lumen
1166 1873 1390 1913 propheticum
1418 1881 1419 1916 j

324 1927 389 1948 non
413 1919 519 1948 minus
547 1919 600 1948 dat
622 1918 718 1948 talem
742 1917 974 1948 certitudinem.
999 1935 1020 1940 -
1045 1917 1135 1948 Dicet
1157 1927 1288 1958 quoque
1313 1918 1390 1948 infe—

324 1963 387 1993 rius
410 1963 443 1993 in
469 1969 524 1993 art.
545 1972 562 1992 2
587 1972 641 2003 qu.
659 1973 778 1999 cnxxrv,
801 1963 891 2003 quod
904 1962 989 2003 finis
1006 1962 1197 2002 prophetiae
1220 1967 1266 1992 est
1289 1964 1390 1993 mani-

313 2007 451 2048 festatio
476 2008 619 2038 veritatis
642 2016 743 2047 supra
762 2007 920 2037 hominem
951 2007 1135 2037 existentis:
1158 2006 1200 2037 ita
1231 2007 1321 2047 quod
1352 2007 1390 2037 ad
1418 2005 1420 2012 '

324 2052 384 2082 hoc
402 2051 565 2082 ordinatur
584 2051 769 2092 prophetica
786 2050 943 2087 revelatio,
962 2057 997 2081 ut
1014 2047 1232 2082 manifestetur
1255 2051 1390 2092 prophe-

322 2103 371 2127 tae
395 2096 506 2126 veritas
526 2096 747 2126 revelatorum.
774 2095 908 2126 Constat
925 2102 1031 2126 autem
1048 2096 1136 2136 quod
1154 2095 1220 2126 sine
1237 2095 1390 2126 evidentia

324 2151 389 2171 non
413 2140 578 2171 manifesta
602 2146 649 2170 est
670 2140 793 2170 veritas.

379 2185 429 2215 Ad
458 2184 671 2215 obiectionem
700 2191 808 2215 autem
841 2184 873 2214 in
898 2184 1086 2224 oppositum
1115 2184 1292 2225 superius*
1316 2184 1391 2215 alla-

323 2237 398 2265 tam,
424 2239 460 2260 ex
484 2229 545 2260 hoc
569 2229 658 2269 quod
682 2229 814 2259 revelata
838 2228 1002 2269 prophetis
1020 2238 1085 2259 non
1102 2228 1249 2259 videntur
1265 2229 1303 2259 ab
1320 2229 1390 2265 illis,

324 2281 359 2305 ut
382 2280 468 2314 patet
490 2274 529 2303 de
546 2273 696 2314 mysterio
714 2273 888 2310 Trinitatis,
906 2280 980 2303 etc.:
1006 2273 1215 2313 respondetur
1238 2274 1327 2314 quod
1347 2283 1392 2304 re-

323 2318 423 2348 velata
447 2317 620 2358 prophetis,
646 2324 804 2358 quantum
833 2317 871 2347 ad
895 2317 926 2347 id
951 2317 1039 2357 quod
1071 2317 1109 2347 de
1133 2317 1193 2347 illis
1218 2317 1391 2348 revelatum
1419 2325 1421 2335 ’

324 2369 379 2398 est,
404 2362 551 2392 videntur
573 2371 590 2391 a
614 2361 787 2402 prophetis,
813 2372 878 2392 non
903 2367 1009 2391 autem
1034 2368 1192 2401 quantum
1216 2362 1255 2391 ad
1272 2361 1392 2392 omnia.

325 2406 416 2438 Unde
440 2406 579 2436 Trinitas
603 2414 633 2436 et
658 2405 842 2442 Incarnatio,
868 2412 899 2436 et
922 2405 1046 2441 similia,
1072 2415 1136 2435 non
1161 2412 1235 2436 sunt
1258 2406 1393 2437 revelata

323 2450 487 2491 prophetis
510 2458 667 2490 quantum
687 2450 727 2480 ad
741 2450 962 2491 quaestionem
978 2450 1054 2490 quid
1069 2455 1135 2480 est:
1158 2451 1211 2480 sed
1235 2457 1391 2490 quantum

324 2496 363 2526 ad
387 2494 608 2536 quaestionem
632 2505 674 2525 an
692 2500 749 2532 est,
775 2505 830 2525 seu
850 2495 925 2535 quia
943 2499 998 2525 est.
1024 2494 1064 2524 Et
1083 2501 1240 2535 quantum
1259 2495 1299 2525 ad
1319 2495 1390 2531 hoc,

324 2539 389 2570 visa
413 2546 487 2570 sunt
511 2549 527 2568 a
551 2538 716 2579 prophetis
740 2539 798 2569 sub
822 2539 943 2576 lumine
960 2537 1066 2569 infuso
1083 2538 1216 2569 eisdem:
1242 2539 1283 2570 ita
1303 2539 1391 2580 quod
1418 2561 1420 2566 ·

323 2583 479 2619 viderunt,
504 2593 569 2613 non
593 2583 793 2620 Trinitatem,
812 2593 876 2614 non
893 2583 1035 2614 Verbum
1052 2582 1221 2619 incarnari;
1247 2584 1301 2614 sed
1321 2584 1391 2614 Tri-

324 2628 454 2658 nitatem
479 2637 555 2663 esse‚
581 2628 636 2657 sed
652 2627 746 2658 Verbi
765 2627 1015 2658 incarnationem
1040 2626 1181 2658 futuram
1205 2637 1281 2664 esse,
1299 2635 1330 2658 et
1349 2628 1392 2659 sic

323 2673 362 2703 de
386 2672 464 2702 aliis.
495 2671 583 2702 Sicut
607 2672 701 2702 etiam
726 2672 859 2702 naturali
883 2672 1005 2702 lumine
1034 2682 1093 2702 nos
1116 2672 1262 2702 videmus
1286 2673 1391 2703 Deum

323 2727 399 2752 esse,
425 2723 455 2746 et
477 2716 553 2757 quia
581 2723 627 2747 est
655 2723 800 2748 aeternus
830 2723 861 2747 et
890 2716 1107 2752 immutabilia
1133 2723 1205 2747 etc.:
1232 2723 1262 2747 et
1285 2724 1390 2748 tamen

324 2771 388 2791 non
413 2761 558 2791 videmus
581 2760 687 2801 ipsum
711 2761 827 2797 Deum,
853 2770 910 2792 nec
935 2760 1002 2791 eius
1026 2760 1251 2791 aeternitatem.

379 2805 429 2835 111.
456 2805 489 2835 In
515 2805 628 2835 eodem
653 2805 796 2841 articulo,
821 2812 930 2836 contra
954 2805 1091 2845 primam
1115 2812 1146 2836 et
1169 2805 1290 2836 tertiam
1316 2816 1390 2846 pro-

323 2849 484 2880 bationem
499 2849 525 2885 *,
544 2849 678 2880 dubium
695 2849 830 2880 occurrit
853 2859 889 2880 ex
913 2860 976 2879 una
993 2856 1023 2880 et
1047 2849 1157 2880 eadem
1174 2849 1286 2886 radice,
1302 2851 1390 2891 quod

323 2904 388 2924 non
412 2893 602 2924 sufficienter
625 2894 761 2934 probent
785 2894 1026 2924 conclusionem
1049 2894 1204 2924 intentam
1223 2894 1287 2925 iam
1302 2894 1319 2913 '⁸‘
1338 2895 1390 2925 de-

322 2939 480 2969 claratam.
513 2938 552 2968 Et
575 2938 607 2968 in
636 2946 787 2979 promptu
812 2938 959 2969 instantia
983 2945 1037 2969 est.
1071 2938 1235 2976 Quoniam
1259 2939 1391 2979 quilibet
1417 2947 1419 2978 ζ

323 2982 520 3014 Christianus
544 2989 649 3022 potest
672 2992 708 3013 ex
731 2982 804 3013 fidei
828 2982 1014 3014 certitudine
1037 2983 1182 3014 absolute
1206 2983 1324 3019 dicere,
1350 2983 1389 3014 In

323 3028 457 3057 veritate
480 3028 566 3058 misit
582 3037 632 3057 me
647 3027 806 3058 Dominus
829 3027 872 3058 ad
895 3027 1125 3068 consessionem
1139 3027 1235 3067 fidei,
1260 3028 1389 3069 quando

323 3079 449 3111 tempus
480 3078 526 3102 est
555 3070 725 3102 confitendi
748 3070 861 3102 fidem:
898 3079 928 3102 et
958 3078 1064 3102 tamen
1094 3079 1176 3102 caret
1205 3072 1390 3103 certitudine

323 3115 506 3146 evidentiae.
531 3116 606 3146 Non
629 3125 704 3156 ergo
729 3125 765 3146 ex
789 3116 850 3146 hoc
873 3116 962 3156 quod
987 3116 1131 3146 Ieremias
1155 3116 1249 3152 dixit,
1274 3116 1314 3148 In
1339 3127 1389 3148 ve·

323 3161 419 3190 ritate
442 3161 528 3191 misit
550 3170 600 3190 me
615 3160 785 3197 Dominus,
803 3159 909 3191 inferri
925 3167 1030 3201 potest
1045 3160 1200 3191 certitudo
1217 3161 1390 3192 evidentiae

323 3204 355 3234 in
372 3204 511 3235 Ieremia.
536 3222 556 3227 —
578 3204 618 3236 Et
633 3204 774 3235 similiter
789 3204 921 3246 quilibet
937 3204 1135 3236 Christianus
1151 3215 1188 3236 ex
1204 3205 1389 3237 certitudine

323 3247 395 3278 fidei
419 3248 487 3279 sola
510 3255 634 3280 tenetur
657 3259 690 3280 se
713 3259 898 3289 praeparare
921 3249 962 3280 ad
986 3249 1148 3289 propriam
1165 3257 1301 3281 mortem
1317 3251 1390 3281 sub-

325 3293 471 3324 eundam.
497 3293 570 3323 Non
595 3303 669 3333 ergo
694 3303 730 3323 ex
754 3293 815 3324 hoc
838 3294 927 3334 quod
951 3294 1112 3324 Abraham
1136 3294 1175 3324 ad
1199 3293 1254 3325 filii
1278 3304 1388 3326 necem

325 3346 356 3366 se
374 3337 577 3377 praeparavit,
592 3337 792 3369 concluditur
804 3338 906 3368 maior
919 3337 1073 3369 certitudo
1090 3348 1188 3379 quam
1204 3338 1290 3370 fidei:
1308 3349 1389 3380 quae

325 3387 371 3410 est
395 3381 514 3421 ubsque
539 3382 703 3413 evidentia.

382 3424 414 3454 In
440 3425 553 3456 eodem
577 3426 723 3462 articulo,
750 3432 858 3457 contra
881 3427 1053 3457 secundam
1078 3427 1312 3467 probationem,
1336 3437 1389 3458 oc-

324 3468 420 3499 currit
442 3469 575 3499 dubium
590 3470 621 3504 *,
646 3470 720 3510 quia
744 3469 821 3501 fides
845 3477 951 3501 nostra
974 3470 1118 3502 innititur
1141 3471 1324 3502 revelationi
1343 3471 1389 3502 di-

325 3512 415 3542 vinae
439 3513 615 3543 secundum
639 3523 671 3544 se
695 3521 725 3544 et
748 3514 906 3545 Ecclesiae
930 3514 1037 3551 factae,
1062 3522 1092 3546 et
1115 3524 1182 3546 non
1205 3515 1390 3546 revelationi

324 3556 400 3588 huic
424 3563 454 3587 et
477 3556 522 3587 illi
545 3557 695 3597 singulari
718 3558 850 3589 homini.
882 3559 956 3589 Non
979 3568 1054 3599 ergo
1083 3559 1215 3599 exigitur
1238 3559 1276 3590 ad
1301 3559 1388 3590 certi-

325 3600 470 3632 tudinem
485 3599 558 3631 fidei
574 3608 698 3632 nostrae
718 3602 806 3642 quod
830 3602 1003 3642 prophetae
1019 3602 1186 3634 habuerint
1199 3603 1389 3635 evidentiam

326 3645 364 3676 de
389 3645 546 3676 revelatis:
572 3655 646 3676 cum
661 3655 725 3676 non
744 3652 889 3685 oporteat
904 3646 1076 3677 Ecclesiam
1093 3646 1312 3678 certitudinem
1329 3646 1390 3677 evi-

986 288 1252 336 QUAESTIO
1283 287 1460 333 CLXXI,
1489 289 1787 326 ARTICULUS
1815 289 1850 326 V

1444 366 1567 397 dentiae
1591 367 1715 404 habere,
1741 368 1796 398 sed
1818 367 1933 398 sufficit
1948 367 1975 398 ei
1996 367 2151 398 certitudo
2169 366 2367 398 adhaesionis
2391 375 2446 406 per
2464 366 2512 396 lu-

1444 420 1518 441 men
1542 410 1624 442 fidei.

1500 455 1553 485 IV.
1578 456 1629 485 Ad
1652 455 1775 486 obiecta
1799 463 1908 486 contra
1927 456 2064 496 primam
2088 462 2118 486 et
2141 455 2265 486 tertiam
2288 454 2514 495 probationem

1444 499 1550 535 simul,
1576 499 1688 530 dicitur
1711 500 1800 539 quod
1824 500 1994 540 singularia
2017 500 2214 531 occurrentia
2238 506 2273 530 ut
2297 505 2379 530 certa
2397 498 2447 528 vel
2465 498 2513 528 in-

1444 550 1543 580 certa,
1569 550 1643 573 sunt
1666 543 1861 574 diversarum
1881 544 2113 575 conditionum.
2146 545 2229 575 Nam
2257 544 2415 584 quaedam
2439 549 2513 572 sunt

1444 597 1526 628 quae
1550 588 1608 617 sub
1634 587 1861 618 universalibus
1893 598 1975 628 quae
2006 588 2067 619 fide
2089 595 2238 619 tenentur
2261 588 2513 622 subsumantur,

1445 630 1655 662 certificantur
1678 638 1708 661 et
1732 632 1930 671 regulantur,
1955 633 2145 672 applicando
2170 632 2358 664 universalia
2385 631 2425 661 ad
2450 631 2513 661 sin-

1445 675 1581 716 gularia:
1614 682 1649 706 ut
1679 675 1767 716 quod
1797 685 1882 707 nunc
1906 677 2109 707 moriendum
2134 684 2180 708 est
2208 687 2266 717 pro
2291 675 2352 706 fide
2377 675 2514 712 Christi,

1445 719 1632 750 certificatur
1655 726 1685 750 et
1709 719 1869 759 regulatur
1893 730 1930 751 ex
1946 721 2114 752 universali
2133 721 2205 752 fidei
2223 722 2428 756 documento,
2450 720 2516 756 Qui

1446 774 1496 794 me
1512 764 1675 795 erubuerit
1698 773 1807 794 coram
1824 765 2004 795 hominibus
2015 765 2041 800 *,
2059 772 2133 796 etc.:
2160 775 2197 796 ex
2217 766 2275 796 hac
2297 765 2383 796 enim
2409 764 2515 804 regula

1446 814 1547 839 certus
1572 818 1645 838 sum
1673 808 1762 848 quod
1786 818 1871 839 nunc
1895 815 1942 839 est
1973 808 2052 838 mihi
2076 809 2279 840 moriendum
2310 820 2368 850 pro
2393 808 2515 839 confes-

1416 851 1419 862 ’
1445 848 1534 883 sione
1559 851 1631 883 fidei
1657 852 1786 883 Christi.
1809 853 1849 883 Et
1873 852 1905 882 in
1929 852 1977 882 his
2001 852 2116 884 sufficit
2140 854 2295 885 certitudo
2318 853 2401 884 fidei.

1503 897 1671 934 Quaedam
1694 906 1769 927 vero
1794 903 1868 927 sunt
1898 907 1979 937 quae
2004 907 2040 927 ex
2064 898 2294 929 universalibus
2318 897 2390 928 fidei
2416 898 2515 928 docu-

1446 941 1559 972 mentis
1583 951 1649 971 non
1668 940 1888 977 certificantur,
1913 941 1977 977 sed,
2003 947 2102 972 stante
2127 941 2200 973 fidei
2224 942 2396 974 certissima
2420 941 2516 972 firmi-

1417 985 1418 988 ’
1445 993 1526 1022 tate,
1552 992 1716 1016 remanent
1740 985 1890 1026 ambigua
1912 986 1962 1016 vel
1985 985 2102 1016 incerta
2126 986 2159 1016 in
2182 986 2382 1027 oppositum.
2413 986 2454 1017 Et
2477 987 2516 1017 ad

1445 1030 1651 1060 assertionem
1675 1029 1797 1066 talium,
1819 1040 1894 1061 cum
1910 1029 2064 1060 certitudo
2089 1029 2162 1061 fidei
2184 1030 2294 1061 locum
2308 1041 2375 1062 non
2391 1030 2516 1068 habeat,

1445 1074 1615 1116 requiritur
1646 1074 1800 1105 certitudo
1829 1074 2013 1105 evidentiae.
2044 1074 2136 1105 Talia
2167 1082 2275 1106 autem
2305 1082 2380 1107 sunt
2406 1074 2516 1106 missio

1446 1119 1613 1155 Ieremiae,
1639 1125 1670 1149 et
1700 1119 1897 1158 praeparatio
1930 1119 1970 1149 ad
2001 1128 2112 1149 necem
2141 1119 2320 1150 innocentis
2342 1119 2440 1149 Isaac.
2469 1119 2518 1150 Ex

1446 1164 1536 1194 nullo
1565 1163 1723 1204 siquidem
1747 1163 1916 1194 universali
1948 1163 2143 1194 documento
2168 1163 2241 1194 fidei
2268 1163 2518 1195 concludebatur

1446 1216 1522 1239 tunc
1546 1208 1636 1248 quod
1659 1208 1746 1238 Deus
1771 1207 1906 1238 misisset
1930 1207 2112 1238 Ieremiam:
2137 1214 2168 1238 et
2191 1218 2228 1239 ex
2247 1207 2320 1239 fidei
2335 1218 2373 1238 ac
2388 1207 2518 1238 rationis

1436 1252 1648 1284 documentis
1676 1259 1798 1283 certum
1827 1259 1892 1283 erat
1920 1252 2107 1293 oppositum
2139 1252 2206 1284 eius
2237 1252 2327 1293 quod
2357 1251 2516 1292 disposuit

1446 1297 1617 1334 Abraham,
1642 1296 1797 1338 quoniam
1821 1306 1908 1327 mors
1931 1295 1987 1326 filii
2008 1296 2186 1327 innocentis
2206 1297 2314 1327 divino
2330 1307 2365 1327 ac
2381 1296 2517 1327 naturali

1418 1356 1420 1370 τ
1445 1342 1512 1372 iure
1537 1341 1695 1382 prohibita
1719 1347 1774 1372 est.
1801 1341 1841 1372 Et
1864 1341 1948 1377 ideo,
1973 1340 2047 1382 quia
2073 1341 2218 1371 Ieremias
2243 1341 2385 1377 asseruit,
2409 1340 2449 1371 In
2467 1350 2518 1371 ve—

1446 1387 1542 1417 ritate
1566 1387 1651 1416 misit
1674 1395 1724 1416 me
1746 1386 1855 1423 Deus,
1882 1392 1913 1416 et
1940 1385 2102 1416 Abraham
2133 1386 2256 1426 paravit
2279 1395 2312 1416 se
2343 1385 2382 1416 ad
2406 1394 2516 1416 necem

1445 1430 1511 1467 filii,
1536 1430 1658 1470 optime
1681 1430 1814 1461 infertur
1836 1430 1926 1471 quod
1950 1437 2083 1471 uterque
2100 1430 2211 1461 habuit
2234 1431 2273 1461 de
2289 1429 2338 1461 his
2358 1429 2518 1461 certitudi-

1447 1485 1520 1506 nem
1545 1475 1728 1506 evidentiae.

1502 1519 1551 1550 Ad
1577 1519 1747 1559 singularia
1770 1526 1878 1550 autem
1895 1529 1976 1560 quae
1994 1519 2173 1550 obiiciendo
2191 1525 2374 1559 tanguntur,
2391 1516 2516 1555 sufficit,

1448 1571 1481 1595 ut
1506 1570 1590 1604 patet
1614 1574 1650 1594 ex
1681 1563 1781 1600 dictis,
1808 1563 1962 1594 certitudo
1987 1563 2186 1594 adhaesionis
2211 1563 2389 1595 secundum
2408 1562 2517 1594 fidem.

1501 1609 1539 1639 V.
1566 1608 1616 1638 Ad
1640 1608 1762 1639 obiecta
1786 1614 1892 1638 autem
1917 1615 2026 1638 contra
2050 1609 2223 1638 secundam
2247 1607 2473 1649 probationem
2489 1608 2517 1644 *,

1446 1697 1569 1727 divinae
1593 1696 1777 1728 revelationi
1801 1696 1899 1727 factae
1923 1696 2099 1733 Ecclesiae,
2124 1697 2298 1728 includitur
2320 1697 2410 1737 quod
2433 1696 2517 1728 inni—

1445 1741 1521 1772 titur
1535 1741 1717 1772 revelationi
1742 1741 1841 1772 factae
1865 1741 2090 1782 principalibus
2107 1741 2265 1772 Ecclesiae
2282 1741 2443 1778 membris,
2458 1740 2516 1772 sci—

1446 1785 1517 1816 licet
1540 1785 1716 1825 Prophetis,
1742 1785 1907 1825 Apostolis
1931 1792 1962 1816 et
1985 1785 2204 1826 Evangelistis.
2228 1786 2285 1817 Est
2304 1784 2463 1827 siquidem
2479 1795 2517 1816 ex

1446 1836 1532 1870 parte
1557 1829 1688 1860 humani
1705 1829 1827 1869 generis
1853 1829 2073 1866 necessarium,
2090 1829 2272 1861 necessitate
2288 1829 2393 1861 suavis
2410 1829 2516 1871 dispo*-

1446 1873 1568 1904 sitionis
1593 1883 1656 1914 qua
1680 1873 1785 1903 divina
1800 1873 1951 1914 sapientia
1968 1880 2080 1904 cuncta
2097 1874 2222 1905 ordinat
2237 1874 2264 1911 *,
2289 1881 2325 1905 ut
2341 1873 2439 1916 aliqui
2455 1874 2516 1905 ho-
2544 1877 2554 1888 ⁸

1418 1917 1420 1951 ζ
1447 1918 1549 1948 mines
1573 1917 1799 1948 revelationem
1826 1918 1865 1948 de
1890 1917 1938 1948 his
1961 1927 2042 1958 quae
2066 1917 2139 1949 fidei
2163 1924 2238 1949 sunt
2261 1928 2279 1949 a
2302 1919 2372 1949 Deo
2395 1917 2440 1949 sic
2462 1918 2517 1949 ha>

1446 1962 1572 1993 buerint
1596 1969 1631 1993 ut
1654 1962 1728 1992 certi
1753 1961 1869 1993 fuerint
1892 1961 2052 1993 evidenter
2075 1963 2164 2003 quod
2187 1963 2275 1993 Deus
2294 1962 2372 1993 haec
2390 1962 2516 2000 revelat,

1447 2014 1477 2038 et
1508 2007 1546 2037 ab
1577 2006 1638 2037 illis
1669 2006 1721 2036 alii
1753 2006 1843 2047 quasi
1875 2006 2022 2046 discipuli
2052 2017 2070 2036 a
2097 2006 2252 2047 magistris
2279 2006 2516 2040 instruerentur.

1419 2052 1420 2056 ’
1446 2051 1595 2082 Naturale
1620 2050 1778 2092 siquidem
1795 2057 1840 2081 est
1856 2050 1980 2081 homini
1996 2050 2113 2082 discere
2129 2051 2167 2082 ab
2184 2050 2331 2082 homine:
2357 2057 2388 2082 et
2412 2050 2517 2083 divina

1418 2101 1420 2118 ἑ
1447 2095 1599 2136 sapientia
1622 2094 1731 2125 infima
1756 2105 1811 2136 per
1835 2094 1938 2125 media
1960 2095 2115 2136 gubernat
2129 2095 2155 2126 *.
2180 2095 2222 2126 Et
2243 2095 2316 2127 licet
2339 2105 2405 2126 non
2421 2102 2518 2137 opor·
2547 2101 2556 2111 “

1418 2174 1421 2182 ⁴
1446 2146 1510 2171 teat
1533 2139 1707 2170 Ecclesiam
1732 2139 1792 2170 hoc
1817 2146 1902 2170 certo
1919 2146 2064 2180 tempore
2087 2140 2202 2171 habere
2217 2139 2438 2171 certitudinem
2453 2140 2518 2171 evi-

1447 2184 1571 2215 dentiae
1595 2185 1634 2215 de
1658 2184 1764 2214 divina
1787 2183 1977 2215 revelatione
2001 2194 2115 2215 eorum
2141 2194 2225 2226 quae
2253 2191 2327 2216 sunt
2349 2183 2439 2221 fidei,
2463 2191 2519 2217 ne-

1448 2238 1533 2260 cesse
1549 2235 1595 2259 est
1619 2236 1725 2260 tamen
1750 2235 1786 2259 ut
1807 2229 1876 2268 ipsa
1891 2229 2004 2260 habeat
2019 2229 2070 2260 vel
2093 2229 2237 2261 habuerit
2251 2229 2439 2260 huiusmodi
2454 2229 2519 2260 evi-

1447 2273 1606 2304 dentiam:
1639 2273 1782 2314 alioquin
1807 2283 1843 2303 ex
1871 2281 1958 2314 parte
1988 2274 2036 2304 sui
2061 2273 2200 2305 Ecclesia
2232 2283 2298 2305 non
2329 2280 2410 2305 esset
2437 2281 2520 2306 certa

1448 2318 1486 2348 de
1510 2317 1558 2347 his
1582 2327 1664 2358 quae
1687 2325 1761 2348 sunt
1786 2316 1874 2353 fidei,
1901 2324 2011 2358 utpote
2038 2318 2143 2348 nullos
2166 2318 2286 2349 habens
2310 2317 2344 2348 in
2367 2328 2400 2349 se
2424 2325 2521 2358 testes

1447 2362 1486 2392 de
1509 2361 1590 2392 visu.
1622 2362 1722 2392 Modo
1752 2369 1876 2398 autem,
1902 2361 1980 2392 dum
2010 2362 2168 2403 quaedam
2192 2362 2351 2393 Ecclesiae
2375 2363 2518 2394 membra

1448 2406 1579 2436 credunt
1608 2405 1675 2436 aliis
1706 2405 2035 2437 eiusdemEcclesiae
2067 2406 2217 2437 membris
2248 2416 2330 2448 quae
2353 2407 2517 2444 viderunt,

1447 2451 1574 2491 utrique
1597 2450 1698 2481 securi
1719 2450 1752 2480 in
1766 2449 1828 2480 fide
1844 2449 1971 2481 vivunt:
1996 2450 2082 2481 iuxta
2105 2450 2184 2482 illud
2210 2451 2221 2481 I
2238 2451 2324 2482 loan.
2341 2461 2352 2481 t
2367 2451 2400 2481 *z
2425 2451 2520 2489 Quod

1447 2495 1595 2532 vidimus,
1621 2500 1778 2526 testamur
1800 2500 1831 2526 et
1853 2496 2096 2526 annuntiamus.

1503 2539 1556 2570 VI.
1583 2539 1617 2569 In
1641 2540 1755 2570 eodem
1778 2539 1921 2575 articulo,
1947 2539 2026 2570 circa
2050 2539 2168 2570 calcem
2190 2539 2286 2576 illius,
2311 2539 2391 2571 circa
2406 2539 2519 2571 instin-

1447 2590 1515 2615 ctus
1539 2583 1715 2624 prophetici
1740 2583 1979 2620 correctionem,
2005 2583 2141 2615 dubium
2165 2583 2316 2620 occurrit,
2340 2594 2380 2615 an
2400 2584 2463 2614 hoc
2478 2583 2520 2615 sit

1446 2638 1567 2663 verum,
1593 2628 1682 2669 quod
1705 2628 1835 2669 quando
1860 2628 2034 2668 prophetae
2057 2637 2094 2658 ex
2110 2627 2259 2659 instinctu
2280 2635 2392 2665 errant,
2417 2629 2518 2660 corri-

1444 2678 1570 2714 gantur
1599 2682 1619 2703 a
1644 2672 1765 2713 Spiritu
1790 2672 1920 2709 Sancto,
1938 2678 1969 2703 et
1992 2682 2068 2703 vera
2089 2673 2236 2711 audiant,
2266 2682 2306 2703 ac
2332 2674 2517 2714 semetipsos

1446 2717 1690 2757 reprehendant.
1716 2717 1757 2747 Et
1779 2724 1826 2748 est
1849 2716 1928 2747 ratio
1952 2717 2040 2748 dubii
2063 2717 2139 2759 quia
2162 2716 2235 2748 hinc
2255 2717 2425 2748 auctoritas
2441 2716 2518 2748 Gre-

1445 2761 1525 2802 gorii
1550 2769 1671 2802 partem
1696 2761 1769 2792 dicit
1793 2761 2027 2793 affirmativam:
2060 2761 2134 2793 hinc
2164 2761 2354 2802 experientia
2384 2768 2518 2802 apparet

1445 2806 1478 2836 in
1502 2806 1700 2846 oppositum,
1726 2813 1755 2836 et
1779 2805 1868 2837 ratio.
1894 2805 1979 2844 Quia
2002 2806 2027 2837 si
2051 2805 2095 2838 sic
2111 2812 2201 2843 esset,
2219 2812 2403 2847 sequeretur
2425 2806 2515 2847 quod

1446 2861 1570 2891 semper
1600 2851 1755 2891 propheta
1786 2850 1975 2882 discerneret
2004 2851 2084 2882 inter
2112 2860 2209 2882 suum
2239 2860 2275 2881 ac
2298 2849 2444 2881 divinum
2468 2850 2515 2881 in·

1445 2895 1605 2931 stinctum,
1623 2895 1671 2926 vel
1695 2902 1780 2931 tunc,
1796 2895 1845 2926 vel
1869 2902 1943 2935 post
1966 2905 2022 2935 per
2038 2894 2258 2926 advenientem
2275 2893 2514 2926 correctionem.

1499 2940 1549 2970 Ad
1574 2939 1636 2970 hoc
1660 2938 1773 2970 dicitur
1795 2939 1885 2980 quod
1909 2939 2066 2980 propbeta
2090 2949 2146 2980 per
2167 2939 2355 2970 instinctum
2380 2938 2514 2980 duplici-

1444 2990 1489 3014 ter
1511 2983 1669 3024 loquitur:
1702 2983 1819 3015 scilicet
1847 2983 2008 3020 divinum,
2034 2983 2084 3014 vel
2109 2983 2286 3024 proprium.
2321 2983 2361 3014 Et
2394 2983 2419 3013 si
2443 2982 2515 3025 qui-

1445 3029 1518 3059 dem
1547 3028 1655 3059 divino
1685 3028 1836 3059 instinctu
1859 3028 2020 3069 loquitur,
2044 3027 2190 3069 quamvis
2214 3037 2280 3058 non
2303 3027 2459 3059 discernat
2482 3037 2515 3059 se

1443 3072 1535 3113 loqui
1559 3071 1668 3104 divino
1691 3072 1860 3109 instinctu,
1884 3079 2023 3104 attamen
2050 3072 2248 3112 impossibile
2272 3078 2319 3103 est
2342 3072 2432 3113 quod
2455 3071 2512 3103 fal·

1445 3127 1518 3148 sum
1534 3116 1628 3148 dicat:
1645 3117 1800 3158 quoniam
1816 3117 1942 3148 divinus
1958 3116 2124 3148 instinctus
2141 3125 2208 3147 non
2223 3122 2329 3157 potest
2344 3126 2412 3148 esse
2428 3116 2513 3157 priu-

1445 3161 1565 3202 cipium
1584 3161 1663 3192 falsi.
1688 3161 1730 3192 Et
1752 3167 1919 3202 propterea
1933 3170 1998 3192 non
2015 3166 2062 3191 est
2084 3167 2160 3191 tunc
2175 3161 2267 3192 locus
2283 3160 2481 3192 correctioni.
2493 3177 2514 3184 ·

1444 3205 1476 3237 Si
1501 3213 1609 3237 autem
1632 3205 1775 3246 loquitur
1798 3215 1835 3236 ex
1858 3205 1988 3245 proprio
2003 3204 2151 3236 instinctu
2168 3211 2322 3246 tanquam
2337 3215 2375 3236 ex
2391 3205 2510 3242 divino,

1444 3250 1612 3291 dupliciter
1635 3250 1816 3290 contingere
1840 3255 1954 3289 potest.
1977 3248 2096 3286 Primo,
2122 3255 2157 3280 ut
2180 3250 2284 3281 credat
2307 3259 2340 3280 se
2362 3249 2454 3291 loqui
2477 3258 2514 3281 ax

1445 3294 1553 3326 divino
1573 3294 1695 3335 spiritu.
1726 3294 1767 3325 Et
1793 3293 1872 3329 hoc,
1896 3293 1969 3324 licet
1991 3293 2091 3334 possit
2115 3293 2296 3334 contingere
2320 3293 2415 3326 alicui
2438 3303 2513 3334 pro-

1445 3339 1572 3380 phetae,
1598 3348 1664 3369 non
1687 3345 1793 3369 tamen
1821 3336 1983 3378 prophetis
2014 3338 2128 3368 sanctis
2153 3338 2318 3378 contingit.
2348 3338 2513 3376 Quoniam

1444 3383 1617 3423 prophetae
1641 3381 1756 3418 sancti,
1781 3381 1911 3422 quaudo
1934 3381 2043 3412 incerti
2075 3389 2149 3414 sunt
2178 3383 2218 3414 de
2246 3382 2420 3419 instinctu,
2443 3391 2511 3415 non

1445 3427 1586 3463 credunt,
1602 3426 1657 3457 sed
1678 3426 1886 3466 suspicantur
1909 3425 2053 3456 divinum
2069 3436 2136 3458 esse
2151 3426 2347 3464 instinctum,
2364 3426 2408 3459 ita
2423 3426 2512 3468 quod

1444 3471 1476 3502 in
1506 3470 1575 3502 sola
1603 3469 1784 3510 suspicione
1814 3468 1982 3501 falluntur:
2015 3478 2049 3502 ut
2078 3470 2267 3512 Gregorius,
2290 3471 2323 3502 in
2347 3469 2370 3502 Ι
2387 3470 2512 3504 Homil-

1442 3523 1541 3555 ευμεν
1550 3514 1678 3555 Erech„
1693 3513 1768 3545 dicit
1775 3513 1802 3544 *.
1820 3513 1859 3545 Et
1879 3521 1954 3546 tunc
1969 3522 2016 3546 est
2030 3514 2122 3547 locus
2141 3513 2338 3549 correctioni.
2356 3515 2418 3547 Sed
2437 3523 2510 3556 pro-

1442 3558 1545 3599 phetis
1570 3557 1692 3594 sanctis,
1719 3564 1847 3598 propter
1869 3567 1962 3589 suam
1981 3559 2188 3597 sanctitatem,
2213 3559 2304 3591 citius
2320 3557 2511 3599 divinaopi-

1442 3602 1562 3634 tulatur
1584 3601 1750 3633 correctio:
1776 3608 1812 3633 ut
1835 3609 1965 3634 testatur
1987 3603 2140 3636 correctio
2164 3603 2246 3636 facta
2267 3603 2393 3637 Nathan
2415 3611 2513 3644 super

1443 3645 1658 3677 aedificatione
1681 3646 1791 3687 templi
1806 3646 1833 3677 *.
1859 3647 2025 3687 Prophetis
2048 3654 2156 3679 autem
2181 3657 2245 3678 non
2262 3647 2376 3678 sanctis
2401 3646 2511 3678 huius-

2543 770 2553 780 ⁸
2566 769 2645 791 Matth.
2661 775 2710 797 cap.
2726 775 2754 796 x,

2543 802 2602 818 vers.
2629 801 2669 825 33;
2698 795 2753 818 Luc.

2543 829 2592 851 cap.
2605 828 2637 850 ix,
2647 828 2706 845 vers.
2717 822 2754 845 26.

2545 1611 2555 1622 ⁸
2569 1610 2640 1634 Num.
2655 1616 2692 1633 m.

2548 2454 2558 2465 ⁸
2571 2453 2638 2477 Vere.
2652 2459 2673 2482 ι,
2687 2460 2708 2483 3.

2540 3526 2549 3535 ·
2573 3524 2608 3547 α.
2632 3530 2681 3553 ιη.
2702 3522 2753 3547 Sed

2538 3553 2631 3574 cm.

2538 3626 2592 3681 Cn?
2600 3626 2687 3679 ,ε”.ἕκ
2698 3631 2751 3682 Σῖξῑ
