2768 4198
61 2539 71 2550 ⁴
80 2538 137 2567 Cap.
146 2537 271 2564 Adulter-ii,

61 2597 102 2614 m.
121 2601 134 2608 ·
149 2591 187 2614 Cf.
233 2581 271 2619 ug:

969 258 1238 304 QUAESTIO
1268 260 1403 306 CLIV,
1433 259 1731 297 ARTICULUS
1761 259 1828 296 XII

2424 269 2497 305 247

1044 368 1361 411 ARTICULUS
1391 369 1775 412 DUODECIMUS

418 459 574 490 UTRUM
597 459 752 490 VITIUM
777 459 958 490 CONTRA
981 460 1198 491 NATURAM
1222 461 1288 491 sn*
1313 461 1521 492 MAXIMUM
1545 461 1785 493 PECCATUM
1809 462 1941 493 JNTER
1971 462 2141 494 SPEC1Es
2166 463 2385 494 LuxumAE

482 539 556 570 Infra,
576 547 620 572 qu.
641 546 713 568 eux,
733 544 782 564 art.
806 547 828 568 1,
848 540 880 564 ad
901 547 934 570 2;
955 539 979 564 1⁸
999 540 1054 569 11⁸⁰,
1074 548 1117 572 qu.
1138 548 1223 571 Luni,
1244 546 1290 568 art.
1310 549 1341 573 7;
1361 542 1395 566 IV
1415 542 1506 570 Sem„
1526 542 1584 566 dist.
1603 549 1652 570 xm,
1673 548 1719 566 art.
1738 550 1764 573 4.
1783 542 1834 575 qu·
1855 542 1884 573 3;
1902 543 1947 568 Ad
1964 542 2055 573 Rom„
2076 550 2132 576 cap.
2151 550 2168 572 ι,
2188 543 2247 568 lect.
2264 550 2319 569 vm.

374 627 399 649 »ι
422 627 492 669 m«
516 623 539 648 D
576 622 815 648 Duonflcnvium
853 623 906 647 sm
941 622 1182 648 PROCEDITUR.
1213 611 1372 648 Videtur

357 671 386 684 ”
447 664 624 720 quod
660 663 795 700 vitium
834 672 963 700 contra
997 672 1170 701 naturam
1211 677 1288 701 non
1328 665 1373 701 sit

389 761 398 769 .
422 761 431 768 .
467 719 487 754 (1
517 717 728 754 maximum
747 725 947 766 peccatum
969 717 1065 754 inter
1093 718 1238 766 species
1267 719 1372 754 luxu-

477 759 605 807 riae.
635 771 762 807 Tanto
789 771 890 807 enim
919 770 1073 819 aliquod
1094 778 1295 819 peccatum
1318 778 1372 808 est

304 822 469 871 graviUS,
499 831 643 873 quanto
673 823 794 872 magis
824 824 1073 861 contrariatur
1101 824 1254 861 caritati.
1295 825 1372 861 Sed

304 876 424 924 magis
451 876 632 914 videntur
661 877 878 914 contrariari
910 877 1052 914 caritati
1076 877 1239 926 proximi
1268 878 1372 915 adul-

303 929 439 966 terium
457 938 492 967 et
507 938 680 980 stuprum
702 939 738 967 et
757 938 898 979 raptus,
920 943 1018 980 quae
1037 938 1201 978 vergunt
1220 931 1257 967 in
1278 930 1372 967 iniu-

303 982 397 1020 riam
427 984 603 1032 proximi,
625 996 742 1033 quam
760 992 918 1033 peccata
937 991 1068 1021 contra
1097 991 1283 1031 naturam,
1304 996 1373 1032 per

303 1049 402 1085 quae
422 1037 547 1075 nullus
567 1037 671 1074 alteri
701 1037 907 1074 iniuriatur.
937 1038 1041 1085 Ergo
1060 1045 1261 1085 peccatum
1283 1049 1372 1073 con-

302 1098 358 1127 tra
387 1098 561 1128 naturam
592 1103 670 1128 non
699 1099 755 1128 est
782 1090 995 1127 maximum
1020 1090 1116 1126 inter
1137 1089 1289 1138 species
1318 1091 1373 1126 lu·
1398 1113 1400 1116 -

302 1155 442 1180 xunae.

358 1209 392 1234 2.
413 1197 647 1243 Paxmsmzx,
669 1197 731 1234 illa
750 1203 907 1245 peccata
930 1195 1110 1232 videntur
1130 1207 1210 1231 esse
1231 1195 1372 1243 gravis—

302 1250 399 1287 sima
428 1263 527 1298 quae
540 1249 688 1298 (gontra
716 1251 844 1286 Deum
873 1247 1172 1285 committuntur.
1209 1248 1285 1285 Sed
1315 1260 1373 1284 sa-

265 1333 271 1335 .
302 1303 496 1350 czuegium
507 1298 656 1340 'directe
681 1302 931 1340 committitur
951 1309 1081 1338 contra
1101 1301 1252 1338 Deum:
1282 1301 1372 1350 quia

299 1356 421 1404 vergit
444 1356 482 1393 in
501 1356 676 1393 iniuriam
707 1355 824 1392 divini
846 1355 979 1392 cultus.
1011 1355 1112 1402 Ergo
1134 1353 1371 1401 sacrilegium

139 1410 153 1430 ⁴²
179 1410 273 1448 .¹'¹'‚j,
300 1417 357 1445 est
393 1409 544 1457 gravius
580 1416 782 1458 peccatum
821 1420 938 1456 quarn
966 1408 1102 1444 vitium
1141 1415 1272 1444 contra
1306 1419 1371 1444 na-

299 1469 435 1500 turam.
763 1500 765 1502 .

355 1516 390 1562 3.
411 1516 646 1562 PRAETEREA,
667 1522 771 1552 tanto
800 1514 957 1563 aliquod
986 1521 1185 1562 peccatum
1221 1513 1372 1551 videtur

301 1580 384 1607 esse
403 1569 567 1618 gravius,
588 1576 732 1618 quanto
754 1576 948 1605 exercetur
967 1566 1005 1604 in
1025 1579 1231 1616 personam
1252 1579 1370 1615 quam

300 1623 420 1670 magis
450 1622 603 1671 diligere
623 1622 822 1660 debemus.
853 1621 931 1658 Sed
951 1621 1164 1658 secundum
1194 1621 1369 1658 ordinem

300 1675 460 1713 caritatis
488 1675 609 1724 magis
637 1676 824 1712 debemus
862 1674 1014 1723 diligere
1043 1686 1227 1723 personas
1260 1675 1370 1712 nobis

300 1723 533 1776 coniunctas,
555 1741 653 1777 quae
682 1730 903 1778 polluuntur
930 1739 999 1777 per
1026 1727 1226 1774 incestum,
1254 1740 1369 1776 quam

300 1794 484 1831 personas
517 1790 731 1829 extraneas,
762 1794 861 1831 quae
893 1781 1083 1818 interdum
1105 1785 1122 1802 α
1150 1781 1371 1829 polluuntur

299 1847 368 1884 per
385 1836 521 1874 vitium
543 1843 675 1873 contra
693 1843 881 1872 naturam.
908 1835 1011 1882 Ergo
1031 1834 1194 1871 incestus
1214 1842 1270 1871 est
1288 1847 1370 1882 gra-

299 1889 385 1927 v-ius
414 1896 615 1938 peccatum
644 1901 761 1937 quarn
789 1888 926 1925 vitium
955 1895 1086 1924 contra
1114 1895 1301 1924 naturam.

353 1954 390 1990 4.
411 1943 645 1988 PRAETEREA,
662 1942 693 1978 si
711 1941 846 1978 vitium
868 1948 1000 1978 contra
1019 1948 1193 1977 naturam
1215 1949 1270 1977 est
1288 1953 1369 1989 gra-

299 1994 513 2042 vissimum,
533 1995 684 2032 videtur
703 1995 808 2044 quod
836 2002 941 2031 tanto
962 2001 1018 2031 est
1045 1994 1198 2042 gravius
1227 2002 1370 2043 quanto

301 2047 357 2087 e'st
385 2048 505 2096 magis
535 2056 666 2086 contra
694 2056 882 2085 naturam.
918 2047 994 2085 Sed
1024 2047 1189 2084 maxime
1217 2047 1371 2084 videtur

302 2114 384 2139 esse
413 2109 545 2139 contra
573 2109 749 2139 naturam
776 2109 978 2150 peccatum
1007 2100 1268 2137 immunditiae
1301 2113 1370 2138 seu

301 2155 489 2192 mollitiei:
519 2154 608 2203 quia
637 2156 711 2193 hoc
744 2155 911 2192 maxime
938 2154 1090 2191 videtur
1118 2166 1200 2190 esse
1235 2166 1368 2191 secun-

301 2209 394 2246 dum
430 2216 626 2254 naturam,
654 2215 696 2244 ut
723 2209 882 2245 alterum
911 2207 956 2244 sit
991 2219 1107 2255 agens
1136 2214 1173 2243 et
1207 2207 1368 2244 alterum

300 2261 458 2311 patiens.
488 2261 612 2309 Erg0‚
640 2261 852 2299 secundum
883 2261 974 2307 hoc,
1000 2259 1243 2297 immunditia
1272 2268 1371 2297 esset

299 2314 566 2364 gravissimum
586 2314 683 2351 inter
709 2314 800 2351 vitia
821 2321 951 2350 contra
980 2321 1168 2350 naturam.
1199 2313 1285 2350 Hoc
1305 2326 1370 2350 au-

299 2377 381 2407 tem
406 2376 463 2405 est
489 2367 639 2404 falsum.
670 2368 762 2404 Non
792 2379 881 2415 ergo
909 2366 1000 2404 vitia
1029 2374 1161 2404 contra
1193 2375 1368 2404 naturam

299 2429 388 2459 sunt
414 2421 638 2470 gravissima
666 2421 762 2458 inter
789 2428 946 2470 peccata
974 2420 1153 2458 luxuriae.

354 2475 428 2512 SED
458 2485 605 2512 CONTRA
633 2485 700 2511 EST
727 2474 832 2523 quod
861 2474 1095 2521 Augustinus
1124 2473 1231 2519 dicit,
1263 2474 1301 2510 in
1330 2474 1369 2510 li—

300 2530 369 2569 bro
399 2528 445 2564 de
471 2527 681 2564 Adulterin.
707 2527 904 2576 Coniugiis
916 2526 948 2574 ⁸,
979 2527 1086 2574 quod
1113 2527 1283 2563 omnium
1304 2528 1369 2564 ho·

301 2575 398 2626 rum,
420 2588 666 2629 peccatorum
686 2578 700 2609 β
720 2580 860 2617 scilicet
879 2592 978 2629 quae
1006 2580 1055 2618 ad
1079 2580 1266 2617 luxuriam
1286 2593 1370 2629 per-

300 2635 431 2679 tinent,
445 2634 651 2682 pessimum
681 2639 734 2670 est
760 2634 862 2682 quod
887 2639 1019 2670 contra
1048 2638 1226 2670 naturam
1243 2634 1306 2681 fit.

355 2688 582 2725 Responmzo
610 2698 795 2724 morannum
828 2687 934 2735 quod
962 2686 1000 2723 in
1029 2687 1198 2734 quolibet
1232 2698 1370 2734 genere

301 2741 468 2790 pessima
497 2747 552 2776 est
579 2739 752 2789 principii
783 2739 991 2788 corrupti0,
1023 2751 1067 2776 ex
1097 2752 1174 2788 quo
1204 2739 1276 2776 alia
1305 2740 1369 2776 de-

301 2793 480 2843 pendent.
511 2793 700 2842 Principia
728 2801 855 2830 autem
894 2792 1049 2830 rationis
1077 2800 1164 2830 sunt
1197 2804 1242 2829 ea
1270 2805 1370 2842 quae

301 2855 389 2884 sunt
416 2847 628 2884 secundum
658 2854 854 2884 naturam:
886 2858 975 2883 narn
1005 2845 1112 2892 ratio,
1134 2857 1370 2895 praesuppo-

301 2900 377 2938 sitis
397 2900 455 2938 his
475 2913 574 2950 quae
603 2907 690 2937 sunt
718 2912 739 2936 a
759 2907 892 2939 natura
921 2899 1182 2946 determinata,
1205 2899 1371 2948 disponit

301 2954 373 2991 alia
402 2954 615 2991 secundum
653 2953 758 3002 quod
793 2952 983 2990 convenit.
1022 2953 1070 2989 Et
1101 2953 1177 2989 hoc
1214 2960 1370 3001 apparet

301 3015 379 3044 tam
400 3007 439 3044 in
458 3006 700 3056 speculativis
720 3019 836 3054 quam
858 3006 895 3042 in
915 3005 1120 3054 operativis
1138 3010 1166 3042 Υ.
1197 3006 1245 3042 Et
1268 3006 1369 3053 ideo,

302 3060 397 3098 sicut
428 3061 467 3097 in
495 3060 736 3110 speculativis
772 3072 877 3096 error
905 3059 1003 3096 circa
1033 3071 1077 3096 ea
1112 3071 1277 3107 quorum
1307 3071 1370 3096 co-

302 3112 418 3160 gnitio
447 3122 503 3150 est
530 3113 678 3151 homini
706 3112 924 3150 naturaliter
951 3112 1084 3160 indita,
1115 3120 1171 3149 est
1197 3112 1371 3160 gravissi-

303 3178 390 3203 mus
419 3174 455 3203 et
482 3167 741 3215 turpissimus;
771 3166 821 3203 ita
848 3166 887 3203 in
915 3165 1071 3214 agendis
1098 3178 1209 3213 agere
1239 3173 1370 3203 contra

305 3231 348 3256 ea
385 3231 484 3267 quae
521 3227 608 3257 sunt
635 3220 849 3257 secundum
887 3227 1062 3256 naturam
1101 3219 1368 3266 determinata,

305 3279 359 3308 est
394 3272 660 3320 gravissimum
694 3280 730 3310 et
765 3273 1037 3322 turpissimum.
1075 3272 1176 3319 Quia
1214 3284 1302 3320 ergo
1331 3271 1369 3308 in

303 3324 402 3361 vitiis
443 3336 543 3373 quae
584 3333 671 3363 sunt
716 3334 847 3364 contra
884 3334 1059 3363 naturam
1100 3325 1370 3373 transgreditur

323 3455 327 3458 .
358 3438 385 3470 α)
406 3438 550 3463 interdum.
561 3451 580 3457 —
597 3438 756 3471 quandoque
773 3439 822 3472 pC,
839 3447 893 3465 om.
913 3440 960 3465 Pa.

358 3471 383 3506 β)
398 3476 580 3506 peccatorum.
593 3486 611 3492 —-
628 3473 755 3499 vitiorum
774 3475 820 3500 Pa.

357 3509 384 3542 γ)
403 3508 559 3541 operativis.
570 3522 589 3527 -
603 3509 733 3540 practicis
752 3509 797 3534 Pa.

358 3543 383 3576 ὃ)
403 3544 482 3577 quod.
495 3558 514 3562 -
531 3551 612 3576 quam
631 3544 832 3577 ABEFHKLpC
852 3549 877 3570 et
894 3552 928 3573 a:
946 3545 971 3570 G
989 3550 1019 3570 ut
1036 3554 1095 3572 nos.

357 3580 380 3612 ε)
399 3580 490 3605 etiam.
501 3594 522 3599 -
539 3579 602 3605 Om.
619 3580 674 3610 AL,
693 3584 753 3611 post
771 3579 863 3604 omnia
879 3581 952 3613 ponit
970 3581 999 3606 P.

1428 613 1546 648 homo
1575 612 1612 649 id
1642 613 1747 661 quod
1783 621 1838 649 est
1866 614 2078 650 secundum
2118 622 2291 651 naturam
2323 615 2494 652 determi—

1429 673 1558 701 natum
1588 665 1685 702 circa
1714 678 1826 702 usum
1861 678 2091 713 venereum,
2122 667 2210 704 inde
2240 676 2295 704 est
2324 669 2427 716 quod
2458 669 2495 705 in

1426 718 1487 754 tali
1522 718 1680 755 materia
1715 719 1790 755 hoc
1827 728 2027 768 peccatum
2060 728 2123 757 est
2159 721 2439 769 gravissimum.
2471 744 2494 750 -

1398 779 1399 788 ¹
1427 772 1518 808 Post
1546 772 1648 820 quod
1670 770 1683 793 ὅ
1713 780 1767 808 est
1794 772 1971 820 incestus,
1992 773 2068 822 qui,
2089 774 2185 811 sicut
2213 774 2354 812 dictum
2386 783 2440 812 est
2462 775 2493 823 ²⁸,
2523 809 2535 820 ,

1428 833 1482 861 est
1511 832 1641 862 contra
1662 826 1872 862 naturalem
1902 827 2154 864 reverentiam
2175 840 2291 875 quam
2319 829 2494 877 personis

1428 877 1637 914 coniunctis
1666 879 1864 915 debemus.

1481 931 1555 967 Per
1592 931 1683 967 alias
1721 938 1848 968 autem
1885 933 2053 968 luxuriae
2090 933 2234 981 species
2272 935 2494 982 praeteritur

1427 984 1550 1020 solum
1590 984 1628 1020 id
1657 984 1762 1032 quod
1800 992 1855 1020 est
1884 985 2096 1022 secundum
2134 986 2318 1024 rationem
2352 997 2492 1026 rectam

1429 1036 1742 1073 determinatum:
1774 1049 1819 1073 ex
1847 1038 2201 1086 praesuppositione
2230 1048 2359 1078 tamen
2386 1050 2493 1079 natu-

1429 1089 1561 1126 ralium
1591 1089 1876 1138 principiorum.
1916 1091 2038 1139 Magis
2068 1100 2195 1129 autem
2226 1103 2409 1142 repugnat
2436 1108 2493 1132 ra-

1428 1141 1518 1178 tioni
1538 1142 1644 1190 quod
1665 1142 1798 1191 aliquis
1817 1144 1992 1180 venereis
2012 1152 2136 1181 utatur
2156 1158 2234 1182 non
2259 1147 2384 1184 solum
2405 1160 2493 1185 con-

1426 1203 1480 1231 tra
1510 1195 1546 1232 id
1567 1195 1672 1244 quod
1693 1196 1872 1232 convenit
1897 1197 1992 1245 proli
2021 1200 2272 1246 generandae,
2294 1201 2360 1237 sed
2381 1201 2492 1238 etiam

1427 1258 1514 1284 cum
1536 1248 1672 1284 iniuria
1701 1249 1864 1286 alterius.
1904 1250 1953 1286 Et
1980 1250 2067 1287 ideo
2098 1251 2292 1289 fornicatio
2322 1254 2492 1302 simplex,

1427 1313 1526 1349 quae
1555 1301 1803 1338 committitur
1831 1302 1911 1339 sine
1940 1303 2074 1340 iniuria
2107 1305 2257 1342 alterius
2285 1318 2492 1354 personae,

1427 1362 1483 1391 est
1502 1355 1662 1391 minima
1682 1355 1778 1392 inter
1802 1355 1947 1404 species
1967 1357 2146 1394 luxuriae.
2167 1379 2191 1385 -
2221 1359 2347 1395 Maior
2365 1368 2493 1397 autern

1427 1407 1561 1444 iniuria
1590 1416 1645 1444 est
1673 1408 1702 1444 si
1735 1408 1820 1456 quis
1850 1410 2025 1446 abutatur
2062 1411 2219 1447 muliere
2249 1413 2399 1449 alterius
2428 1426 2495 1461 po-

1427 1460 1547 1498 testati
1576 1461 1746 1498 subiecta
1779 1462 1827 1498 ad
1856 1474 1967 1499 usum
2001 1464 2270 1511 generationis,
2301 1478 2416 1514 quam
2446 1468 2495 1503 ad

1426 1515 1548 1551 solam
1570 1514 1795 1551 custodiam.
1825 1516 1874 1552 Et
1902 1515 1989 1553 ideo
2010 1516 2237 1554 adulterium
2262 1526 2318 1555 est
2343 1519 2495 1567 gravius

1425 1580 1542 1616 quam
1582 1576 1768 1617 stuprum.
1794 1589 1818 1596 -
1848 1570 1897 1605 Et
1935 1577 2140 1619 utrumque
2175 1580 2401 1619 aggravatur
2428 1585 2496 1621 per

1425 1621 1656 1659 violentiam.
1686 1622 1848 1671 Propter
1870 1623 1988 1671 quod,
2010 1632 2137 1672 raptus
2156 1624 2309 1672 virginis
2339 1634 2394 1662 est
2412 1638 2494 1674 gra-

1424 1675 1509 1711 vius
1529 1687 1646 1724 quam
1667 1683 1862 1724 stuprum:
1893 1683 1928 1712 et
1948 1685 2076 1726 raptus
2096 1678 2224 1714 uxoris
2253 1691 2369 1727 quam
2390 1680 2493 1716 adul-

1426 1728 1573 1765 terium.
1593 1749 1618 1756 -
1638 1729 1687 1765 Et
1705 1730 1800 1765 haec
1827 1729 1939 1766 etiam
1960 1734 1972 1750 ⁸
2002 1731 2131 1767 omnia
2159 1739 2411 1779 aggravantur
2438 1745 2494 1770 se-

1426 1782 1594 1818 cundum
1610 1781 1798 1819 rationem
1818 1782 2012 1831 sacrilegii,
2033 1791 2074 1820 ut
2093 1796 2207 1833 supra
2222 1784 2242 1805 ’¹²
2262 1785 2403 1822 dictum
2426 1794 2491 1823 est.

1478 1836 1536 1871 An
1565 1846 1702 1872 ptumum
1726 1847 1824 1872 ERGO
1853 1848 2040 1873 mOENDUM
2060 1838 2175 1886 quod,
2197 1837 2291 1875 sicut
2319 1839 2415 1875 ordo
2437 1852 2494 1876 ra·

1424 1887 1534 1924 tionis
1563 1896 1687 1925 rectae
1717 1896 1772 1925 est
1791 1889 1840 1925 ab
1869 1889 2037 1934 homine,
2058 1890 2108 1927 ita
2136 1891 2233 1928 ordo
2261 1899 2418 1929 naturae
2439 1900 2494 1929 est

1425 1941 1472 1977 ab
1493 1941 1576 1990 ipso
1597 1942 1693 1978 Deo.
1726 1942 1774 1978 Et
1792 1938 1884 1979 ideo'
1900 1942 1938 1979 in
1968 1944 2132 1992 peccatis
2153 1952 2283 1981 contra
2303 1953 2490 1993 naturam,

1424 1995 1462 2030 in
1491 1994 1629 2043 quibus
1658 1994 1738 2043 ipse
1768 1995 1863 2033 ordo
1894 2003 2050 2033 naturae
2077 1997 2258 2044 violatur,
2287 1998 2330 2035 fit
2357 1998 2492 2036 iniuria

1425 2047 1494 2096 ipsi
1524 2049 1626 2095 Deo,
1658 2048 1878 2085 Ordinatori
1912 2057 2079 2086 naturae.
2119 2050 2231 2088 Unde
2259 2052 2493 2099 Augustinus

1426 2100 1526 2147 dicit,
1548 2102 1596 2137 111
1623 2102 1789 2150 Consess.
1805 2101 1843 2138 *z
1863 2102 2030 2152 Flagitia
2050 2115 2147 2151 quae
2165 2110 2253 2140 sunt
2273 2111 2405 2142 contra
2426 2118 2492 2142 na—

1425 2160 1562 2200 turam,
1585 2155 1720 2203 ubique
1747 2167 1794 2192 ac
1819 2154 1831 2178 ⁸
1858 2167 2006 2203 semper
2042 2157 2256 2194 detestanda
2290 2164 2402 2206 atque
2425 2171 2495 2207 pu—

1425 2207 1562 2244 nienda
1588 2214 1692 2254 sunt,
1721 2208 1850 2256 qualia
1878 2209 2159 2246 Sodomitarum
2183 2211 2369 2258 fuerunt.-
2398 2223 2495 2259 quae

1423 2261 1457 2296 si
1483 2272 1613 2297 omnes
1648 2267 1779 2311 gentes
1793 2262 1994 2309 facerent,
2024 2263 2154 2300 eodem
2183 2264 2351 2301 criminis
2387 2271 2494 2302 reatu

1425 2313 1552 2350 divina
1582 2314 1665 2363 lege
1693 2320 1917 2361 tenerentur,
1939 2327 2036 2363 quae
2073 2328 2147 2353 non
2176 2317 2229 2353 sic
2244 2318 2345 2364 fecit
2377 2319 2495 2355 homi—

1426 2379 1490 2404 nes
1529 2372 1569 2403 ut
1593 2379 1632 2404 se
1665 2367 1728 2404 illo
1768 2374 1960 2405 uterentur
1996 2370 2120 2406 modo.
2157 2370 2327 2407 Violatur
2361 2372 2496 2420 quippe

1425 2421 1505 2469 ipsa
1523 2421 1681 2457 societas
1709 2433 1806 2469 quae
1825 2433 1910 2459 cum
1940 2423 2022 2459 Deo
2044 2423 2150 2460 nobis
2173 2435 2253 2460 esse
2270 2425 2386 2470 debet,
2408 2437 2494 2462 cum

1425 2474 1556 2510 eadem
1586 2480 1723 2511 natura
1753 2475 1859 2512 cuius
1887 2475 1948 2512 ille
1965 2476 2111 2512 Auctor
2138 2482 2202 2522 est,
2223 2477 2384 2514 libidinis
2406 2490 2494 2526 per-

1425 2528 1598 2564 versitate
1619 2528 1815 2576 polluitur.

1477 2582 1537 2617 AD
1561 2593 1752 2619 SECUNDUM
1773 2593 1957 2619 DICENDUM
1977 2582 2082 2630 quod
2103 2582 2216 2619 etiam
2245 2583 2335 2620 vitia
2364 2591 2494 2620 contra

1426 2641 1600 2671 naturam
1631 2643 1719 2672 sunt
1748 2642 1879 2671 contra
1907 2636 2047 2682 Deum,
2069 2643 2110 2671 ut
2139 2635 2279 2672 dictum
2310 2644 2366 2673 est
2384 2637 2414 2673 ³.
2446 2638 2495 2674 Et

1426 2695 1530 2724 tanto
1559 2696 1646 2724 sunt
1682 2687 1858 2735 graviora
1887 2700 2005 2736 quarn
2042 2688 2223 2736 sacrilegii
2260 2691 2491 2738 corruptela,

1426 2747 1568 2789 quanto
1599 2741 1693 2778 ordo
1724 2749 1880 2777 naturae
1916 2742 2104 2778 humanae
2133 2742 2273 2778 inditus
2308 2751 2362 2779 est
2390 2743 2494 2791 prior

1426 2802 1462 2830 et
1481 2794 1649 2830 stabilior
1668 2806 1785 2842 quam
1806 2794 1962 2843 quilibet
1981 2795 2074 2831 alius
2096 2795 2190 2831 ordo
2216 2796 2490 2843 superadditus.

1478 2848 1537 2883 AD
1556 2859 1720 2884 TERTIUM
1739 2859 1923 2884 monimum
1944 2849 2049 2896 quod
2068 2848 2273 2896 unicuique
2293 2849 2491 2886 individuo

1425 2900 1544 2948 magis
1573 2909 1628 2937 est
1657 2901 1858 2937 coniuncta
1887 2909 2021 2938 natura
2059 2901 2196 2950 speciei
2225 2914 2342 2950 quam
2372 2903 2492 2951 quod-

1427 2966 1592 3002 cumque
1613 2954 1716 2991 aliud
1743 2954 1997 2991 individuum.
2029 2955 2077 2991 Et
2096 2955 2183 2992 ideo
2211 2963 2367 3004 peccata
2394 2968 2492 3003 quae

1426 3007 1523 3043 fiunt
1541 3012 1559 3034 η
1589 3016 1720 3044 contra
1749 3015 1922 3044 naturam
1953 3008 2102 3056 speciei,
2124 3015 2210 3044 sunt
2238 3009 2423 3056 graviora.

1479 3062 1538 3096 An
1568 3072 1742 3102 QUARTUM
1774 3072 1959 3098 DICENDUM
1989 3063 2094 3109 quod
2132 3061 2294 3109 gravitas
2332 3062 2370 3098 in
2404 3074 2492 3110 pec-

1426 3121 1510 3150 cato
1539 3113 1660 3161 magis
1680 3114 1883 3151 attenditur
1901 3126 1947 3151 ex
1975 3115 2096 3151 abusu
2116 3114 2271 3151 alicuius
2301 3115 2354 3150 rei
2374 3127 2491 3163 quam

1427 3178 1471 3202 ex
1500 3166 1707 3203 omissione
1729 3167 1844 3204 debiti
1864 3180 1967 3204 usus.
1998 3168 2047 3204 Et
2066 3167 2152 3204 ideo
2173 3168 2269 3204 inter
2291 3167 2382 3204 vitia
2403 3181 2492 3205 con-

1425 3227 1482 3255 tra
1497 3217 1509 3240 ⁰
1530 3227 1706 3256 naturam
1725 3219 1902 3256 infimum
1923 3221 2051 3257 locum
2080 3228 2182 3257 tenet
2200 3229 2401 3269 peccatum
2421 3222 2490 3259 im-

1427 3272 1647 3319 munditiae,
1668 3273 1774 3322 quod
1804 3273 1972 3310 consistit
2001 3273 2038 3310 in
2063 3274 2143 3310 sola
2173 3274 2381 3311 omissione
2402 3287 2490 3312 con-

1426 3325 1573 3362 cubitus
1611 3326 1658 3362 ad
1695 3327 1868 3362 alterurn.
1895 3347 1919 3353 -
1956 3326 2236 3364 Gravissimum
2271 3334 2397 3364 autem
2438 3336 2493 3365 est

1477 3439 1502 3472 ζ)
1523 3441 1618 3472 ubique
1636 3447 1677 3465 ac.
1690 3452 1711 3459 -
1730 3440 1774 3464 ubi
1791 3439 2014 3472 ABCEFHKpDI,
2039 3441 2134 3473 ubique
2153 3441 2209 3470 sm.
2229 3444 2259 3466 ut
2277 3442 2318 3467 ed.
2336 3449 2362 3472 a,
2382 3450 2435 3466 om.
2456 3442 2491 3471 L;

1424 3479 1482 3500 ante
1505 3475 1597 3500 eodem
1622 3475 1691 3500 addit
1714 3482 1812 3504 omnes,
1833 3480 1859 3500 et
1881 3483 1929 3508 pro
1953 3483 2028 3508 quae,
2047 3484 2102 3509 qua
2126 3477 2144 3501 Ρ
2151 3485 2158 3507 ;
2178 3484 2226 3509 pro
2250 3480 2357 3506 natura,
2378 3477 2492 3502 materia

1425 3510 1626 3543 ABCEFHLpK
1646 3515 1671 3535 et
1691 3518 1725 3539 a,·
1743 3510 1766 3535 G
1786 3515 1815 3535 ut
1833 3518 1881 3535 nos
1900 3510 2006 3543 ubique.

1476 3546 1502 3578 η)
1515 3545 1599 3578 fiunt.
1614 3560 1633 3565 -
1651 3549 1713 3571 sunt
1733 3545 1815 3578 PEpC
1835 3551 1860 3571 et
1878 3553 1905 3571 a.

1477 3579 1502 3608 θ)
1522 3585 1625 3606 contra.
1640 3596 1656 3600 -
1676 3589 1743 3614 quae
1762 3585 1825 3607 sunt
1842 3585 1938 3607 contra
1958 3582 2004 3607 Pa.

2522 1799 2531 1807 ¹
2546 1798 2596 1819 Art.
2618 1804 2650 1824 ιο,
2667 1797 2695 1819 ad
2714 1804 2733 1819 2.

2522 2119 2531 2128 ⁸
2546 2118 2603 2146 Cap.
2617 2124 2668 2140 vm.

2523 2643 2533 2653 ⁸
2547 2642 2614 2670 Resp.
2630 2642 2658 2663 ad
2674 2649 2687 2664 1.
