2768 4198
66 435 76 445 '
86 434 96 455 1
106 434 140 455 ad
152 434 215 460 Cor„
227 440 277 461 cap.

66 466 91 487 n,
107 466 164 482 vers.
175 461 196 482 8.

56 2090 102 2112 ’θ’
119 2089 269 2144 ’ἲῖἢῑιὲθὶἓ

56 2143 105 2166 mil.
112 2143 131 2165 L
137 2143 270 2172 intel-Quin·

55 2175 129 2199 φας.
165 2169 255 2192 Hamil.
260 2188 269 2198 ‚

54 2202 99 2225 cup
112 2202 148 2219 m.

56 2306 67 2317 ⁸
81 2306 148 2328 Vera.
161 2311 191 2335 31.

152 2359 171 2386 t

58 3213 69 3224 ·
86 3213 123 3234 De
136 3213 267 3241 Affecabus.

995 263 1261 309 QUAESTIO
1292 264 1429 309 CLXI,
1459 263 1755 300 ARTICULUS
1786 265 1815 299 11

306 340 348 369 Et
370 340 459 380 quod
483 340 611 370 Tullius
635 341 673 371 de
697 341 955 381 magnanimitate
974 342 1127 381 loquitur,
1145 352 1180 371 ac
1205 341 1276 371 forti
1300 342 1375 372 libe·
1400 348 1402 379 J

306 393 407 423 roque
440 383 569 414 animo:
596 395 661 414 non
682 386 720 414 de
745 385 934 418 humilitate.
952 395 1050 425 quam
1067 385 1206 425 theologi
1233 393 1374 422 tractant,
1399 381 1402 410 ,²

305 436 401 468 quam
427 438 518 458 nemo
535 429 720 468 principum
753 430 849 459 huius
872 430 995 460 saeculi
1023 431 1110 460 novit
1125 429 1154 459 *:
1181 430 1237 460 etsi
1262 431 1373 470 procul

305 471 437 501 odorem
462 471 561 512 ipsius
586 473 747 507 senserint,
773 473 892 513 aliquid
915 473 999 503 illius
1023 475 1216 504 mandantes.

359 516 410 546 Ad
435 517 606 546 secundam
630 517 863 557 probationem,
882 525 1013 558 negatur
1032 519 1120 558 quod
1145 518 1373 558 aequanimitas

304 559 336 589 in
359 561 519 600 prosperis
543 561 582 591 sit
609 567 700 592 actus
723 562 918 592 deliberatus
942 569 1000 592 etc.
1039 563 1121 592 Nam
1145 563 1372 603 aequanimitas

304 613 370 634 non
394 611 440 634 eat
459 615 578 636 nomen
603 613 707 642 actus,
732 607 785 636 sed
810 606 1026 646 dispositionis
1055 617 1109 636 seu
1136 614 1233 638 status
1257 607 1371 637 animi:

302 647 454 688 importat
477 649 563 679 enim
587 650 809 690 aequalitatem
833 651 939 686 animi,
965 661 1046 691 quae
1070 658 1115 681 est
1139 651 1282 687 effectus,
1308 661 1371 681 non
1397 667 1399 670 >

303 699 390 722 actus
405 692 538 726 virtutis.
565 694 604 724 Et
621 694 751 735 quidem
768 695 856 735 quod
872 694 904 724 in
922 695 1080 735 prosperis
1097 705 1161 725 non
1179 696 1302 726 recedat
1318 695 1371 724 ali·
1397 708 1398 714 1

303 735 374 776 quis
399 747 415 766 a
441 745 525 768 recto
560 745 641 768 statu
667 739 778 775 animi,
804 749 840 769 ex
870 739 978 769 multis
1005 739 1040 770 fit
1063 739 1240 770 virtutibus.
1274 740 1371 776 Quod
1396 742 1398 784 ξ

303 780 387 810 enim
411 791 477 812 non
493 783 615 813 recedat
632 793 688 823 per
704 783 799 813 animi
825 791 995 819 tumorem,
1011 783 1047 814 fit
1066 794 1121 824 per
1144 784 1369 819 humilitatem

301 825 391 864 quod
415 836 479 856 non
511 828 635 858 recedat
665 837 721 867 per
744 828 922 868 appetitum
954 828 1172 858 excedentium
1204 838 1294 858 suam
1326 828 1370 857 di-

301 869 465 908 gnitatem,
491 871 525 902 fit
549 882 604 912 per
629 872 936 912 magnanimitatem;
967 873 1055 913 quod
1080 883 1146 903 non
1171 873 1292 903 recedat
1316 882 1371 912 per

302 914 480 953 appetitum
503 916 722 946 inordinatum
746 916 911 953 vindictae,
936 916 970 947 fit
994 927 1050 957 per
1074 917 1369 951 mansuetudinem
1395 953 1396 956 Ἰ

302 958 390 996 quod
415 970 479 990 non
505 962 628 991 recedat
651 971 707 1001 per
730 961 895 991 libidinem
919 961 1093 1001 usurpandi
1122 961 1232 997 aliena,
1257 960 1291 990 fit
1314 970 1370 1000 per
1395 975 1397 992 ι,

301 1001 470 1041 iustitiam
502 1005 591 1046 quod
615 1015 679 1035 non
705 1015 760 1045 per
783 1005 1088 1045 concupiscentiam,
1113 1004 1149 1035 fit
1172 1015 1227 1045 per
1250 1011 1370 1044 tempe·
1395 1031 1397 1039 .

2420 263 2492 309 295

1429 342 1573 373 tantiam.
1601 343 1651 378 Et,
1676 343 1823 377 breviter,
1850 343 1929 372 clare
1954 349 2039 382 patet
2062 342 2150 382 quod
2175 341 2404 381 aequanimitas
2430 351 2493 371 non

1429 394 1474 416 est
1488 394 1585 423 actus,
1604 388 1658 416 sed
1673 394 1781 417 status.
1810 387 1851 417 Et
1874 386 1899 416 si
1923 386 2015 416 alicui
2031 386 2138 416 virtuti
2159 385 2334 425 specialiter
2357 385 2494 415 tribuen-

1428 431 1487 461 dus
1511 439 1592 461 esset
1608 431 1734 461 effectus
1753 431 1815 466 ille,
1834 430 1951 461 caritati
1973 431 2158 461 tribuendus
2176 437 2235 460 est:
2261 429 2415 470 quoniam
2439 439 2494 469 per

1427 475 1527 515 ipsam
1556 475 1655 505 homo
1680 485 1751 514 erga
1776 476 1896 510 Deum,
1922 475 2061 515 seipsum
2090 485 2124 505 ac
2149 474 2332 514 proximum
2355 480 2436 503 recte
2461 483 2492 503 se

1427 519 1534 555 habet;
1570 527 1601 549 et
1624 529 1693 559 pax,
1710 529 1791 559 quae
1823 519 2082 560 tranquillitatem
2114 518 2210 548 animi
2235 517 2342 558 ponit,
2375 517 2492 548 caritati

1426 563 1572 593 attributa
1596 563 1740 602 superius
1754 563 1772 583 *
1795 570 1849 594 est.

1482 608 1534 638 VI.
1560 608 1593 637 In
1618 608 1731 638 eodem
1755 608 1888 638 articulo
1914 608 2034 648 primo,
2060 608 2092 638 in
2117 607 2378 647 responsionibus
2402 616 2492 645 argu-

1426 659 1618 688 mentorum,
1643 659 1718 681 nota
1742 662 1823 692 quae
1847 652 1984 682 diximus
1998 652 2016 671 *
2038 652 2223 682 auctoritate
2247 650 2375 681 firmari.
2408 651 2492 680 Nam

1425 695 1457 725 in
1473 696 1679 736 responsione
1697 697 1734 726 ad
1759 696 1910 736 primurn,
1928 697 2024 726 habes
2040 696 2128 736 quod
2153 695 2316 726 humilitas
2332 702 2395 730 est,
2419 704 2491 725 cum

1424 740 1551 780 aliquis,
1569 740 1777 771 considerans
1792 740 1952 781 defectum
1968 750 2074 778 suum,
2093 746 2178 771 tenet
2190 750 2225 771 se
2240 741 2271 770 in
2289 739 2418 780 infimis,
2434 746 2492 770 etc.

1480 784 1519 814 Et
1543 785 1703 820 similiter,
1728 785 1760 814 in
1785 785 1991 824 responsione
2022 786 2062 815 ad
2086 792 2252 825 quartum,
2278 784 2366 824 quod
2394 793 2494 824 quan-

1424 835 1633 869 tumcumque
1657 829 1813 868 perfect0‚
1838 839 1875 859 ex
1899 829 2050 859 relatione
2079 839 2154 860 suae
2182 827 2429 869 imperfectionis
2453 828 2491 857 ad

1423 873 1538 908 Deum,
1564 874 1711 904 convenit
1735 873 1906 904 humilitas.

1478 917 1519 947 Et
1542 917 1573 946 in
1599 917 1804 957 responsione
1829 918 1867 947 ad
1892 918 2051 958 quintum,
2077 918 2164 958 quod
2189 917 2362 954 humilitas,
2379 926 2491 947 secun-

1423 961 1498 991 dum
1523 961 1606 1001 quod
1629 966 1676 992 est
1698 962 1846 1001 specialis
1870 963 1983 998 virtus,
2009 963 2196 1002 praecipue,
2221 961 2283 991 hoc
2307 968 2353 992 est
2377 960 2492 1001 princi-

1424 1005 1544 1044 paliter,
1565 1006 1695 1045 respicit
1717 1006 1952 1042 subiectionem,
1978 1013 2035 1037 etc.

1070 1156 1388 1198 ARTICULUS
1419 1156 1719 1198 SECUNDUS

839 1252 994 1283 UTRUM
1020 1251 1258 1282 HUMILITAS
1282 1250 1525 1281 CONSISTAT
1551 1250 1682 1282 CIRCA
1707 1251 1959 1282 APPETITUM

338 1372 346 1380 s
366 1358 395 1382 »ς
419 1363 486 1403 μζ(
512 1352 534 1376 ι)
549 1352 742 1377 SECUNDUM
757 1351 812 1376 stc
828 1351 1070 1376 PRocenrrua.
1086 1338 1247 1375 Videtur
1262 1338 1368 1386 quod

431 1392 480 1434 a·

425 1424 577 1496 [Nl‘ff‘sed
606 1446 725 1495 magis
756 1446 854 1483 cirea
877 1446 1060 1483 iudicium
1089 1445 1254 1482 rationis.
1286 1445 1366 1481 Hu-

376 1493 438 1525 ”“”
467 1491 646 1536 militas
676 1499 778 1536 enim
808 1499 1009 1548 superbiae
1039 1498 1257 1547 opponitur.
1289 1499 1364 1535 Sed
1393 1520 1395 1527 ι

298 1552 477 1602 superbia
505 1553 670 1590 maxime
700 1553 869 1590 consistit
897 1552 934 1589 in
961 1552 1020 1589 his
1049 1564 1148 1600 quae
1175 1553 1367 1601 pertinent

298 1606 348 1643 ad
376 1606 646 1654 cognitionem.
686 1606 785 1644 Dicit
815 1606 916 1644 enim
946 1605 1173 1654 Gregorius,
1204 1605 1367 1642 XXXIV

296 1659 443 1697 Moral.
462 1659 494 1706 *,
515 1660 621 1708 quod
647 1660 837 1708 superbia,
866 1671 952 1696 cum
981 1660 1146 1696 exterius
1174 1671 1291 1707 usque
1316 1660 1368 1696 ad

297 1724 433 1762 corpus
470 1714 684 1750 extenditur
703 1718 737 1757 α,
761 1714 872 1762 prius
897 1724 968 1761 per
999 1713 1128 1749 oculos
1159 1713 1366 1757 indicatur;

296 1766 400 1803 unde
420 1766 534 1803 etiam
562 1766 601 1804 in
619 1767 775 1803 Psalmo
795 1766 815 1788 '¹‘
840 1766 992 1803 dicitur:
1024 1766 1197 1811 Domine,
1219 1777 1293 1802 non
1314 1771 1368 1802 est

296 1820 506 1857 exaltatum
527 1832 594 1857 cor
621 1832 759 1866 meum,
781 1831 900 1868 neque
927 1820 1017 1856 elati
1040 1825 1128 1856 sunt
1144 1819 1244 1855 oculi
1270 1822 1366 1856 mei.-

297 1873 397 1911 oculi
420 1881 550 1910 autem
580 1874 747 1910 maxime
767 1873 987 1910 deserviunt
1016 1872 1231 1920 cognitioni.
1261 1873 1364 1920 Ergo

295 1926 447 1963 videtur
475 1928 582 1975 quod
609 1926 802 1964 humilitas
840 1926 1006 1963 maxime
1035 1926 1080 1962 sit
1109 1926 1207 1962 circa
1241 1926 1366 1973 cogni-

296 1979 460 2026 tionem,
491 1992 609 2028 quam
640 1980 687 2017 de
717 1992 756 2016 se
786 1979 919 2028 aliquis
952 1979 1126 2016 aestimat
1155 1991 1316 2027 parvam
1338 1977 1363 2016 β.

353 2044 388 2070 2.
409 2033 650 2080 PRAETEREA,
671 2033 905 2081 Augustinus
926 2033 1025 2079 dicit,
1046 2033 1083 2069 in
1103 2033 1199 2069 libro
1219 2032 1266 2069 de
1285 2033 1366 2069 Vir-

296 2086 404 2136 ginit.
424 2085 456 2133 ²¹²,
477 2086 583 2135 quod
608 2086 798 2123 humilitas
811 2098 910 2135 pene
937 2092 1013 2123 tota
1041 2086 1235 2134 disciplina
1260 2086 1366 2122 Chri-

296 2140 418 2177 stiana
453 2146 517 2177 est.
558 2139 660 2177 Nihil
690 2152 780 2188 ergo
816 2140 922 2189 quod
949 2140 987 2176 in
1025 2139 1221 2188 disciplina
1257 2139 1366 2176 Chri-

297 2193 418 2235 stiana
446 2193 671 2241 continetur,
692 2201 878 2242 repugnat
896 2193 1108 2230 humilitati.
1139 2192 1215 2229 Sed
1244 2192 1281 2228 in
1311 2192 1365 2230 di-

297 2246 454 2295 sciplina
482 2246 695 2284 Christiana
729 2246 986 2283 admonemur
1021 2247 1069 2283 ad
1105 2245 1363 2294 appetendum

297 2299 478 2337 meliora:
508 2300 722 2337 secundum
751 2300 842 2336 illud
871 2300 957 2337 lad
979 2300 1066 2336 Cor.
1087 2298 1194 2335 XI1*:
1223 2299 1363 2335 Aemu-

296 2353 430 2390 lamini
446 2357 462 2381 Υ
489 2353 719 2390 charismata
756 2352 927 2390 meliora.
965 2353 1068 2401 Ergo
1098 2353 1146 2389 ad
1174 2352 1363 2389 humilita-

295 2413 373 2443 tem
393 2418 472 2442 non
499 2406 660 2456 pertinet
679 2406 886 2455 reprimere
910 2406 1119 2455 appetitum
1141 2406 1364 2455 arduorum,

295 2459 363 2497 sed
391 2459 512 2507 magis
540 2459 858 2498 aestimationem.

350 2514 384 2550 3.
405 2513 641 2560 PRAETEREA,
663 2514 711 2550 ad
741 2513 905 2550 eandem
925 2513 1103 2550 virtutem
1126 2512 1288 2561 pertinet
1307 2525 1364 2550 re-

294 2566 442 2603 frenare
471 2567 710 2616 superfluum
746 2574 913 2613 motum,
943 2574 979 2603 et
1006 2566 1160 2603 firmare
1190 2565 1362 2603 animum

295 2627 427 2656 contra
447 2621 682 2670 superfluam
704 2620 990 2657 retractionem:
1022 2619 1116 2656 sicut
1136 2619 1271 2656 eadem
1290 2619 1362 2656 for-

294 2673 415 2710 titudo
437 2682 492 2711 est
511 2686 610 2721 quae
639 2674 803 2711 refrenat
822 2673 1036 2719 audaciam,
1058 2680 1094 2709 et
1119 2684 1217 2721 quae
1237 2673 1365 2710 firmat

295 2727 468 2765 animum
499 2735 630 2764 contra
658 2727 850 2764 timorem.
882 2726 959 2763 Sed
988 2725 1279 2773 magnanimitas
1300 2727 1364 2763 fir-

295 2788 376 2817 mat
409 2781 579 2819 animum
618 2788 749 2817 contra
786 2780 1024 2817 difficultates
1053 2791 1151 2827 quae
1189 2779 1365 2816 accidunt

294 2834 334 2871 in
361 2835 629 2883 prosecutione
648 2845 889 2882 magnorum.
921 2832 960 2869 Si
990 2844 1079 2880 ergo
1098 2831 1288 2869 humilitas
1307 2845 1364 2869 re—

294 2889 458 2925 frenaret
485 2888 695 2937 appetitum
726 2898 976 2935 magnorum,
1008 2893 1231 2934 sequeretur
1259 2887 1364 2933 quod

294 2941 487 2979 humilitas
516 2954 595 2978 non
631 2949 729 2978 esset
755 2940 876 2976 virtus
913 2938 1085 2976 distincta
1114 2951 1136 2975 a
1170 2939 1364 2986 magnani-

295 2995 437 3032 mitate.
468 2995 586 3041 Quod
614 3002 717 3043 patet
752 3006 834 3030 esse
863 2993 1011 3029 falsum.
1049 2993 1141 3029 Non
1176 3004 1266 3039 ergo
1294 2993 1364 3029 hu-

296 3048 433 3085 militas
462 3048 631 3085 consistit
659 3047 758 3084 circa
786 3046 997 3095 appetitum
1027 3057 1268 3093 magnorum,
1297 3047 1362 3084 sed

296 3101 415 3148 magis
443 3101 541 3138 circa
570 3101 884 3138 aestimationem.

348 3165 386 3200 4.
415 3155 658 3201 PRAETEREA,
689 3153 932 3191 Andronicus
969 3152 1077 3201 ponit
1110 3150 1362 3188 humilitatem

297 3206 397 3243 circa
425 3207 649 3245 exteriorem
679 3209 844 3245 cultum:
875 3206 963 3244 dicit
992 3206 1093 3242 enim
1112 3204 1133 3226 '¹‘
1160 3204 1265 3252 quod
1293 3205 1363 3241 hu—

297 3259 434 3296 militas
463 3267 518 3296 est
546 3261 693 3298 habitus
721 3273 796 3298 non
819 3260 1130 3308 superabundans
1157 3258 1363 3306 sumptibus

297 3318 332 3349 et
352 3313 721 3361 praeparationibus.
757 3315 861 3362 Ergo
890 3326 968 3350 non
999 3320 1055 3349 est
1084 3312 1182 3349 circa
1210 3319 1361 3348 motum

297 3365 497 3414 appetitus.

351 3480 378 3512 a)
397 3479 566 3505 extenditur.
577 3493 596 3498 -
612 3480 781 3505 extendatur
798 3480 874 3506 ΑΒΕ.

351 3515 376 3548 β)
395 3522 502 3548 quam...
517 3521 643 3547 parvam.
655 3528 675 3534 -
690 3522 742 3546 per
759 3522 866 3547 quam...
880 3523 970 3548 parva
989 3516 1041 3542 PD.

349 3551 376 3585 γ)
395 3550 583 3576 Aemulamim'.
595 3564 613 3568 —
631 3550 774 3583 elegamini
792 3550 882 3583 BFpC,
895 3551 1031 3584 elegamus
1043 3553 1094 3584 pA,
1108 3551 1238 3585 eligamus
1257 3551 1302 3581 sA,
1315 3551 1362 3575 eli-

295 3587 385 3621 gimus
404 3587 435 3618 K,
455 3591 520 3618 spat.
539 3593 594 3610 vac.
615 3586 637 3616 13
657 3586 828 3611 secundum...
849 3586 961 3611 meliora
979 3594 1032 3612 om.
1053 3587 1108 3612 HL.

1477 1338 1551 1374 SED
1572 1350 1719 1375 CONTRA
1739 1350 1805 1375 EST
1823 1341 1926 1387 quod
1948 1340 2181 1387 Augustinus
2206 1340 2305 1386 dicit,
2326 1341 2364 1378 in
2393 1342 2489 1378 libro

509 1393 702 1430 humilitas
722 1405 801 1429 non
821 1393 1000 1429 consistat
1021 1393 1119 1429 circa
1139 1392 1365 1440 appetitum,
1393 1386 1395 1454 Ξ
1422 1391 1467 1427 de
1494 1392 1635 1428 Poenit.
1656 1391 1687 1434 ²¹²,
1716 1392 1822 1439 quod
1850 1392 2003 1428 humilis
2033 1401 2087 1429 est
2115 1394 2181 1441 qui
2211 1394 2315 1443 eligit
2340 1395 2453 1431 abiici
2476 1393 2489 1416 δ

1393 1455 1394 1458 ’
1422 1444 1459 1481 in
1488 1445 1600 1481 domo
1629 1445 1797 1490 Domini,
1819 1445 1943 1494 magis
1963 1457 2077 1493 quam
2105 1447 2276 1483 habitare
2303 1448 2340 1483 in
2369 1449 2489 1484 taber-

1393 1499 1395 1515 1

1393 1537 1395 1553 1

1422 1498 1566 1534 naculis
1579 1503 1837 1546 peccatorum.
1869 1498 1946 1535 Sed
1968 1499 2098 1535 electio
2127 1499 2288 1548 pertinet
2308 1501 2355 1537 ad
2376 1513 2490 1550 appe-

1421 1550 1544 1588 titum.
1575 1551 1677 1599 Ergo
1707 1551 1899 1588 humilitas
1929 1552 2097 1588 consistit
2135 1552 2232 1590 circa
2262 1554 2490 1602 appetitum,

1422 1604 1541 1652 magis
1571 1617 1687 1653 quam
1717 1604 1815 1642 circa
1844 1605 2163 1643 aestimationem.

1474 1659 1702 1694 Respouneo
1731 1670 1918 1695 mcaNDuM
1946 1659 2065 1706 quod,
2091 1660 2186 1696 sicut
2214 1659 2355 1697 dictum
2386 1669 2441 1697 est
2459 1661 2490 1708 ²¹⁶,

1421 1710 1471 1747 ad
1498 1711 1752 1748 humilitatem
1780 1712 1934 1760 proprie
1954 1713 2116 1761 pertinet
2143 1720 2184 1749 ut
2212 1713 2347 1761 aliquis
2376 1715 2491 1763 repri-

1422 1771 1502 1800 mat
1530 1764 1710 1813 seipsum,
1738 1777 1786 1800 ne
1816 1765 1956 1802 feratur
1992 1766 2030 1802 in
2060 1778 2105 1802 ea
2134 1779 2233 1814 quae
2262 1774 2348 1803 sunt
2377 1780 2491 1817 supra

1422 1830 1473 1854 se.
1504 1817 1565 1854 Ad
1590 1818 1664 1854 hoc
1684 1825 1811 1854 autem
1839 1819 2096 1855 necessarium
2122 1827 2178 1856 est
2205 1827 2247 1856 ut
2274 1820 2408 1869 aliquis
2428 1834 2490 1857 co-

1421 1877 1579 1918 gnoscat
1598 1870 1636 1908 id
1664 1870 1703 1907 in
1723 1883 1799 1920 quo
1822 1871 1949 1909 deficit
1969 1885 1991 1908 a
2010 1873 2258 1921 proportione
2283 1873 2364 1910 eius
2384 1875 2489 1922 quod

1421 1936 1531 1960 suam
1559 1924 1740 1961 virtutem
1770 1925 1927 1962 excedit.
1957 1926 2006 1962 Et
2033 1925 2121 1962 ideo
2151 1926 2314 1974 cognitio
2347 1928 2491 1976 proprii

1421 1977 1591 2014 defectus
1606 1978 1767 2026 pertinet
1781 1978 1831 2015 ad
1850 1979 2101 2016 humilitatem
2116 1979 2212 2016 sicut
2230 1981 2358 2027 regula
2373 1993 2490 2029 quae-

1421 2030 1511 2067 dam
1551 2031 1732 2068 directiva
1768 2032 1968 2080 appetitus.
2014 2033 2091 2069 Sed
2128 2033 2165 2069 in
2202 2033 2285 2082 ipso
2322 2034 2490 2083 appetitu

1422 2084 1588 2121 consistit
1606 2084 1798 2121 humilitas
1819 2086 2076 2123 essentialiter.
2107 2087 2156 2123 Et
2174 2086 2261 2123 ideo
2283 2086 2489 2125 dicendum

1421 2145 1478 2174 est
1506 2137 1612 2185 quod
1630 2137 1824 2175 humilitas
1852 2139 2006 2187 proprie
2027 2147 2083 2176 est
2109 2140 2348 2177 moderativa
2366 2146 2378 2162 ε
2407 2153 2491 2178 mo-

1420 2198 1479 2227 tus
1509 2191 1710 2239 appetitus.

1474 2245 1533 2280 AD
1570 2255 1708 2280 PmMUM
1745 2255 1844 2281 ERGO
1879 2257 2064 2282 DICENDUM
2102 2245 2207 2293 quod
2238 2246 2451 2283 extollentia
2479 2246 2492 2272 ῑ

1419 2297 1620 2333 oculorum
1637 2305 1692 2334 est
1712 2297 1909 2345 quoddam
1929 2298 2080 2346 signum
2101 2299 2315 2347 superbiae,
2331 2299 2491 2348 inquan-

1419 2357 1500 2398 tum
1522 2350 1685 2387 excludit
1711 2351 1965 2388 reverentiam
1987 2359 2022 2388 et
2046 2351 2238 2389 timorem.
2270 2353 2491 2390 Consueve-

1420 2411 1507 2440 runt
1536 2404 1638 2440 enim
1667 2404 1844 2441 timentes
1874 2412 1909 2441 et
1936 2405 2184 2442 verecundati
2205 2406 2371 2443 maxime
2401 2419 2491 2444 ocu-

1419 2458 1477 2494 los
1507 2457 1733 2506 deprimere,
1755 2458 1864 2506 quasi
1893 2471 1972 2495 non
1995 2459 2180 2495 audentes
2209 2471 2249 2496 se
2278 2459 2358 2496 aliis
2387 2473 2491 2497 com-

1419 2523 1567 2559 parare.
1598 2512 1691 2548 Non
1716 2519 1844 2548 autern
1868 2524 1911 2548 ex
1941 2513 2016 2548 hoc
2044 2512 2214 2561 sequitur
2233 2513 2338 2561 quod
2366 2514 2491 2550 humi-

1418 2564 1502 2601 litas
1531 2564 1780 2601 essentialiter
1807 2565 1906 2602 circa
1935 2565 2189 2613 cognitionem
2220 2566 2408 2603 consistat.

1472 2619 1531 2654 An
1559 2630 1752 2655 SECUNDUM
1771 2630 1957 2655 D1CENDUM
1986 2619 2091 2666 quod
2111 2619 2267 2656 tendere
2296 2619 2334 2655 in
2364 2619 2489 2668 aliqua

1419 2672 1566 2708 maiora
1594 2683 1640 2708 ex
1667 2671 1910 2720 propriarum
1933 2671 2072 2708 virium
2101 2672 2343 2719 confidentia,
2365 2673 2488 2709 humi-

1418 2724 1506 2761 litati
1535 2724 1794 2762 contrariatur.
1826 2725 1901 2761 Sed
1930 2725 2035 2773 quod
2055 2724 2189 2773 aliquis
2218 2737 2263 2762 ex
2292 2725 2487 2763 confiden-

1418 2778 1468 2814 tia
1498 2778 1615 2815 divini
1644 2777 1769 2814 auxilii
1797 2777 1835 2814 in
1864 2777 2011 2815 maiora
2044 2778 2192 2825 tendat,
2221 2779 2296 2815 hoc
2324 2791 2402 2815 non
2432 2787 2487 2815 est

1419 2839 1550 2868 contra
1578 2831 1852 2868 humilitatem:
1882 2831 2104 2880 praesertim
2131 2844 2219 2868 cum
2248 2844 2294 2868 ex
2321 2833 2395 2868 hoc
2424 2832 2487 2868 ali-

1419 2884 1502 2933 quis
1522 2884 1642 2932 magis
1671 2885 1771 2933 apud
1792 2885 1920 2921 Deum
1951 2885 2132 2921 exaltetur
2158 2885 2264 2934 quod
2285 2885 2317 2921 ei
2346 2897 2386 2921 se
2406 2897 2486 2922 ma-

1417 2937 1472 2986 gis
1499 2950 1568 2986 per
1595 2937 1846 2975 humilitatem
1877 2938 2026 2974 subiicit
2044 2937 2075 2974 ²⁸.
2114 2938 2226 2975 Unde
2254 2938 2486 2986 Augustinus

1418 2991 1516 3037 dicit,
1537 2991 1575 3027 in
1595 2990 1691 3027 libro
1712 2991 1758 3027 de
1776 2991 1922 3028 Poenit.
1935 2990 1970 3027 *ε
2000 2991 2117 3028 Aliud
2142 2997 2197 3028 est
2216 2991 2344 3028 levare
2369 3004 2410 3028 se
2436 2992 2488 3029 ad

1417 3045 1563 3081 Deum.-
1591 3044 1697 3081 aliud
1714 3050 1768 3081 est
1783 3045 1912 3081 levare
1928 3056 1968 3080 se
1987 3050 2118 3081 contra
2136 3046 2273 3082 Deum.
2307 3045 2382 3086 Qui
2399 3050 2486 3082 ante

1418 3097 1522 3134 illum
1550 3109 1590 3134 se
1605 3097 1765 3145 proiicit,
1786 3098 1835 3134 ab
1863 3097 1925 3134 illo
1954 3098 2132 3147 erigitur:
2161 3098 2227 3146 qui
2242 3098 2423 3134 adversus
2442 3099 2484 3135 il-

1418 3150 1495 3187 lum
1523 3162 1563 3187 se
1590 3151 1713 3200 erigit,
1734 3151 1783 3187 ab
1810 3150 1872 3187 illo
1895 3151 2107 3198 proiicitur.

1469 3205 1528 3240 An
1544 3215 1705 3240 TERTmM
1720 3215 1906 3240 mCENDUM
1926 3204 2032 3251 quod
2047 3204 2086 3240 in
2106 3202 2324 3240 fortitudine
2339 3203 2484 3241 inveni-

1416 3264 1477 3293 tur
1498 3256 1632 3293 eadem
1658 3256 1751 3292 ratio
1777 3257 1991 3293 refrenandi
2020 3256 2221 3293 audaciam
2247 3264 2283 3293 et
2305 3257 2483 3295 firmandi

1416 3309 1590 3346 animum
1628 3317 1759 3346 contra
1796 3310 1991 3346 timorem:
2020 3309 2217 3358 utriusque
2252 3309 2352 3346 enim
2387 3311 2482 3347 ratio

1417 3370 1473 3399 est
1501 3374 1546 3399 ex
1573 3363 1648 3399 hoc
1667 3362 1772 3410 quod
1801 3363 1921 3400 homo
1942 3363 2056 3400 debet
2075 3363 2223 3400 bonum
2243 3363 2398 3400 rationis
2417 3376 2482 3413 pe-

1470 3477 1495 3511 ὃ)
1514 3478 1601 3503 abiici.
1614 3492 1633 3497 —
1651 3478 1774 3503 habitare
1792 3478 1820 3502 P.

1469 3514 1491 3545 ε)
1512 3513 1687 3539 moderatim.
1700 3528 1718 3532 -
1737 3513 1867 3538 directiva
1884 3516 1911 3538 et
1929 3513 2096 3538 moderativa
2116 3514 2161 3539 Pa.

1467 3548 1493 3581 ζ)
1513 3549 1681 3575 extollentia.
1693 3562 1713 3568 —
1731 3548 1891 3574 excellentia
1912 3549 2134 3581 ABCDFHILpE.

2520 559 2530 568 ⁴
2571 565 2593 580 u.
2610 566 2673 587 xxix,
2690 565 2732 582 art.

2519 591 2544 612 3;
2576 586 2588 598 ²
2612 586 2670 612 11³⁸,
2692 593 2731 614 qu.

2518 618 2572 638 Lxx,
2589 616 2630 634 art.
2646 619 2665 641 3.

2520 657 2530 666 ⁸
2543 656 2612 678 Num.
2629 663 2659 678 iv.

2518 1396 2527 1405 ⁸
2555 1395 2592 1416 ΑΙ.
2628 1395 2702 1417 Serm.

2518 1421 2616 1449 CCCLI,
2632 1428 2671 1443 seu
2687 1422 2730 1443 ho-

2518 1447 2565 1469 mil.
2570 1448 2588 1469 L
2593 1448 2652 1470 inter
2659 1448 2731 1476 Quin-

2517 1480 2589 1501 quag.
2627 1474 2729 1501 Hamil„

2518 1506 2567 1528 cap.
2583 1507 2599 1522 ι,

2617 1528 2632 1553 δ

2518 1664 2528 1674 ·
2542 1665 2593 1685 Art.
2609 1665 2714 1691 praeced.

2513 2947 2724 2976 Umbennum,

2512 2974 2724 3003 vers.12;t.uc.cap.

2512 3007 2559 3027 xiv,
2569 3007 2629 3023 vers.
2640 3008 2665 3023 ιι.

2513 3029 2522 3038 ·
2532 3027 2588 3049 Loc.
2596 3027 2635 3049 cit.
2643 3027 2666 3049 in
2676 3034 2724 3056 arg.

2510 3054 2566 3075 Sed.
2583 3054 2681 3077 Contra.
