2768 4198
2 84 14 101 r,

0 155 17 203 *t

0 202 14 232 ω’.

0 229 26 567 j
69 470 79 480 ⁸
87 469 169 492 Tract.
180 468 283 491 LXXIX.

24 1819 246 1845 ‚Ulmum-m.

15 2160 17 2162 ’
55 2178 68 2189 ·
85 2175 127 2199 Aa
149 2175 236 2200 σιω.
262 2182 270 2198 ι

15 2229 19 2234 .
56 2206 120 2226 cont.
135 2203 239 2226 coaetus
247 2209 269 2226 ε.

0 2719 9 2891 υ-νο-τ-,ι-ιη
7 2630 13 2636 ,

20 2710 27 2717 -

50 2980 61 2992 ⁸
75 2980 111 3003 Cf.
126 2986 191 3004 uum.
205 2987 235 3003 tv.

50 3072 61 3083 ⁸
76 3071 186 3094 Conclus-
200 3078 220 3094 π.

146 3346 176 3367 rv,
192 3347 215 3362 n.
229 3347 262 3369 3.—

128 3381 134 3388 .
149 3367 201 3389 lect.
217 3373 247 3389 rv-

961 270 1230 317 QUAESTIO
1261 271 1492 320 CXXXVII,
1522 272 1821 310 ARTlCULUS
1852 274 1863 309 1

365 353 424 388 AD
452 361 642 387 SECUNDUM
681 360 866 386 DtCENDUM
905 349 1009 397 quod
1048 351 1186 387 eodem
1226 351 1384 388 nomine

312 403 545 454 quandoque
574 402 795 440 nominatur
824 410 859 439 et
887 402 1018 449 virtus,
1040 410 1076 439 et
1094 411 1201 441 actus
1219 404 1382 442 virtutis:

311 457 407 495 sicut
440 456 675 507 Augustinus
705 455 812 502 dicit,
841 468 956 505 super
982 457 1091 493 Ioan.
1120 456 1159 494 *z
1193 458 1303 495 Fides
1331 464 1386 495 est

311 510 464 548 credere
491 510 593 559 quod
610 522 685 547 non
714 510 827 547 vides.
858 510 988 546 Potest
1006 517 1137 547 tamen
1164 510 1381 560 contingere

311 564 417 614 quod
455 563 588 613 aliquis
616 563 732 600 habet
765 563 938 600 habitum
976 563 1123 608 virtutis
1161 565 1224 614 qui
1252 574 1381 603 tamen

311 630 389 655 non
426 624 573 654 exercet
607 625 755 654 actum:
792 616 886 653 sicut
920 617 1054 666 aliquis
1091 629 1239 667 pauper
1267 619 1383 656 habet

310 671 481 708 habitum
511 669 836 718 magnificentiae,
868 683 955 707 cum
986 679 1114 708 tamen
1144 680 1271 710 actum
1302 685 1379 710 non
1408 673 1409 719 ξ

310 732 493 763 exerceat.
530 724 777 774 Quandoque
805 736 900 761 vero
940 724 1072 774 aliquis
1101 725 1247 763 habens
1275 726 1381 763 habi·
1407 768 1409 771 ⁸

308 787 389 816 tum
421 777 548 827 incipit
567 777 723 827 quidem
745 790 920 815 exercere
945 786 1085 824 actum,
1107 779 1175 817 sed
1199 792 1278 817 non
1297 792 1381 829 per·
1406 794 1408 832 j

308 831 403 869 ficit:
434 839 525 881 puta
549 831 579 868 si
600 831 823 869 aedificator
842 831 995 881 incipiat
1014 833 1216 870 aedificare
1247 841 1283 870 et
1302 846 1380 870 non
1406 833 1408 863 ἱ

1405 913 1407 917 «
1434 887 1521 933 hoc,
1541 887 1775 934 Augustinus
1804 886 1940 935 accipit
1967 888 2292 935 perseverantiam
2322 900 2392 937 pro
2422 895 2507 925 actu

309 886 499 935 compleat
519 885 693 923 domum.

362 939 425 976 Sic
454 951 544 987 ergo
576 939 781 977 dicendum
811 946 866 976 est
894 939 997 988 quod
1028 951 1173 976 nomen
1201 951 1378 989 perseve-

308 993 449 1031 rantiae
480 995 714 1042 quandoque
743 992 905 1031 sumitur
927 1004 999 1041 pro
1027 992 1158 1030 habitu
1187 1005 1264 1042 quo
1295 993 1378 1042 quis

307 1046 406 1095 eligit
441 1059 712 1096 perseverare:
749 1047 982 1096 quandoque
1019 1054 1147 1083 autem
1185 1058 1255 1094 pro
1292 1054 1378 1083 actu

305 1112 383 1149 quo
413 1100 498 1149 quis
527 1109 758 1150 perseverat.
788 1101 838 1137 Et
864 1100 1099 1148 quandoque
1127 1099 1282 1148 quidem
1311 1100 1378 1136 ha-

306 1154 400 1191 bens
429 1154 601 1192 habitum
631 1153 939 1204 perseverantiae
975 1153 1074 1201 eligit
1106 1152 1262 1201 quidem
1292 1165 1377 1201 per-

306 1219 495 1256 severare,
517 1216 553 1246 et
572 1208 701 1259 incipit
721 1205 856 1256 exequi
877 1205 1095 1254 aliquandiu
1115 1205 1376 1254 persistendo;

305 1274 383 1299 non
422 1270 524 1300 tame
590 1274 678 1299 com
707 1262 756 1299 let
790 1268 918 1298 actum
1000 1259 1063 1296 uia
1097 1271 1176 1296 non
1242 1259 1379 1297 ersistit

508 1275 555 1311 'n
679 1275 704 1312 p
926 1288 935 1307 '
973 1272 998 1308 q
1213 1271 1238 1307 p
1405 1281 1407 1358 l
1434 1313 1584 1350 habitus
1614 1313 1662 1350 ad
1696 1313 1924 1351 subiectum.
1956 1315 2004 1351 Et
2031 1314 2085 1351 sic
2115 1314 2362 1352 immobiliter
2389 1315 2505 1363 persi-

304 1314 494 1364 usquein
526 1316 657 1353 finem.
695 1316 763 1352 Est
791 1322 919 1351 autem
955 1313 1094 1362 duplex
1133 1311 1238 1349 finis:
1276 1325 1377 1350 unus

304 1368 460 1418 quidem
491 1369 555 1419 qui
584 1376 640 1406 est
667 1368 754 1406 finis
783 1367 931 1416 operis;
961 1367 1058 1403 alius
1087 1374 1216 1403 autem
1236 1366 1301 1415 qui
1323 1374 1378 1404 est

303 1422 388 1460 finis
417 1423 609 1460 humanae
637 1422 750 1460 vitae.
787 1423 862 1458 Per
890 1434 930 1458 se
959 1427 1087 1457 autem
1123 1420 1169 1457 ad
1198 1431 1377 1468 perseve-
1404 1427 1406 1465 j

355 1545 380 1578 ζ)
400 1546 485 1572 debet.
497 1559 518 1565 —-
536 1545 630 1570 debent
649 1545 773 1570 PCEGH.

2440 287 2510 323 109

1441 351 1598 388 rantiam
1632 350 1794 400 pertinet
1821 358 1863 388 ut
1890 350 2024 399 aliquis
2056 361 2276 400 perseveret
2309 365 2432 401 usque
2461 354 2510 391 ad

1439 405 1646 442 terminum
1674 404 1834 441 virtuosi
1864 405 2010 454 operis:
2040 405 2135 442 sicut
2164 406 2269 455 quod
2299 406 2406 443 miles
2426 419 2510 456 per-

1438 466 1589 495 severet
1627 470 1747 506 usque
1776 458 1826 495 ad
1862 458 1982 495 finem
2019 459 2253 506 certaminis,
2293 468 2329 496 et
2365 460 2510 508 magni-

1438 511 1534 548 ficus
1571 523 1694 560 usque
1732 512 1780 548 ad
1821 512 2196 550 consummationem
2235 512 2373 562 operis.
2414 514 2511 550 Sunt

1438 573 1565 602 autem
1586 565 1779 613 quaedam
1798 565 1957 602 virtutes
1977 567 2139 614 quarum
2159 574 2266 604 actus
2294 579 2362 616 per
2389 575 2508 604 totam

1436 618 1555 655 vitam
1578 619 1691 656 debet
1710 618 1722 644 ζ
1751 619 1900 666 durare,
1922 619 2019 656 sicut
2043 619 2147 667 fidei,
2170 620 2251 668 spei
2271 629 2307 657 et
2327 620 2508 657 caritatis:

1437 672 1527 721 quia
1564 673 1769 721 respiciunt
1805 672 1979 710 ultimum
2018 673 2136 710 finem
2167 673 2281 711 totius
2311 674 2411 711 vitae
2440 674 2509 710 hu-

1438 738 1587 762 manae.
1621 726 1670 763 Et
1696 726 1784 763 ideo
1813 734 1988 775 respectu
2014 727 2154 764 harum
2182 727 2380 775 virtutum,
2410 739 2509 776 quae

1437 787 1524 816 sunt
1551 779 1790 828 principales,
1820 792 1899 817 non
1928 788 2220 818 consummatur
2248 789 2355 818 actus
2382 793 2509 830 perse-

1435 833 1631 870 verantiae
1668 846 1789 883 usque
1829 834 1876 870 ad
1905 834 2024 870 finem
2059 833 2171 871 vitae.
2211 835 2259 871 Et
2294 835 2507 872 secundum

1434 940 1741 989 perseverantiae
1771 947 2053 976 consummato.

1489 995 1547 1030 AD
1572 1004 1733 1030 TERTmM
1762 1004 1946 1030 DICENDUM
1984 994 2087 1042 quod
2122 994 2251 1032 virtuti
2282 1002 2407 1044 potest
2443 994 2508 1031 ali-

1435 1046 1527 1095 quid
1557 1046 1764 1083 convenire
1785 1046 1993 1095 dupliciter.
2024 1047 2112 1084 Uno
2132 1048 2266 1095 modo,
2288 1060 2334 1084 ex
2352 1048 2507 1097 propria

1435 1099 1642 1136 intentione
1671 1099 1769 1136 finis.
1807 1100 1856 1136 Et
1884 1099 1937 1136 sic
1966 1099 2029 1137 diu
2065 1101 2266 1149 persistere
2300 1113 2424 1149 usque
2458 1102 2507 1139 ad

1434 1153 1552 1190 finem
1586 1153 1623 1189 in
1662 1154 1767 1190 bono
1802 1153 1963 1201 pertinet
1998 1155 2045 1190 ad
2084 1154 2287 1203 specialem
2325 1154 2505 1192 virtutem

1434 1219 1532 1256 quae
1555 1206 1690 1243 dicitur
1708 1206 2005 1255 perseverantia,
2021 1219 2119 1256 quae
2140 1208 2215 1244 hoc
2236 1208 2393 1245 intendit
2413 1208 2507 1245 sicut

1434 1259 1640 1309 specialem
1669 1260 1799 1297 finem.
1821 1282 1845 1288 -
1865 1260 1952 1298 Alio
1982 1261 2114 1308 modo,
2143 1273 2188 1298 ex
2217 1262 2505 1310 comparatione

1433 1375 1531 1404 stere
1561 1367 1806 1416 consequitur
1835 1367 2044 1416 quamlibet
2071 1368 2263 1414 virtutem,
2280 1368 2505 1416 inquantum

1435 1428 1490 1457 est
1518 1421 1679 1469 qualitas
1706 1421 1860 1469 difficile
1887 1421 2034 1458 mobilis
2052 1422 2083 1458 ²¹³.

972 1634 1309 1668 Commenta1·ia
1331 1633 1586 1668 Cardinalis
1609 1634 1811 1667 Caietani

329 1738 349 1759 a
365 1727 498 1759 articulo
515 1727 621 1768 primo
641 1725 837 1768 quaestionis
850 1723 1373 1764 centesimaetrigesimaeseptimae

302 1740 426 1805 Idubia
449 1773 516 1804 duo
540 1777 712 1803 occurrunt
727 1769 807 1801 circa
827 1779 944 1810 corpus
966 1769 1099 1806 articuli,
1118 1778 1154 1799 ex
1175 1768 1322 1804 Martino,
1339 1768 1373 1798 in

297 1827 355 1860 qu.
371 1828 382 1849 1
405 1817 445 1848 de
468 1815 716 1852 Perseverantia,
741 1814 772 1845 in
805 1814 921 1845 eodem
945 1820 1088 1845 tractatu.
1120 1813 1265 1844 Primum
1280 1812 1298 1831 *
1327 1819 1374 1844 est

297 1862 379 1894 circa
393 1861 551 1893 rationem
566 1871 649 1903 quae
665 1860 698 1891 in
720 1859 823 1890 littera
838 1858 980 1890 affertur:
1009 1858 1069 1889 Ubi
1091 1859 1233 1889 occurrit
1255 1858 1372 1897 specia-

298 1907 340 1938 tis
361 1908 446 1938 ratio
469 1906 672 1949 difficultatis
696 1909 727 1935 et
750 1903 839 1941 boni,
863 1903 905 1934 ibi
928 1908 975 1934 est
997 1903 1147 1943 specialis
1171 1903 1284 1932 virtus.
1309 1901 1373 1932 Sed

297 1952 330 1982 in
355 1952 443 1982 omni
465 1960 562 1992 opere
581 1950 710 1981 virtutis
733 1948 875 1979 occurrit
897 1948 1046 1988 specialis
1061 1947 1146 1978 ratio
1168 1946 1372 1988 difficultatis

298 2001 330 2027 et
351 1995 426 2027 boni
456 2005 498 2026 ex
530 1996 598 2036 ipsa
629 1993 842 2025 diuturnitate
871 1993 1045 2033 temporis:
1073 2001 1147 2022 nam
1178 1992 1237 2022 hoc
1267 1991 1370 2031 ipsum

297 2040 382 2082 quod
404 2045 452 2071 est
473 2040 530 2071 diu
554 2040 702 2070 insistere
724 2037 824 2068 alicui
846 2036 986 2078 difficili,
1002 2037 1171 2077 specialem
1195 2035 1371 2076 difficulta-
1397 2034 1398 2070 I

297 2090 359 2116 tem
375 2084 478 2116 habet.
503 2084 547 2115 Et
570 2084 640 2115 ideo
658 2082 836 2124 persistere
851 2081 907 2112 diu
931 2082 963 2112 in
979 2082 1089 2122 aliquo
1104 2081 1186 2111 bono
1210 2090 1310 2121 usque
1328 2080 1372 2111 ad

297 2129 600 2160 consummationem
630 2131 752 2168 spectat
782 2126 825 2157 ad
855 2126 1026 2167 specialem
1058 2126 1218 2156 virtutem.
1259 2124 1371 2164 Arguit
1396 2159 1397 2166 ἵ

296 2173 458 2215 siquidem
473 2180 583 2204 contra
598 2172 680 2203 hanc
695 2170 853 2202 rationem
869 2170 1036 2211 dupliciter
1046 2169 1072 2200 *.
1093 2169 1212 2205 Primo,
1230 2169 1306 2210 quia
1322 2178 1369 2199 se-

296 2224 447 2260 queretur
475 2217 566 2260 quod
590 2216 768 2248 secundum
791 2214 967 2256 quamlibet
990 2213 1261 2245 circumstantiam
1286 2223 1369 2254 quae

295 2269 403 2304 potest
430 2261 538 2294 afferre
566 2260 784 2292 difficultatem
812 2259 846 2290 in
876 2269 990 2299 opere,
1015 2259 1166 2299 ponenda
1194 2265 1276 2290 esset
1305 2268 1369 2288 una

295 2307 439 2349 specialis
461 2307 576 2343 virtus,
604 2312 640 2336 ut
668 2304 800 2346 ponitur
827 2303 1069 2344 perseverantia.
1093 2321 1113 2326 -
1136 2303 1293 2335 Probatur
1321 2313 1367 2334 se-

294 2352 398 2394 quela,
422 2351 482 2382 sub
506 2350 664 2382 maiorem
686 2348 786 2380 sancti
805 2349 954 2379 Thomae
978 2348 1214 2379 subsumendo:
1244 2347 1306 2379 Sed
1331 2357 1368 2379 ex

294 2396 530 2428 circumstantia
559 2395 632 2431 loci,
658 2394 748 2425 modi
772 2393 896 2434 agendi,
920 2392 1003 2429 finis,
1029 2403 1194 2434 personae,
1219 2393 1252 2424 in
1277 2393 1367 2423 omni

291 2440 407 2472 vinute
430 2447 477 2472 est
499 2439 644 2481 specialis
667 2438 748 2470 ratio
773 2437 964 2470 difficultatis
988 2437 1076 2469 boni.
1100 2438 1183 2468 Nam
1208 2437 1367 2469 difficilius
1392 2477 1394 2485 Ι

292 2491 339 2517 eet
361 2485 524 2517 continere
547 2485 627 2515 iram
651 2493 727 2515 cum
749 2483 957 2524 parvipensus
981 2489 1028 2513 est
1050 2482 1151 2513 homo
1171 2482 1203 2513 in
1223 2482 1365 2523 publico,

290 2540 391 2572 quam
413 2530 446 2560 in
470 2530 612 2572 privato;
644 2536 674 2560 et
697 2538 772 2559 cum
796 2539 814 2559 a
837 2538 938 2564 servo,
962 2537 1061 2568 quam
1091 2537 1166 2558 cum
1190 2538 1207 2558 a
1231 2527 1365 2558 domino

290 2575 341 2606 vel
364 2575 463 2606 socio.
487 2574 528 2606 Et
551 2573 695 2605 similiter
714 2572 872 2604 difficilius
895 2580 942 2604 est
957 2581 1098 2603 exercere
1113 2572 1266 2603 iustitiam
1290 2582 1365 2603 con-

291 2626 338 2651 tra
361 2627 528 2660 potentem
550 2628 650 2660 quarn
666 2626 775 2649 contra
791 2626 980 2659 pauperem;
1006 2624 1036 2648 et
1052 2627 1111 2657 pro
1128 2624 1273 2658 tempore
1297 2627 1365 2657 quo
1391 2653 1393 2656 .

1391 2664 1393 2675 ¹
1420 2661 1521 2691 rantia
1555 2661 1687 2701 ponitur
1719 2661 1799 2692 circa
1832 2661 2073 2692 diuturnitatem
2107 2668 2142 2691 ut
2173 2668 2219 2691 est
2250 2661 2494 2692 circumstantia.

291 2674 364 2705 eges
383 2664 517 2695 alicuius
534 2663 661 2699 auxilio,
686 2672 786 2703 quam
800 2672 859 2703 pro
879 2669 1024 2702 tempore
1041 2671 1108 2702 quo
1125 2671 1191 2692 non
1208 2671 1279 2702 eges
1295 2661 1363 2692 illo.

347 2709 507 2740 Secundo.
532 2708 619 2739 Sicut
643 2707 786 2748 specialis
811 2706 978 2738 difficultas
1002 2716 1039 2737 ex
1063 2706 1268 2738 diuturnitate
1284 2713 1365 2737 tem-

290 2753 378 2794 poris
402 2753 523 2790 accidit,
548 2753 591 2784 ita
616 2762 652 2783 ex
676 2751 834 2792 frequenti
858 2751 1044 2791 repetitione
1069 2751 1189 2791 operis:
1220 2758 1256 2782 ut
1279 2758 1366 2791 patet
1390 2781 1392 2793 ἱ

290 2798 324 2829 in
346 2798 467 2829 ieiunio
491 2797 760 2839 quadragesimae,
779 2804 809 2827 et
831 2796 864 2826 in
880 2795 1066 2837 quotidiana
1082 2795 1300 2836 persolutione
1317 2794 1364 2826 of-

289 2842 352 2874 ficii
377 2842 484 2879 divini,
502 2850 532 2874 et
556 2842 740 2883 praesertim
763 2841 796 2872 in
813 2841 922 2872 choro.
948 2841 989 2870 Et
1012 2847 1118 2870 tamen
1140 2841 1250 2871 beatus
1274 2840 1364 2870 Tho-

290 2897 359 2918 mas
382 2898 448 2918 non
471 2888 564 2928 ponit
587 2886 728 2928 aliquam
759 2886 928 2926 specialem
951 2884 1102 2915 virtutem
1125 2892 1255 2925 propter
1285 2883 1364 2915 diffi-
1389 2911 1391 2916 ,

291 2932 442 2964 cultatem
466 2943 503 2963 ex
526 2931 684 2973 frequenti
708 2931 895 2972 repetitione
920 2929 1034 2970 operis.
1059 2930 1155 2970 Ergo.

347 2977 384 3009 11.
409 2977 594 3008 Secundum
618 2976 754 3007 dubium
769 2975 787 2995 *
810 2982 856 3006 est
880 2974 959 3005 circa
984 2974 1224 3005 conclusionem
1246 2973 1362 3014 princi-

290 3021 406 3062 palem,
423 3021 555 3053 scilicet:
581 3021 828 3052 Perseverantia
853 3025 899 3051 est
926 3019 1075 3059 specialis
1092 3020 1204 3050 virtus.
1230 3018 1361 3053 Contra,

289 3066 395 3108 inquit
413 3066 447 3103 *,
472 3065 704 3108 perseverantia
733 3075 799 3095 non
823 3071 870 3095 est
893 3063 979 3094 aliud
1008 3074 1106 3105 quam
1129 3063 1229 3094 virtus
1258 3073 1361 3104 perse-

289 3121 419 3148 verans,
443 3111 629 3152 accipiendo
653 3110 803 3141 virtutem
828 3108 1042 3141 communiter
1065 3109 1105 3139 ad
1129 3115 1235 3139 actum
1264 3114 1295 3139 et
1321 3108 1362 3138 ad

289 3155 444 3187 habitum.
468 3157 635 3188 Probatur.
659 3156 749 3186 Tum
768 3154 844 3196 quia
866 3153 985 3185 iustitia
1008 3151 1053 3196 (et
1076 3153 1120 3184 sic
1143 3153 1182 3184 de
1206 3150 1288 3195 aliis)
1312 3152 1361 3183 in-

291 3200 385 3231 clinat
408 3201 448 3231 ad
467 3200 668 3236 eliciendum,
686 3199 910 3241 exequendum
927 3205 957 3229 et
973 3197 1228 3230 continuandum
1251 3196 1361 3228 tandiu

290 3244 433 3286 quandiu
454 3252 538 3278 recta
553 3245 633 3277 ratio
650 3245 755 3276 dictat.
779 3245 854 3275 Non
870 3253 945 3284 ergo
966 3249 1013 3274 est
1035 3242 1208 3274 necessaria
1225 3242 1286 3273 alia
1301 3241 1361 3272 vir-

290 3296 341 3320 tus
365 3295 495 3331 propter
514 3289 764 3321 diuturnitatem.
788 3289 988 3320 Antecedens
1011 3288 1165 3328 probatur
1188 3297 1224 3317 ex
1240 3286 1361 3317 Aristo-

289 3333 360 3370 tele,
378 3333 404 3364 11
428 3333 531 3365 Ethic.
547 3333 574 3371 ⁸,
591 3341 731 3375 ponente
754 3333 953 3365 conditiones
975 3332 1099 3363 virtutis
1117 3342 1154 3362 ex
1177 3338 1264 3372 parte
1285 3340 1361 3371 ope-

289 3378 402 3409 rantis:
431 3378 548 3409 scilicet
569 3379 659 3420 quod
683 3385 831 3419 operetur
846 3379 949 3409 sciens
972 3383 1002 3408 et
1026 3378 1160 3418 eligens,
1178 3381 1209 3407 et
1225 3381 1362 3416 propter

289 3424 358 3461 hoc,
377 3428 407 3453 et
411 3422 559 3464 fimiter
574 3428 604 3454 et
619 3423 830 3454 immobiliter.
848 3440 869 3446 -
883 3423 972 3454 Tum
987 3422 1072 3463 quia,
1090 3421 1196 3462 posito
1213 3427 1298 3452 recto
1315 3420 1360 3450 di-
1387 3412 1389 3451 Ξ

1387 3471 1389 3492 ι
1415 3463 1520 3494 firmat
1550 3463 1589 3493 ad
1620 3463 1674 3494 diu
1709 3462 1951 3504 persistendum.
1985 3461 2047 3493 Sed
2077 3462 2309 3502 perseverantia
2339 3471 2420 3502 quae
2452 3471 2488 3491 ex

289 3467 435 3504 emmim,
454 3474 484 3498 et
503 3466 656 3498 electione
671 3474 764 3505 recta,
787 3474 817 3498 et
839 3477 936 3508 opere
952 3467 1037 3498 iusto
1054 3466 1241 3498 continuato
1258 3474 1360 3506 usque

1485 1723 1644 1754 Secundo.
1670 1722 1703 1754 Si
1727 1723 1958 1763 perseverantia
1982 1731 2029 1754 est
2051 1723 2150 1754 virtus
2179 1724 2324 1755 distincta
2349 1735 2367 1755 a
2390 1725 2504 1756 virtute

1428 1774 1655 1808 perseverante,
1681 1775 1865 1808 sequeretur
1887 1777 2055 1808 processus
2078 1768 2111 1798 in
2135 1768 2307 1800 infinitum.
2333 1769 2418 1806 Quia
2434 1780 2503 1810 per-

1427 1822 1568 1843 severare
1592 1812 1647 1842 diu
1671 1811 1704 1842 in
1728 1812 1796 1852 ipsa
1820 1813 2052 1852 perseverantia
2074 1812 2170 1844 habet
2193 1813 2326 1844 eandem
2347 1814 2502 1845 rationem

1427 1856 1562 1888 difficilis
1592 1864 1623 1888 et
1649 1856 1726 1887 boni
1750 1866 1787 1887 ex
1816 1856 1886 1897 ipsa
1909 1857 2116 1889 diuturnitate
2149 1858 2302 1898 temporis
2326 1868 2426 1899 quam
2449 1859 2502 1890 ha-

1427 1901 1502 1932 bent
1525 1911 1622 1942 opera
1654 1900 1788 1932 aliarum
1811 1901 1977 1932 virtutum.
2008 1902 2081 1939 Qua
2110 1912 2185 1942 ergo
2216 1902 2338 1934 ratione
2371 1903 2502 1943 ponitur

1426 1945 1656 1986 perseverantia
1672 1945 1819 1978 distincta
1833 1946 1872 1977 ab
1892 1946 1970 1983 aliis,
1986 1947 2136 1987 ponenda
2153 1954 2199 1978 est
2215 1947 2360 1979 distincta
2378 1948 2416 1978 ab
2432 1948 2500 1986 ista,

1427 1997 1457 2022 et
1480 1990 1525 2021 sic
1548 1990 1582 2020 in
1604 1989 1778 2022 infinitum.
1802 1993 1878 2028 Aut,
1896 1991 2008 2022 eadem
2031 1991 2152 2023 ratione
2177 2002 2240 2032 qua
2264 1992 2334 2033 ipsa
2357 2002 2501 2033 perseve—

1426 2035 1525 2066 rantia
1549 2035 1680 2075 ponitur
1704 2035 1784 2066 circa
1808 2035 2050 2067 diuturnitatem
2074 2036 2122 2067 sui
2147 2043 2246 2073 actus,
2267 2037 2344 2067 aliae
2368 2047 2500 2078 quoque

1425 2080 1556 2111 virtutes
1581 2080 1796 2111 concedantur
1820 2081 1901 2111 circa
1924 2080 2165 2112 diuturnitatem
2189 2082 2310 2122 proprii
2333 2089 2432 2113 actus.

1482 2125 1534 2155 111.
1560 2125 1610 2155 Ad
1634 2124 1824 2156 evidentiam
1847 2125 1975 2162 horum,
2000 2125 2078 2156 scito
2104 2126 2210 2166 quod,
2234 2126 2315 2158 sicut
2338 2127 2501 2166 magnani-

1426 2169 1518 2200 mitas
1542 2168 1668 2209 respicit
1687 2179 1843 2210 magnum
1866 2169 1899 2199 in
1924 2179 2020 2210 opere
2045 2170 2278 2211 cuiuscumque
2300 2170 2434 2207 virtutis,
2458 2171 2501 2202 ita

1425 2213 1655 2254 perseverantia
1694 2213 1794 2244 virtus
1830 2213 1957 2254 respicit
1987 2214 2176 2245 diuturnum
2203 2214 2235 2245 in
2268 2225 2365 2256 opere
2396 2215 2500 2246 cuius-

1425 2267 1564 2299 cumque
1595 2258 1730 2289 virtutis.
1762 2259 1803 2289 Et
1826 2265 2009 2299 propterea,
2034 2258 2116 2290 sicut
2148 2268 2303 2300 magnum
2333 2260 2501 2299 dupliciter

1423 2303 1661 2334 consideratum
1685 2310 1731 2334 est
1755 2302 1901 2343 superius
1916 2303 1943 2340 *,
1968 2303 2087 2334 scilicet
2111 2311 2146 2334 ut
2161 2304 2302 2335 conditio
2319 2304 2424 2345 operis
2445 2306 2498 2336 ab·

1423 2347 1537 2384 solute,
1556 2354 1586 2378 et
1603 2355 1638 2378 ut
1653 2347 1733 2378 ratio
1750 2348 1964 2389 principaliter
1979 2348 2103 2379 obiecta
2119 2355 2150 2379 et
2165 2348 2301 2386 intenta;
2322 2349 2365 2380 ita
2381 2349 2501 2380 diutur-

1423 2393 1504 2424 nitas
1528 2392 1747 2423 consideratur
1763 2399 1795 2423 et
1818 2400 1854 2424 ut
1877 2393 2112 2424 circumstantia
2136 2393 2251 2434 operis,
2266 2401 2296 2425 et
2320 2394 2364 2424 sic
2381 2401 2500 2434 spectat

1422 2437 1462 2468 ad
1478 2437 1613 2468 eandem
1628 2437 1777 2468 virtutem
1798 2438 1837 2468 ad
1853 2448 1952 2479 quam
1967 2444 2087 2478 spectat
2105 2437 2185 2468 illud
2202 2447 2298 2479 opus;
2320 2445 2350 2469 et
2366 2446 2402 2469 ut
2418 2439 2498 2470 ratio

1422 2482 1636 2523 principaliter
1659 2482 1789 2513 intenta.
1814 2482 1856 2513 Et
1871 2482 1915 2513 sic
1939 2483 2071 2523 ponitur
2085 2482 2249 2514 obiectum
2273 2483 2417 2523 specialis
2436 2483 2496 2514 vir-

1421 2527 1497 2558 tutis
1521 2537 1604 2568 quae
1628 2527 1742 2558 dicitur
1765 2527 2005 2567 perseverantia,
2031 2534 2161 2568 propter
2184 2527 2339 2558 rationem
2367 2527 2496 2559 litterae.

1477 2572 1518 2602 Et
1541 2572 1581 2602 ad
1605 2571 1743 2612 primam
1768 2572 1924 2602 rationem
1941 2578 2051 2602 contra
2070 2582 2140 2602 eam
2156 2571 2182 2608 *‚
2208 2579 2341 2612 negatur
2357 2573 2495 2613 sequela,

1419 2616 1585 2657 loquendo
1610 2617 1648 2647 de
1672 2616 1914 2648 circumstantiis
1939 2623 1975 2647 ut
1997 2616 2059 2647 sic:
2089 2616 2244 2657 quoniam
2269 2627 2326 2647 nec
2354 2627 2496 2656 perseve-

1421 2706 1637 2737 Veruntamen
1669 2705 1854 2736 conceditur
1885 2706 1974 2747 quod
2003 2715 2226 2746 quaecumque
2262 2705 2495 2736 circumstantia

1420 2757 1525 2791 potest
1549 2750 1707 2781 transferri
1731 2750 1763 2780 in
1788 2750 1942 2780 rationem
1977 2749 2145 2780 formalem
2170 2749 2302 2780 alicuius
2327 2750 2403 2780 boni
2428 2760 2495 2780 mo—

1419 2795 1491 2826 ralis
1515 2795 1694 2826 secundum
1717 2795 1856 2835 speciem
1885 2794 2022 2825 distincti
2047 2795 2085 2824 ab
2109 2794 2195 2830 aliis,
2221 2794 2412 2825 constituere
2437 2805 2494 2834 po-

1419 2847 1479 2871 test
1510 2839 1679 2880 specialem
1703 2839 1863 2871 virtutem.
1895 2840 1986 2877 Quae
2011 2846 2118 2870 autem
2139 2838 2226 2869 affert
2249 2848 2393 2879 arguens,
2419 2847 2494 2870 sunt

1419 2884 1673 2916 circumstantiae
1706 2891 1741 2915 ut
1769 2885 1822 2915 sic.
1855 2884 1896 2915 Et
1919 2884 1992 2914 ideo
2017 2894 2082 2914 non
2113 2883 2234 2914 variant
2257 2883 2412 2923 speciem,
2438 2885 2492 2914 sed

1419 2929 1520 2969 magis
1544 2936 1599 2960 aut
1622 2929 1729 2959 minus
1754 2929 1785 2959 in
1811 2929 1921 2959 eadem
1946 2928 2060 2968 specie.

1474 2974 1526 3004 Ad
1550 2974 1727 3004 secundum
1752 2973 1867 3004 dicitur
1882 2973 1971 3014 quod
1989 2972 2137 3013 frequens
2161 2972 2304 3003 eiusdem
2324 2973 2428 3012 operis
2445 2982 2493 3002 re-

1418 3018 1528 3059 petitio
1544 3019 1583 3048 ad
1599 3018 1855 3049 observationem
1872 3017 1967 3048 unius
1984 3017 2089 3048 totalis
2109 3017 2214 3057 operis
2236 3017 2490 3053 consummandi,

1413 3063 1476 3102 ,sub
1497 3063 1702 3094 diuturnitate
1726 3062 2022 3103 comprehenditur:
2047 3061 2202 3103 quoniam
2226 3061 2368 3092 eiusdem
2393 3061 2491 3091 moris

1417 3114 1464 3138 est
1487 3117 1524 3138 ex
1547 3108 1723 3138 intentione
1753 3108 1881 3138 tendere
1906 3107 1945 3137 ad
1969 3106 2024 3136 diu
2047 3106 2257 3136 insistendum
2287 3105 2392 3146 operis
2416 3115 2491 3136 con-

1417 3152 1635 3189 summationi,
1660 3152 1687 3182 si
1710 3162 1793 3192 opus
1817 3161 1920 3182 unum
1951 3151 2069 3191 pluries
2093 3157 2259 3191 propterea
2282 3150 2491 3191 repetendum

1417 3203 1472 3234 est,
1490 3203 1521 3227 et
1544 3197 1570 3227 si
1594 3206 1691 3237 opera
1715 3196 1914 3227 succedentia
1938 3195 2000 3226 sint
2024 3195 2155 3226 diversa.

1473 3241 1526 3272 lV.
1551 3242 1600 3272 Ad
1618 3241 1795 3271 secundum
1812 3240 1947 3271 dubium
1961 3239 1987 3276 *,
2006 3246 2138 3279 negatur
2153 3238 2258 3279 primo
2275 3245 2488 3279 assumptum.

1417 3285 1476 3316 Vel
1507 3285 1719 3326 distinguatur
1749 3285 1839 3326 quod
1870 3283 2099 3325 perseverantia
2132 3282 2269 3314 sumitur
2303 3283 2488 3323 dupliciter:

1417 3329 1533 3360 scilicet
1556 3340 1593 3360 ex
1617 3329 1810 3365 conditione,
1829 3335 1859 3359 et
1882 3339 1919 3359 ex
1943 3327 2109 3369 principali
2132 3327 2318 3358 intentione.
2344 3328 2385 3358 Et
2400 3327 2489 3368 quod

1387 3375 1389 3404 Ξ
1416 3374 1645 3415 perseverantia
1670 3384 1707 3404 ex
1731 3373 1913 3404 conditione
1942 3373 2068 3403 habitus
2101 3379 2148 3403 est
2170 3372 2239 3413 ipsa
2261 3372 2361 3403 virtus
2384 3382 2488 3412 perse-

1415 3426 1542 3450 verans:
1575 3428 1650 3449 nam
1674 3418 1807 3459 quilibet
1830 3417 1956 3448 habitus
1979 3427 2016 3448 ex
2045 3417 2229 3448 conditione
2257 3416 2489 3448 immobilitatis

2534 1410 2543 1419 ⁴
2552 1410 2692 1432 Cf.Aristot.
2700 1410 2747 1432 Ca-

2533 1437 2580 1464 teg.
2592 1442 2643 1464 cap.
2651 1443 2682 1460 vr.
2692 1443 2714 1458 n.
2722 1444 2747 1463 4.

2575 2318 2598 2333 u.
2608 2317 2686 2338 cxxix,
2697 2317 2740 2334 art.

2527 2345 2550 2365 4,
2586 2342 2698 2361 omment.
2717 2345 2739 2360 n.

2526 2580 2535 2589 ⁸
2550 2578 2620 2600 Num.
2636 2585 2651 2600 ι.

2519 3247 2528 3255 ⁸
2543 3245 2614 3267 Num.
2630 3252 2655 3267 ιι,

288 3512 329 3542 ad
358 3511 456 3542 finem
487 3511 608 3552 operis,
633 3511 763 3542 remotis
793 3511 1050 3553 quibuscumque
1082 3511 1150 3541 aliis
1179 3510 1359 3546 virtutibus,
1387 3516 1389 3543 ς·
1416 3507 1581 3549 principali
1596 3507 1773 3539 intentione
1796 3506 1829 3537 in
1853 3506 1997 3548 quolibet
2012 3516 2108 3547 opere
2130 3506 2230 3537 tendit
2245 3506 2285 3536 ad
2300 3506 2403 3546 ipsam
2420 3505 2487 3535 diu-

288 3556 420 3597 ponitur
442 3555 682 3596 perseverantia.
706 3555 792 3595 Ergo
817 3555 1045 3596 perseverantia
1064 3555 1200 3587 iustitiae
1224 3564 1291 3585 non
1315 3560 1362 3585 est
1386 3546 1388 3575 ⁴
1415 3553 1608 3589 turnitatem,
1626 3562 1693 3582 non
1711 3558 1757 3582 est
1780 3551 1848 3592 ipsa
1873 3551 1970 3582 virtus
1994 3551 2141 3587 iustitiae,
2159 3551 2395 3591 temperantiae,
2417 3556 2485 3584 etc„

289 3601 349 3631 alia
372 3601 471 3631 virtus
494 3610 512 3630 a
535 3599 666 3631 iustitia:
692 3606 722 3630 et
745 3599 788 3630 sic
812 3600 851 3630 de
874 3600 951 3631 aliis.
1415 3607 1497 3639 quae
1521 3603 1706 3637 perseverat,
1732 3596 1786 3627 sed
1810 3595 1878 3627 alia.
1903 3613 1925 3619 -
1948 3596 1989 3626 Et
2003 3606 2059 3636 per
2075 3595 2136 3626 hoc
2158 3602 2244 3636 patet
2268 3594 2431 3635 responsio
2448 3593 2486 3623 ad
