2768 4198
45 382 55 392 ⁸
70 382 121 403 Art.
135 387 148 402 2
159 396 165 407 ‚
184 380 258 402 Corn-

46 411 118 430 ment.
133 413 198 429 num.
210 413 236 429 ιι.

946 253 1214 299 QUAEST1O
1244 253 1422 300 CXXIV,
1452 253 1751 290 ARTICULUS
1782 253 1833 289 iv
2440 255 2487 301 39

287 331 356 363 talis
380 338 427 362 est
450 330 615 367 fortitudo,
639 331 847 370 imperativus
871 338 980 361 autem
1003 331 1130 367 caritas,
1157 338 1192 361 ut
1215 337 1302 372 patet
1325 340 1362 362 ex

286 386 381 416 supra
395 375 413 395 *
437 375 537 406 dictis.
561 375 604 406 Et
627 374 738 406 caritas
761 375 903 416 quidem,
921 385 996 406 cum
1013 375 1199 406 fortitudine
1215 374 1360 415 gratuita,

286 431 304 451 a
327 420 396 451 Deo
420 418 609 455 infunditur,
633 426 664 450 et
683 429 750 450 non
770 426 816 450 est
839 419 966 450 habitus
982 420 1164 461 acquisitus.
1190 419 1360 451 Fortitudo
1386 443 1388 457 :

284 474 360 495 vero
384 464 537 504 acquisita
559 473 626 494 non
650 464 828 495 necessario
844 464 1014 505 requiritur
1029 465 1069 494 ad
1085 473 1191 495 actum
1207 463 1359 505 martyrii.
1386 462 1388 498 ἷ

284 509 377 539 Unde
401 509 510 539 nullus
529 508 656 539 habitus
672 509 847 549 acquisitus
863 509 1017 540 elicitivus
1033 509 1172 550 martyrii
1190 508 1362 550 requiritur
1385 543 1386 546 Ἰ

284 553 323 583 ad
343 553 540 594 martyrium.
565 553 631 583 Nec
647 562 684 583 ex
700 553 906 594 frequentatis
922 554 1130 584 electionibus
1146 563 1202 584 seu
1218 553 1360 593 imperiis
1384 559 1386 599 ,'

1384 604 1385 611 ¹
1412 597 1567 638 loquitur.

284 595 525 639 (concordando
542 607 616 628 cum
631 597 694 627 isto
717 597 750 628 in
772 598 936 629 vocabulis
961 598 1067 629 minus
1090 596 1242 640 propriis)
1265 607 1359 638 gene-

284 648 370 672 ratur
385 642 466 672 alius
485 641 611 672 habitus
634 651 733 682 quam
753 642 924 673 fortitudo:
950 653 1032 683 quae
1056 649 1161 682 potest
1175 641 1280 673 vocari
1304 642 1359 672 ha-

284 685 368 716 bitus
383 686 535 727 martyrii,
557 695 616 726 pro
640 693 762 727 quanto
786 686 892 717 firmat
915 687 995 718 circa
1020 687 1159 727 pericula
1173 686 1311 717 maxima
1329 693 1359 717 et

284 730 416 770 optima.
448 730 514 761 Nec
538 730 578 760 ad
601 731 839 770 generationem
863 731 1058 762 fortitudinis
1082 731 1252 772 requiritur
1275 741 1358 761 mar-

284 774 402 815 tyrium
418 774 617 814 simpliciter:
643 775 725 806 sicut
740 786 798 807 nec
814 777 854 806 ad
870 776 1107 816 generationem
1131 775 1357 816 temperantiae

283 819 454 859 requiritur
464 819 554 859 quod
567 820 730 851 actualiter
742 821 914 852 exercuerit
926 830 1115 861 supremum
1131 819 1358 860 temperantiae

283 870 390 894 actum
419 863 606 904 perfectum.
639 864 700 895 Sed
735 865 818 896 sicut
837 865 1038 906 fabricando
1055 865 1154 906 fabri
1166 865 1288 906 fimus,
1313 864 1357 895 ita

282 908 457 938 exercendo
481 918 541 939 nos
564 908 597 938 in
617 910 855 940 occurrentibus
872 910 994 941 actibus
1010 909 1202 950 opportunis
1226 908 1357 939 virtutes

1388 334 1390 339 '
1415 330 1479 367 illa,
1503 331 1559 362 sed
1582 331 1815 368 communiter;
1839 331 1913 362 ideo
1937 332 2195 372 suppositionem
2218 332 2304 362 illam
2328 332 2419 373 quasi
2439 342 2488 362 ve—

1416 385 1483 405 ram
1495 378 1618 407 Auctor
1634 376 1822 416 pertransiit,
1834 375 2050 407 insinuatione
2066 376 2237 417 praemissa
2253 376 2286 406 in
2301 384 2488 416 argumento

1415 420 1504 460 quod
1524 420 1563 451 de
1578 420 1755 460 integritate
1771 420 1872 452 carnis
1887 420 1920 451 in
1937 421 2049 452 ordine
2065 421 2104 451 ad
2122 420 2295 451 castitatem
2312 428 2358 451 est
2372 430 2487 456 sermo,

1415 473 1490 495 curn
1514 464 1605 501 dixit,
1636 465 1680 495 Et
1703 466 1747 495 ita
1772 465 1899 496 videtur
1928 465 2014 506 quod
2036 465 2216 506 corporalis
2238 466 2412 506 integritas
2435 475 2486 496 ca-

1413 509 1532 540 stitatis
1547 509 1765 550 praeferatur
1787 511 1872 540 vitae
1893 510 2076 550 corporali:
2098 510 2130 551 ly
2154 509 2240 540 enim
2263 510 2421 540 castitatis
2443 509 2488 539 in—

1413 553 1483 583 nuit
1513 554 1602 594 quod
1626 553 1664 584 de
1688 554 1845 594 corporali
1868 554 2044 594 integritate
2070 562 2105 585 ut
2133 554 2281 585 castitatis
2305 554 2486 593 signaculo,

1467 642 1518 672 Ad
1543 641 1663 682 reliqua
1688 642 1783 673 dubia
1808 642 1922 673 dicitur
1940 643 2030 684 quod
2054 643 2150 674 etiam
2172 642 2231 673 ista
2250 642 2416 683 responsio
2442 652 2487 672 re·

1411 685 1527 726 linquit
1551 687 1610 717 sub
1643 686 1741 717 dubio
1772 697 1811 716 an
1835 687 1923 718 Deus
1946 687 1986 718 sit
2013 687 2114 719 trinus
2143 694 2173 718 et
2197 697 2299 723 unus,
2321 694 2351 717 et
2373 697 2413 717 an
2438 686 2487 717 sol

1412 729 1452 760 sit
1481 730 1585 760 maior
1615 737 1682 761 tota
1709 738 1805 767 terra,
1831 739 1861 762 et
1888 731 2011 762 infinita
2038 732 2114 762 alia:
2148 741 2215 762 non
2245 738 2349 772 potest
2379 738 2485 762 tamen

1411 782 1578 814 propterea
1602 775 1805 815 reprehendi,
1831 775 1906 816 quia
1936 776 2033 807 dubia
2061 776 2121 807 ista
2149 783 2223 807 sunt
2250 775 2486 816 impertinentia

1411 819 1450 848 ad
1481 819 1735 859 responsionem.
1768 819 1887 851 Omnia
1916 828 2024 851 tamen
2046 820 2100 852 illa
2123 821 2182 851 tria
2209 821 2242 850 in
2266 821 2328 851 hoc
2352 820 2485 851 articulo

1410 863 1589 894 solvuntur.
1613 864 1696 894 Nam
1721 865 1898 895 secundum
1921 865 1954 895 in
1979 875 2112 905 corpore
2136 865 2268 901 articuli,
2293 865 2348 896 ubi
2373 865 2486 895 dicitur

1411 908 1500 947 quod
1523 914 1651 948 oportet
1674 908 1764 948 quod
1788 909 1828 939 sit
1850 909 2072 940 testimonium
2096 919 2272 945 summum,
2295 908 2358 940 hoc
2381 915 2428 940 est
2451 909 2483 939 in

281 952 487 992 acquirimus.
512 955 750 993 Argumentum
773 961 881 985 autern
905 953 1048 995 procedit
1071 964 1106 985 ac
1123 953 1148 983 si
1169 953 1356 994 martyrium
1410 961 1506 991 opere
1526 951 1653 982 mortis:
1678 959 1709 982 et
1732 953 1821 993 quod
1845 953 1884 983 sit
1900 952 1971 984 fidei
1995 953 2191 984 Christianae
2215 953 2447 984 testimonium.
2464 971 2483 975 -

281 1003 363 1027 esset
386 997 512 1028 habitus
535 999 734 1037 generandus
758 1009 795 1029 ex
811 999 932 1030 actibus
949 998 1108 1039 martyrii:
1133 998 1223 1038 quod
1247 1004 1294 1027 est
1317 996 1357 1027 ri-
1380 999 1384 1009 ’
1410 996 1566 1031 Tertium,
1592 996 1624 1026 in
1648 996 1706 1026 hac
1722 997 1940 1036 responsione,
1958 997 2152 1034 ubidicitur,
2177 998 2265 1038 apud
2287 999 2437 1029 homines.
2463 1015 2483 1020 -

41 1041 132 1064 '1⁰⁸n·
148 1047 199 1069 ΒΡ·
216 1047 255 1068 ¹V·
282 1040 437 1072 diculum.
462 1043 632 1080 Maiorem,
650 1043 754 1084 inquit
769 1043 914 1074 Christus
932 1043 1017 1074 Iesus
1033 1042 1060 1078 *,
1077 1043 1245 1073 caritatem
1263 1051 1356 1071 nemo
1380 1011 1384 1102 l
1412 1039 1589 1077 Quartum,
1618 1039 1651 1069 in
1675 1041 1786 1070 eadem
1816 1041 2039 1081 responsione,
2065 1042 2119 1072 ubi
2157 1042 2271 1072 dicitur
2306 1043 2395 1083 quod
2419 1051 2482 1072 non

41 1074 101 1091 ’ω’
117 1074 147 1098 ¹³⁸
281 1085 385 1123 habet,
404 1093 481 1123 etc.;
506 1093 537 1117 et
560 1096 626 1117 non
650 1088 744 1124 dixit,
769 1089 881 1119 Maius
904 1087 1102 1128 martrrium
1127 1096 1220 1117 nemo
1242 1085 1356 1122 Imber,-
1403 1085 1539 1124 proprie
1553 1084 1647 1114 habet
1663 1085 1819 1115 rationem
1835 1087 1999 1126 martyrii.
2017 1085 2048 1116 Si
2062 1086 2148 1116 enim
2165 1096 2230 1116 non
2247 1086 2374 1127 proprie
2390 1086 2484 1117 habet

281 1128 399 1161 docens
423 1131 513 1172 quod
537 1131 664 1169 caritas,
689 1132 847 1163 mediante
870 1131 975 1162 infusa
999 1130 1202 1166 fortitudine,
1227 1136 1274 1159 est
1301 1129 1355 1159 ha·
1409 1127 1565 1158 rationem
1586 1128 1737 1169 martyrii,
1761 1139 1818 1159 nec
1842 1130 1928 1170 apud
1948 1130 2054 1160 Deum
2079 1140 2136 1161 nec
2159 1131 2244 1170 apud
2268 1130 2415 1161 homines
2438 1138 2483 1161 est

281 1173 365 1205 bitus
391 1185 458 1216 quo
483 1175 555 1216 quis
579 1176 672 1216 ponit
694 1176 836 1207 animam
867 1186 926 1217 pro
950 1176 1021 1206 Deo
1046 1174 1166 1210 amico,
1191 1173 1281 1214 quod
1310 1180 1357 1204 est
1380 1193 1383 1217 5
1409 1172 1538 1212 proprie
1562 1172 1762 1213 martyrium.

280 1227 347 1249 esse
372 1226 553 1261 martyrem.
586 1220 651 1251 Nec
675 1227 802 1261 oportet
826 1230 944 1260 ponere
969 1219 1110 1260 aliquem
1133 1219 1278 1249 habitum
1304 1228 1355 1248 ac·
1380 1221 1382 1253 fi
1465 1217 1503 1247 X.
1529 1217 1564 1246 In
1588 1217 1796 1257 responsione
1820 1218 1859 1248 ad
1882 1219 2029 1255 tertium,
2054 1219 2179 1250 adverte
2213 1219 2301 1259 quod
2329 1219 2483 1249 Martinus

280 1262 436 1304 quisitum
454 1264 675 1298 inclinativum
698 1265 738 1295 ad
761 1265 968 1306 martyrium:
994 1263 1150 1304 quoniam
1166 1261 1292 1293 babitus
1308 1261 1355 1292 in—
1379 1255 1382 1312 J
1408 1259 1492 1297 dicit,
1506 1260 1539 1290 in
1555 1261 1667 1291 eadem
1683 1272 1713 1291 iv
1730 1271 1784 1303 qu.
1799 1262 1825 1298 *,
1839 1263 1928 1303 quod
1945 1273 2048 1294 carcer
2066 1264 2104 1293 ad
2121 1273 2219 1304 quem
2236 1263 2379 1303 sequitur
2396 1273 2482 1293 mors
2510 1275 2520 1285 ·
2535 1274 2644 1297 eonc1us.
2659 1282 2679 1304 3·

279 1306 345 1338 fusi
368 1304 538 1349 exiguntur
561 1317 591 1340 et
614 1309 786 1342 sufficiunt,
1379 1321 1394 1365 l
1408 1304 1550 1345 praevisa
1574 1312 1604 1336 et
1620 1312 1804 1347 contempta
1820 1314 1867 1337 est
1883 1307 2087 1348 martyrium:
2113 1316 2144 1338 et
2163 1308 2279 1343 subdit,
2304 1307 2394 1338 Huic
2409 1317 2483 1338 con-

337 1351 390 1384 lx.
416 1353 451 1384 In
480 1354 688 1394 responsione
712 1354 752 1384 ad
785 1353 974 1389 secundum,
997 1351 1134 1383 dubium
1157 1350 1294 1381 occurrit
1318 1360 1355 1381 ex
1379 1368 1381 1393 i
1408 1349 1546 1380 clusiom·
1569 1350 1696 1381 videtur
1719 1351 1943 1382 contradicere
1971 1352 2126 1391 Thomas,
2150 1353 2182 1383 in
2208 1352 2414 1392 responsione
2440 1352 2484 1382 ad

40 1396 52 1407 '
65 1395 176 1419 coneluo.
189 1401 211 1418 ³-
279 1395 428 1434 Martino,
446 1397 500 1428 ubi
517 1406 624 1438 supra,
641 1408 696 1439 qu.
715 1408 745 1428 ιν
756 1398 783 1435 *,
800 1397 923 1428 dicente
939 1397 1030 1438 quod
1045 1396 1104 1427 ista
1121 1395 1287 1436 responsio
1307 1405 1354 1426 re·
1379 1411 1380 1415 =
1407 1395 1537 1424 tertium
1562 1396 1672 1435 quarti
1695 1396 1828 1426 articuli
1842 1396 1882 1426 de
1906 1398 2078 1437 martyrio.
2103 1396 2222 1427 Mirum
2238 1403 2285 1427 est
2308 1396 2346 1426 de
2361 1395 2421 1427 ista
2436 1396 2483 1426 in-

278 1439 393 1482 linquit
409 1441 512 1481 multa
527 1442 634 1474 dubia.
653 1443 810 1480 Primum,
827 1452 867 1472 an
883 1441 984 1473 carnis
1003 1440 1165 1482 integritas
1182 1440 1222 1471 sit
1238 1440 1354 1480 pretio-
1378 1455 1380 1494 d
1407 1439 1630 1479 tei-pretatione
1653 1439 1751 1470 huius
1775 1441 2002 1480 responsionis.
2026 1442 2109 1472 Nam
2134 1451 2206 1472 cum
2239 1440 2316 1471 dicit
2341 1443 2482 1478 Auctor,

278 1483 343 1517 sior
358 1485 554 1527 vita:’quod
577 1493 684 1518 tamen
703 1487 830 1528 petebat
845 1493 1071 1527 argumentum
1087 1485 1138 1516 cui
1155 1484 1206 1515 hic
1223 1494 1354 1524 respon·
1378 1495 1380 1530 ᾗ
1408 1483 1470 1514 nisi
1483 1482 1578 1525 sorte
1599 1484 1776 1515 secundum
1799 1485 1885 1526 quod
1907 1495 1949 1516 ex
1971 1485 2021 1516 his
2042 1487 2188 1527 sequitur
2212 1495 2310 1523 mors,
2332 1495 2368 1516 ex
2392 1485 2482 1516 dictis

279 1529 380 1569 detur.
409 1547 430 1554 -
452 1530 654 1570 Secundum,
680 1531 758 1574 quid
789 1538 835 1562 est
858 1530 1081 1562 testimonium
1114 1529 1291 1560 sufficiens:
1323 1536 1355 1560 et
1378 1538 1379 1542 ¹
1406 1527 1440 1558 in
1457 1537 1590 1569 corpore
1615 1528 1738 1559 articuli
1755 1536 1786 1560 et
1809 1539 1846 1560 ex
1862 1529 2038 1560 subiunctis
2054 1530 2086 1560 in
2103 1530 2311 1570 responsione
2331 1530 2370 1560 ad
2390 1540 2482 1570 quar-

0 1594 3 1597 -
66 1595 71 1600 -
278 1572 381 1605 cuius.
404 1591 423 1598 -
452 1574 607 1614 Tertium,
632 1575 718 1616 apud
742 1586 850 1618 quem.
875 1593 896 1599 —
921 1575 962 1606 Et
984 1580 1148 1616 quartum,
1174 1584 1214 1604 an
1239 1573 1354 1604 mulier
1378 1575 1379 1587 ³
1406 1578 1487 1608 tum,
1504 1572 1635 1613 intelligi
1659 1573 1772 1604 voluit.
1797 1574 1844 1604 Ex
1860 1573 1908 1604 his
1926 1584 2064 1616 namque
2089 1581 2212 1606 constat
2233 1574 2322 1615 quod
2346 1575 2385 1604 ad
2401 1584 2482 1604 mar-

0 1618 6 1653 }
277 1617 400 1659 patiens
431 1619 671 1661 corruptionem
702 1627 832 1661 propter
861 1619 1044 1656 Christum,
1069 1619 1108 1651 sit
1138 1628 1210 1650 vere
1235 1625 1354 1660 martyr
1407 1617 1526 1658 tyrium
1549 1617 1683 1657 exigitur
1698 1618 1802 1648 subire
1817 1618 1997 1650 voluntarie
2014 1626 2167 1650 mortem:
2193 1626 2224 1649 et
2238 1626 2406 1659 propterea
2425 1618 2481 1659 qui

0 1659 4 1670 ·’
276 1661 364 1703 apud
385 1662 502 1695 Deum.
1407 1661 1526 1702 patitur
1544 1671 1699 1692 carcerem
1723 1663 1912 1700 voluntarie,
1937 1671 1967 1694 et
1991 1673 2057 1694 non
2082 1670 2219 1694 mortem
2243 1663 2317 1694 inde
2347 1673 2480 1703 sequen-

244 1714 252 1722 ·
311 1720 314 1730 τ
332 1706 385 1738 Ad
407 1707 471 1739 hoc
486 1708 600 1740 dicitur
616 1709 750 1741 breviter
768 1709 859 1751 quod
877 1708 995 1740 falsum
1010 1715 1056 1740 est
1075 1708 1165 1749 quod
1185 1717 1353 1747 argumen-
1378 1709 1379 1746 ζ
1406 1713 1482 1743 tem,
1499 1716 1566 1737 non
1589 1714 1636 1738 est
1659 1714 1796 1748 martyr;
1821 1715 1852 1739 et
1875 1707 1900 1738 si
1925 1718 2028 1739 carcer
2052 1715 2098 1739 est
2122 1709 2160 1739 de
2181 1718 2238 1739 sua
2261 1715 2372 1738 natura
2396 1717 2481 1738 mor-

277 1758 347 1784 tum
371 1758 491 1792 peteret
515 1763 556 1784 an
579 1764 635 1794 per
659 1764 691 1785 se
715 1754 876 1794 integritas
900 1754 1002 1785 carnis
1025 1754 1065 1784 sit
1087 1752 1257 1793 pretiosior
1279 1751 1352 1784 vita.
1378 1751 1379 1796 ᾗ
1406 1750 1486 1787 talis,
1507 1761 1525 1781 a
1548 1750 1724 1792 principie.
1749 1752 1927 1783 voluntarie
1951 1763 2108 1784 carcerem
2131 1753 2228 1784 talem
2251 1753 2373 1789 volens,
2398 1762 2480 1783 mar-

276 1795 341 1830 Sed
362 1805 602 1837 argumentum,
626 1798 689 1830 hoc
713 1798 900 1839 supposito,
926 1798 1030 1839 arguit
1052 1797 1143 1839 quod
1166 1797 1231 1837 pati
1254 1796 1353 1828 viola-
1378 1797 1379 1811 ³
1407 1795 1477 1836 tyrii
1508 1802 1615 1826 actum
1639 1795 1759 1836 incipit.

276 1836 399 1883 tionem
422 1841 607 1882 integritatis
631 1850 678 1874 est
705 1843 909 1885 martyrium,
935 1850 971 1874 ut
1000 1849 1086 1883 patet
1111 1841 1143 1872 in
1167 1841 1280 1872 littera.
1312 1841 1354 1871 Et
1377 1872 1379 1874 ,
1461 1839 1514 1871 ΧΙ.
1541 1839 1575 1869 ln
1600 1840 1807 1880 responsione
1832 1841 1872 1871 ad
1895 1848 2045 1882 quartum
2071 1842 2213 1872 eiusdem
2237 1841 2341 1882 quarti
2357 1841 2479 1872 articuli

275 1885 349 1917 ideo
373 1885 398 1916 si
418 1885 501 1918 dicta
520 1887 665 1929 quaestio
683 1897 748 1918 non
766 1887 993 1919 determinatur
1008 1887 1040 1917 in
1057 1886 1115 1916 hac
1130 1885 1349 1926 responsione,
1377 1886 1378 1923 J
1405 1883 1540 1914 dubium
1557 1884 1693 1915 occurrit
1706 1894 1742 1915 ex
1755 1885 1902 1922 Martino,
1920 1885 1951 1916 in
1966 1886 2077 1916 eadem
2091 1896 2144 1927 qu.
2159 1896 2190 1916 1v
2200 1886 2227 1916 *.
2244 1886 2276 1916 Si
2293 1885 2479 1916 huiusmodi
2507 1890 2516 1899 ⁸
2533 1889 2642 1911 Conclus.
2657 1896 2680 1916 4·

277 1928 357 1961 affin
384 1930 503 1962 obstat:
535 1931 611 1972 quia
634 1934 756 1963 Auctor
779 1931 950 1972 respondet
973 1941 1039 1962 non
1063 1930 1204 1961 curando
1233 1930 1272 1960 de
1296 1929 1350 1960 tali
1376 1928 1379 1956 ἷ
1404 1927 1570 1959 tolerantia
1593 1927 1805 1959 afflictionum
1828 1937 1883 1966 est,
1908 1931 1994 1971 apud
2018 1937 2058 1967 te,
2083 1938 2171 1961 actus
2188 1929 2329 1971 martyrii
2350 1930 2478 1961 merito·-

276 1973 509 2015 suppositione.
530 1975 576 2006 lta
591 1976 691 2016 quod,
708 1986 782 2007 cum
795 1976 952 2017 potuisset
966 1975 1157 2016 respondere
1173 1973 1350 2015 dupliciter,
1376 1961 1378 1985 ⁵
1403 1972 1478 2009 riuS,
1503 1979 1558 2003 aut
1577 1979 1624 2003 est
1647 1982 1706 2013 pro
1720 1973 1848 2005 instanti
1873 1974 2060 2006 terminante
2077 1975 2351 2006 continuationem
2368 1984 2477 2005 earum

276 2017 394 2050 scilicet
413 2019 453 2050 ad
473 2019 741 2060 suppositionem,
762 2027 794 2051 et
816 2027 1052 2060 argumentum,
1076 2019 1206 2050 dimissa
1229 2028 1289 2059 sup
1315 2028 1350 2049 o-
1375 2030 1377 2057 3
1403 2017 1444 2047 ad
1463 2024 1611 2048 mortem.
1636 2017 1677 2048 Et
1696 2017 1758 2049 hoc
1774 2027 1859 2049 non:
1885 2019 1959 2060 quia
1982 2019 2043 2050 tale
2059 2019 2179 2050 instans
2195 2026 2242 2050 est
2257 2019 2376 2049 instans
2393 2029 2477 2050 mor-

275 2062 401 2100 sitione,
417 2063 582 2104 respondit
600 2072 808 2104 argumento:
834 2065 924 2106 quod
940 2075 1006 2096 non
1022 2074 1090 2095 esse
1106 2062 1286 2104 reprehensi
1310 2063 1350 2094 ile
1375 2060 1377 2068 ²
1403 2061 1452 2093 tis.
1477 2079 1497 2084 -
1521 2063 1587 2092 Aut
1601 2068 1647 2092 est
1662 2061 1693 2092 in
1712 2061 1841 2094 instanti
1866 2071 1920 2094 aut
1943 2070 2088 2104 tempore
2112 2063 2327 2104 praecedente.
2352 2063 2393 2094 Et
2416 2063 2477 2094 hoc

276 2114 372 2149 patet.
395 2107 437 2139 Et
455 2108 496 2138 ad
519 2116 744 2149 argumentum
762 2109 893 2151 quidem
917 2108 992 2140 dicit
1015 2109 1103 2150 quod
1128 2118 1194 2138 non
1227 2114 1351 2138 constat
1375 2141 1377 2154 ,
1403 2115 1480 2136 non.
1505 2106 1604 2142 Tum,
1615 2106 1736 2146 primo,
1765 2107 1840 2148 quia
1863 2115 1939 2138 tunc
1964 2118 2029 2138 non
2053 2115 2100 2138 est
2121 2107 2286 2139 tolerantia
2310 2107 2432 2138 mortis.
2456 2126 2477 2131 -

276 2152 363 2192 apud
378 2151 525 2184 homines
549 2159 658 2184 utrum
681 2153 751 2185 talis
775 2153 890 2184 mulier
914 2153 1052 2194 patiatur
1074 2153 1106 2183 in
1128 2158 1349 2192 contemptum
1375 2163 1376 2191 3
1403 2150 1505 2186 Tum,
1529 2150 1690 2188 secundo,
1715 2151 1790 2192 quia
1814 2151 1964 2192 possibile
1988 2159 2034 2183 est
2058 2162 2114 2193 per
2137 2152 2277 2182 divinam
2301 2152 2477 2192 potentiam

275 2195 360 2233 fidei,
375 2195 426 2227 vel
447 2195 482 2227 in
505 2204 727 2238 contemptum
750 2197 908 2229 castitatis.
941 2197 1074 2228 Videtur
1096 2206 1237 2237 namque
1259 2196 1349 2237 quod
1375 2199 1377 2213 s
1403 2204 1442 2224 ne
1466 2204 1553 2224 mors
1572 2202 1732 2235 sequatur.
1757 2196 1843 2236 Ergo
1871 2203 1958 2227 actus
1982 2196 2038 2237 qui
2063 2196 2123 2227 fuit
2147 2196 2345 2237 martyrium,
2363 2196 2479 2236 poterit

276 2248 343 2272 tam
357 2241 475 2282 Agneti
493 2251 591 2282 quam
607 2241 736 2279 Luciae,
758 2242 832 2273 licet
851 2241 1019 2272 occasione
1034 2240 1289 2276 Christianitatis,
1307 2247 1350 2271 ta-
1374 2227 1377 2267 i
1402 2248 1570 2279 nunquam
1594 2237 1690 2270 fuisse
1707 2240 1905 2281 martyrium.
1922 2258 1943 2264 -
1960 2241 2058 2278 Tum,
2076 2242 2181 2279 tertio,
2197 2241 2273 2281 quia
2289 2240 2314 2270 si
2334 2240 2373 2270 de
2393 2240 2476 2271 facto

0 2310 6 2329 ,
275 2295 350 2316 men
364 2285 399 2316 in
413 2285 564 2318 castitatis
578 2293 801 2328 contemptum
820 2286 1034 2327 principaliter
1053 2285 1134 2316 forte
1151 2294 1256 2325 poena
1271 2284 1349 2316 haec
1374 2302 1375 2325 1
1401 2283 1619 2324 impediretur,
1640 2283 1721 2315 sicut
1736 2284 1769 2314 in
1786 2285 1895 2316 multis
1912 2285 2103 2326 martyribus
2119 2285 2272 2326 impedita
2289 2291 2346 2322 est,
2364 2285 2476 2316 mortis

0 2365 1 2368 Ἰ
275 2330 348 2362 data
363 2336 459 2361 esset:
491 2336 625 2372 utraque
642 2341 784 2372 namque
799 2330 974 2362 castitatem
989 2330 1189 2372 praetulerat,
1206 2336 1241 2360 ut
1263 2336 1350 2370 patet
1374 2329 1376 2346 ¹
1402 2328 1541 2369 sequela,
1566 2327 1667 2358 oritur
1689 2329 1845 2369 quaestio,
1871 2340 1911 2360 an
1931 2329 2001 2360 talis
2017 2337 2098 2360 esset
2121 2337 2240 2371 martyr
2263 2336 2318 2360 aut
2342 2339 2418 2361 non.
2443 2329 2476 2360 Si

274 2374 308 2405 in
330 2373 426 2415 gestis
450 2373 627 2416 utriusque.
1402 2382 1478 2409 non,
1499 2382 1575 2413 ergo
1595 2372 1634 2402 ad
1651 2373 1837 2414 martyrium
1856 2384 1922 2404 non
1938 2373 2054 2405 sufficit
2070 2374 2202 2405 tolerare
2217 2374 2402 2405 afflictiones
2422 2384 2476 2404 na-

328 2418 381 2449 Ad
396 2419 655 2460 suppositionem
672 2426 781 2451 autem
797 2419 858 2450 dici
874 2419 980 2461 potuit
996 2419 1086 2462 quod
1102 2419 1232 2460 perdere
1247 2418 1359 2450 carnis‘
1401 2416 1542 2448 turaliter
1558 2416 1800 2448 continuandas.
1830 2417 1862 2449 Si
1887 2418 1942 2457 sic,
1967 2428 2042 2459 ergo
2067 2419 2134 2449 sine
2158 2418 2288 2449 actualis
2311 2418 2476 2449 tolerantia

272 2461 484 2503 integritatem
507 2464 663 2505 contingit
682 2464 866 2505 dupliciter:
890 2464 1007 2495 scilicet
1029 2463 1222 2500 voluntarie,
1248 2470 1279 2495 et
1301 2463 1349 2494 in-
1402 2461 1514 2492 mortis
1537 2468 1644 2502 potest
1667 2471 1734 2492 esse
1758 2462 1957 2504 martyrium.

2506 2512 2513 2520 ”
2528 2510 2599 2533 Num.
2614 2517 2655 2532 vn.

272 2507 344 2538 vite.
375 2507 417 2538 Et
439 2508 530 2549 quod
552 2508 714 2549 integritas
727 2508 905 2540 voluntaria
922 2509 1091 2550 pretiosior
1107 2515 1154 2539 est
1175 2507 1249 2545 vita,
1266 2517 1348 2549 quo·
1373 2540 1375 2559 Χ
1458 2506 1525 2537 XII.
1542 2506 1594 2537 Ad
1609 2507 1687 2537 haec
1701 2507 1844 2544 breviter,
1859 2507 1999 2538 fovendo
2013 2517 2109 2548 supra
2120 2507 2138 2526 *
2154 2507 2245 2543 dicta,
2259 2507 2373 2538 dicitur
2385 2508 2475 2548 quod

33 3314 44 3324 ⁸
51 3313 90 3335 Ad
100 3313 152 3336 Gal.
162 3319 213 3341 cap.
221 3320 244 3339 v,

33 3345 92 3363 veru.
107 3346 137 3368 17.

33 3401 43 3411 ⁸
65 3400 101 3422 De
126 3400 176 3423 Civ.
199 3401 247 3422 Dei

32 3427 71 3449 lib.
81 3427 142 3454 xlx,
153 3433 205 3455 cap.
213 3433 244 3448 tv.

273 2552 360 2582 niam
382 2551 518 2584 includit
538 2554 695 2584 moralem
719 2553 913 2584 bonitatem:
944 2553 1106 2594 integritas
1130 2560 1238 2584 autem
1265 2562 1348 2594 quae
1373 2582 1375 2584 ,

273 2603 378 2636 potest
401 2596 491 2637 perdi
513 2597 620 2635 invite,
645 2608 711 2629 non
736 2605 782 2629 est
805 2598 974 2638 pretiosior
987 2598 1061 2629 vita.
1087 2615 1105 2620 -
1125 2597 1237 2628 Posset
1259 2597 1349 2628 aliter
1373 2607 1375 2632 ὲ

273 2640 334 2671 dici
358 2641 448 2682 quod
470 2638 630 2682 integritas
650 2641 751 2672 carnis
773 2643 951 2673 secundum
972 2652 1005 2673 se
1027 2653 1094 2673 non
1111 2649 1158 2673 est
1180 2641 1349 2682 pretiosior
1373 2639 1375 2668 l

1373 2693 1374 2697 ¹
1399 2692 1545 2725 tempore
1568 2684 1751 2715 immediate
1774 2685 1980 2725 praecedente
2000 2685 2120 2716 instans
2136 2685 2247 2715 mortis
2267 2691 2303 2715 ut
2326 2694 2475 2715 mensura

273 2729 346 2760 vita.
372 2729 570 2761 Commixtio
595 2741 734 2772 namque
759 2731 890 2762 carnalis
914 2731 964 2762 via
997 2738 1044 2762 est
1066 2731 1206 2762 multum
1234 2738 1347 2771 poten·
1372 2769 1373 2773 Ἰ

271 2774 394 2806 tissima
416 2775 456 2805 ad
479 2775 648 2812 luxuriam,
674 2776 785 2806 saltem
809 2775 975 2812 venialem,
999 2776 1224 2811 inducendam,
1248 2785 1347 2816 quam
1372 2784 1374 2817 ζ

271 2818 432 2858 integritas
449 2819 550 2850 carnis
565 2820 712 2852 obstruit.
735 2820 776 2850 Et
799 2820 875 2861 quia
893 2820 956 2851 hoc
972 2819 1115 2851 officium
1135 2820 1230 2850 habet
1245 2820 1347 2851 carnis
1372 2835 1373 2868 ᾗ

270 2862 432 2904 integritas
456 2873 494 2894 ex
517 2871 629 2895 natura
652 2873 724 2901 sua;
757 2870 787 2895 et
812 2871 847 2895 ut
869 2865 903 2895 in
927 2864 1072 2905 pluribus
1101 2871 1268 2905 peccatum
1291 2864 1346 2895 ali-
1371 2872 1373 2909 j

272 2908 372 2949 quod,
397 2908 510 2939 saltem
532 2909 664 2945 veniale,
683 2909 850 2940 intervenit
864 2908 896 2939 in
913 2909 975 2940 hoc
999 2909 1088 2950 quod
1104 2916 1150 2940 est
1173 2908 1238 2949 pati
1258 2919 1346 2940 com·
1371 2911 1373 2945 i

271 2952 462 2983 mixtionem
484 2953 556 2984 viri:
586 2954 659 2984 ideo
683 2954 709 2984 si
733 2953 848 2984 mulier
871 2954 1019 2984 damnata
1043 2954 1083 2983 ad
1106 2953 1241 2984 alterum
1265 2953 1345 2984 duo·
1370 2948 1373 2989 ξ

270 3006 354 3033 rum,
371 2996 489 3028 scilicet
507 2998 547 3028 ad
566 2998 751 3039 patientiam
772 2997 1009 3029 commixtionis
1027 2998 1078 3028 vel
1101 2997 1140 3027 ad
1160 2997 1346 3038 patientiam
1370 2996 1373 3037 3

271 3041 402 3078 mortis,
427 3041 510 3073 dicat
537 3052 571 3073 se
601 3050 743 3084 paratam
773 3042 882 3083 potius
910 3043 950 3073 ad
979 3042 1166 3083 patiendum
1190 3049 1345 3080 mortem,
1370 3046 1372 3080 ξ

273 2684 352 2716 vita:
378 2685 433 2716 sed
456 2685 618 2726 integritas
637 2686 738 2718 carnis
758 2693 794 2717 ut
817 2694 924 2718 custos
947 2687 1088 2722 virtutis,
1113 2694 1160 2717 est
1179 2686 1348 2726 pretiosior

271 3092 355 3116 recte
378 3085 486 3126 eliget;
511 3087 667 3128 quoniam
691 3087 875 3127 eligendum
899 3094 945 3118 est
968 3086 1076 3127 potius
1100 3086 1165 3127 pati
1188 3093 1344 3124 mortem,

271 3129 297 3160 si
320 3129 481 3167 inferatur,
506 3142 588 3172 quae
611 3132 651 3162 ad
675 3131 802 3162 nullum
826 3131 949 3162 malum
973 3131 1093 3161 morale
1117 3130 1220 3167 ducit,
1246 3141 1344 3172 quam

271 3174 337 3214 pati
353 3175 626 3213 commixtionem,
651 3186 732 3217 quae
756 3176 977 3216 potentissima
997 3182 1043 3206 est
1066 3175 1106 3205 ad
1125 3174 1344 3206 inducendum

272 3218 312 3248 ad
334 3225 511 3258 peccatum,
535 3221 637 3251 immo
662 3231 745 3262 quae
764 3227 800 3251 ut
814 3220 846 3251 in
863 3220 1008 3261 pluribus
1032 3219 1155 3250 inducit
1177 3226 1344 3260 peccatum

271 3263 305 3292 in
328 3263 476 3303 patiente.
506 3265 548 3296 Et
571 3264 792 3296 confirmatur:
822 3265 897 3306 quia
920 3264 1053 3295 tentatio
1077 3263 1208 3294 carnalis
1230 3264 1343 3294 intrin-

272 3316 352 3343 seca,
370 3317 435 3348 qua
449 3308 566 3340 scilicet
581 3319 659 3340 caro
673 3311 867 3350 concupiscit
882 3310 1039 3340 adversus
1053 3309 1204 3349 spiritum
1216 3307 1244 3344 *,
1262 3318 1343 3339 nun-

272 3361 371 3392 quam
395 3358 442 3383 est
463 3353 620 3394 eligibilis,
643 3354 799 3395 quoniam
823 3354 1015 3385 nonnullum
1034 3358 1204 3395 peccatum
1229 3358 1286 3390 est,
1307 3359 1345 3384 ut

271 3396 472 3436 Augustinus
495 3397 570 3428 dicit
584 3395 616 3434 *3
640 3398 787 3439 eligendo
807 3405 915 3430 autem
938 3397 1123 3439 patientiam
1142 3397 1342 3428 commixtio-

272 3439 330 3477 nis,
356 3439 491 3481 eligitur,
515 3442 702 3473 secundario
725 3450 842 3479 tamen,
866 3442 998 3473 tentatio
1018 3442 1150 3472 carnalis
1164 3442 1342 3479 intrinseca,

272 3484 427 3525 quoniam
450 3486 632 3516 naturaliter
655 3494 728 3518 nata
751 3494 798 3518 est
820 3487 853 3517 in
877 3487 931 3518 tali
946 3486 1175 3518 commixtione
1197 3486 1341 3517 inveniri.

272 3529 313 3559 Et
336 3536 504 3569 propterea
526 3530 675 3560 mulieres
698 3531 896 3562 laudabiliter
919 3537 1131 3562 contemnunt
1152 3530 1252 3561 vitam
1282 3541 1341 3571 pro

271 3574 423 3604 servanda
439 3573 614 3614 integritate
631 3574 732 3604 carnis
755 3582 791 3606 ut
814 3575 961 3606 castitatis
978 3576 1120 3607 custode.
1145 3575 1187 3606 Et
1206 3575 1290 3616 quia,
1307 3582 1344 3605 ut

272 3617 394 3649 dictum
418 3625 473 3654 est,
498 3618 560 3649 hoc
583 3618 677 3649 habet
700 3618 860 3658 integritas
883 3620 984 3650 carnis
1008 3630 1075 3650 non
1098 3620 1130 3650 in
1154 3620 1212 3650 hac
1235 3619 1286 3650 vel
1309 3619 1342 3650 in

1401 2551 1434 2581 in
1458 2550 1646 2582 huiusmodi
1668 2551 1927 2583 tribulationibus
1944 2551 2136 2582 continuatis
2153 2562 2255 2593 usque
2271 2552 2311 2582 ad
2327 2558 2475 2588 mortem,

1401 2595 1509 2637 ipsum
1532 2595 1710 2626 voluntarie
1740 2603 1871 2637 propter
1894 2596 2001 2627 Deum
2024 2596 2178 2627 sustinere
2201 2606 2303 2637 usque
2328 2597 2367 2626 ad
2391 2606 2476 2626 mor—

1400 2647 1466 2671 tem
1490 2647 1536 2671 est
1559 2646 1648 2671 actus
1665 2640 1805 2681 martyrii
1822 2640 2021 2671 meritorius:
2046 2647 2078 2671 et
2093 2647 2294 2671 mensuratur
2317 2640 2368 2671 hic
2387 2647 2476 2671 actus

1401 2729 1591 2765 successiva,
1623 2736 1654 2759 et
1677 2729 1806 2760 instanti
1828 2730 1957 2767 mortis,
1981 2737 2139 2770 quatenus
2163 2736 2239 2760 tunc
2263 2737 2382 2770 martyr
2404 2739 2474 2759 mo-

1399 2774 1495 2810 ritur,
1521 2780 1556 2804 ut
1579 2773 1716 2804 termino
1744 2774 1939 2805 successivae
1962 2784 2140 2804 mensurae.
2174 2774 2214 2804 Et
2237 2774 2299 2804 hoc
2323 2774 2382 2804 sub
2406 2773 2475 2804 aliis

1399 2817 1502 2849 verbis
1526 2817 1640 2848 dicitur
1655 2818 1756 2858 quod,
1776 2818 1857 2849 sicut
1880 2825 2102 2850 mensuratum
2125 2825 2171 2848 est
2195 2818 2348 2849 sustinere
2373 2818 2474 2848 conti-

1400 2869 1535 2894 nuatum
1559 2863 1599 2892 ad
1623 2869 1777 2898 mortem,
1801 2862 1844 2893 ita
1867 2873 2017 2894 mensura
2041 2870 2087 2893 est
2117 2869 2244 2903 tempus
2267 2862 2474 2893 terminatum

1399 2907 1439 2938 ad
1458 2907 1578 2937 instans
1594 2906 1719 2937 mortis:
1744 2906 1788 2937 ita
1803 2908 1892 2948 quod
1909 2908 2063 2939 sustinere
2080 2914 2115 2938 ut
2139 2907 2344 2938 continuatur
2367 2907 2472 2943 morti,

1399 2959 1446 2983 est
1469 2951 1676 2992 martyrium;
1701 2958 1732 2981 et
1747 2958 1874 2992 tempus
1898 2959 1934 2983 ut
1957 2951 2164 2983 terminatum
2187 2952 2227 2982 ad
2243 2951 2363 2982 instans
2387 2961 2472 2981 mor-

1399 2996 1449 3035 tis,
1466 3003 1513 3026 est
1535 3005 1684 3026 mensura
1708 2996 1858 3037 martyrii.
1882 2997 1924 3027 Et
1946 2997 1980 3027 in
2002 2997 2065 3027 hoc
2087 2996 2149 3036 fige
2169 2997 2294 3036 pedem.

1456 3040 1548 3071 Unde
1572 3047 1658 3080 patet
1681 3041 1847 3080 responsio
1871 3041 1911 3071 ad
1934 3041 2086 3082 primum.
2112 3041 2196 3078 Quia
2219 3040 2336 3071 scilicet
2359 3039 2471 3070 divisio

1399 3091 1446 3116 est
1467 3083 1676 3115 insufficiens:
1702 3084 1776 3125 quia
1797 3086 1890 3116 datur
1913 3085 1976 3117 hoc
1999 3085 2086 3116 aliud
2110 3085 2292 3116 membrum
2316 3084 2405 3125 quod
2429 3084 2473 3114 di-

1399 3136 1487 3161 ctum
1510 3136 1567 3160 est.

1455 3173 1496 3204 Et
1513 3173 1540 3203 si
1557 3180 1666 3204 contra
1682 3174 1744 3203 hoc
1760 3173 1929 3205 afferantur
1944 3181 2006 3205 tres
2023 3173 2218 3204 obiectiones
2235 3173 2345 3203 allatae
2362 3180 2471 3204 contra

1397 3224 1526 3258 tempus
1550 3225 1688 3248 mortem
1712 3218 1912 3258 praecedens,
1937 3218 2155 3258 respondetur.
2190 3217 2231 3247 Et
2253 3217 2293 3247 ad
2316 3217 2469 3257 primam,

1398 3269 1531 3302 negatur
1553 3268 1766 3302 assumptum.
1799 3262 1884 3299 Quia
1911 3263 1945 3292 in
1968 3270 2112 3302 tempore
2140 3261 2322 3292 immediate
2345 3272 2471 3302 praece-

1398 3307 1491 3337 dente
1518 3306 1638 3336 instans
1667 3313 1712 3337 est
1740 3306 1906 3338 tolerantia
1929 3306 2041 3336 mortis
2069 3313 2105 3336 ut
2132 3305 2165 3336 in
2188 3306 2239 3336 via
2266 3306 2469 3338 indefectibili

1398 3351 1532 3382 omnino
1556 3360 1574 3380 a
1598 3357 1718 3380 morte:
1750 3357 1780 3381 et
1803 3351 1836 3380 in
1859 3350 1930 3391 ipso
1954 3350 2083 3381 instanti
2114 3357 2161 3381 est
2187 3350 2333 3381 toleratio
2357 3352 2470 3382 mortis

1398 3402 1434 3427 ut
1451 3395 1485 3426 in
1504 3394 1650 3430 termino,
1667 3394 1700 3424 in
1716 3404 1783 3435 quo
1800 3404 1865 3425 non
1881 3394 2064 3425 inconvenit
2085 3394 2198 3425 mereri
2218 3401 2254 3424 ut
2269 3394 2301 3424 in
2321 3396 2467 3427 termino.

1452 3439 1505 3470 Ad
1528 3439 1706 3470 secundum
1730 3438 1842 3469 dicitur
1869 3439 1959 3480 quod
1985 3449 2051 3469 non
2075 3445 2122 3469 est
2144 3439 2388 3479 compossibile,
2413 3450 2470 3480 per

1397 3493 1636 3526 quamcumque
1652 3490 1852 3523 potestatem,
1869 3483 2087 3514 tribulationes
2103 3493 2170 3513 esse
2183 3483 2350 3514 continuas
2367 3494 2468 3525 usque

1397 3529 1437 3559 ad
1456 3535 1603 3564 mortem,
1629 3534 1659 3558 et
1681 3528 1900 3558 tribulationes
1916 3538 1982 3558 esse
1998 3528 2066 3558 sine
2082 3527 2194 3558 mortis
2210 3528 2359 3559 termino:
2385 3539 2465 3568 quo-

1397 3574 1485 3604 niam
1508 3573 1650 3613 implicat
1674 3572 1925 3609 contradictoria,
1950 3579 1987 3603 ut
2009 3579 2104 3613 patet.

1452 3618 1504 3648 Ad
1527 3617 1656 3648 tertium
1681 3617 1794 3648 dicitur
1817 3617 1932 3657 primo,
1949 3617 2039 3658 quod
2055 3619 2177 3647 Auctor
2197 3626 2263 3647 non
2287 3616 2362 3646 dicit
2378 3616 2465 3656 quod
