2768 4198
0 2144 9 2157 [τ

0 2162 11 2206 {5
50 2184 63 2195 ’
71 2182 168 2212 Qum!-
179 2181 204 2204 iu
214 2180 262 2210 De-

0 2206 9 2243 ξ
50 2211 120 2236 noer„
134 2214 184 2236 up.
198 2213 246 2231 xvi.

50 2350 61 2360 ⁸
79 2348 135 2380 etp.
157 2354 211 2376 zu,
233 2346 262 2369 al.

0 2382 3 2388 ’
50 2378 261 2402 πημανεῖ-ιω.

50 2451 126 2473 Ἀπ-
140 2456 157 2472 ι.

147 2557 163 2583 ὅ

921 272 1188 318 QUAESTIO
1219 273 1427 320 CXLV111,
1457 274 1754 311 ARTICULUS
1783 274 1833 310 Vl
2403 276 2470 323 175

286 350 357 387 cati
386 350 567 398 accipitur
600 362 646 386 ex
673 358 779 398 parte
814 350 1035 387 aversionis.
1077 352 1125 387 Et
1153 351 1239 388 ideo
1277 363 1355 388 non
1381 349 1385 426 ἱ
1410 353 1497 399 gula
1526 360 1562 389 et
1590 353 1747 389 luxuria.
1764 352 1902 390 -Utile
1931 362 2060 389 autem
2086 365 2164 389 non
2183 354 2299 390 habet
2328 366 2373 390 ex
2393 359 2404 375 ἰ
2434 368 2473 391 se

286 411 435 452 oportet
463 403 598 439 vitium
636 403 815 451 capitale,
846 404 951 451 quod
979 404 1094 440 habet
1127 405 1246 440 finem
1276 417 1355 441 ma·
1411 405 1597 442 rationem
1643 406 1873 454 appetibilis,
1914 407 1981 443 sed
2024 406 2235 443 secundum
2280 409 2385 455 quod
2427 408 2474 444 ad

284 457 387 493 xime
416 456 673 504 appetibilem,
693 456 835 492 habere
856 469 1036 504 magnam
1062 457 1299 504 gravitatem.
1411 458 1512 495 aliud
1541 459 1746 496 ordinatur.
1778 460 1827 496 Et
1854 459 1941 496 ideo
1971 459 2009 496 in
2033 459 2212 496 omnibus
2240 460 2394 497 utilibus
2420 461 2475 496 vi-

337 511 396 546 An
425 521 585 546 TERTtUM
615 521 800 546 DICENDUM
831 511 934 558 quod
965 510 1185 547 delectabile
1206 518 1261 547 est
1290 523 1355 559 ap·
1412 512 1520 548 detur
1558 524 1639 548 esse
1677 524 1754 548 una
1788 513 1882 549 ratio
1917 512 2205 561 appetibilitatis.
2245 514 2294 549 Et
2321 521 2476 562 propter

285 562 437 611 petibile
475 562 686 599 secundum
726 575 778 599 se.
816 563 865 599 Et
902 563 988 600 ideo
1025 564 1236 600 secundum
1277 564 1356 601 eius
1410 565 1485 601 hoc
1514 565 1610 601 circa
1639 565 1858 602 huiusmodi
1887 578 1965 602 non
1992 566 2144 614 ponitur
2173 566 2243 602 nisi
2272 578 2392 602 unum
2421 567 2475 603 vi-

285 615 541 653 diversitatem
570 624 764 664 ponuntur
793 616 870 652 duo
892 617 982 653 vitia
1011 617 1194 665 capitalia,
1216 617 1356 654 scilicet
1410 618 1504 654 tium
1535 618 1705 666 capitale.

339 731 361 762 ε)
381 738 426 756 ex.
439 744 458 750 -
476 731 503 755 in
523 731 598 757 BFK.

1108 856 1430 897 ARTICULUS
1460 856 1670 898 SEXTUS

682 949 839 980 UTRUM
863 949 1204 980 CONVENJENTER
1227 949 1530 980 ASSIGNENTUR
1553 950 1699 980 GULAE
1724 950 1921 986 QUINQUE
1946 951 2086 981 FILIAE

1154 1026 1194 1050 De
1213 1026 1297 1054 Malo,
1318 1034 1362 1058 qu.
1381 1034 1432 1055 xxv,
1452 1032 1499 1051 art.
1517 1034 1544 1058 4.

372 1127 379 1141 ι
405 1147 409 1155 ,
437 1138 444 1143 2
498 1120 521 1145 D
550 1119 692 1145 SEXTUM
720 1119 774 1144 SIC
803 1117 1043 1143 PROCEDITUR.
1065 1105 1225 1142 Videtur
1251 1105 1356 1164 quod

314 1123 373 1169 2⁹²5
402 1127 435 1155 ε,
421 1132 507 1181 ᾗ(
1411 1106 1518 1154 quasi
1551 1107 1675 1155 sopito
1710 1108 1968 1155 gubernaculo
2006 1108 2172 1145 rationis.
2211 1110 2259 1146 Et
2292 1118 2477 1158 quantum

312 1155 414 1221 ’ΨΑ
429 1164 476 1205 ,ἢ
498 1160 814 1199 inconvenienter
842 1160 1080 1207 assignentur
1107 1159 1218 1206 gulae
1248 1157 1357 1206 quin-

303 1216 306 1222 .
334 1197 358 1221 .
424 1191 459 1225 Kb
481 1213 487 1219 ῃ
1412 1160 1459 1196 ad
1480 1160 1566 1205 hoc,
1588 1160 1742 1207 ponitur
1770 1161 1893 1208 inepta
1921 1161 2083 1198 laetitia.-
2112 1161 2201 1210 quia
2229 1174 2365 1199 omnes
2384 1163 2478 1200 aliae

304 1218 345 1271 17
399 1237 413 1271 «ι
440 1220 467 1263 ἦ
499 1227 574 1263 que
602 1214 719 1251 filiae:
755 1213 895 1250 scilicet
923 1213 1048 1260 inepta
1076 1212 1228 1256 laetitia,
1253 1223 1357 1247 scur-
1413 1212 1649 1248 inordinatae
1685 1213 1884 1261 passiones
1922 1215 1970 1250 ad
2005 1215 2186 1251 laetitiam
2223 1223 2259 1251 et
2292 1216 2479 1253 tristitiam

344 1284 351 1293 ⁵
375 1260 629 1313 1'f›krilitas,
659 1266 908 1312 immunditia,
937 1265 1227 1313 multiloquium,
1248 1265 1356 1301 hebe—
1413 1265 1652 1312 ord',nanu
1682 1274 1723 1302 ut
1758 1266 1892 1303 dicitur
1924 1267 1961 1303 in
1992 1268 2022 1303 II
2052 1268 2172 1304 Ethic.
2193 1267 2213 1288 ’¹‘
2241 1269 2290 1304 Et
2322 1269 2396 1305 hoe
2426 1276 2517 1305 est·

286 1321 404 1359 tudo
406 1321 549 1358 mentis
590 1321 693 1357 circa
734 1319 1030 1369 intelligentiam.
1079 1319 1211 1367 Inepta
1253 1317 1354 1354 enim
1413 1318 1519 1366 quod
1539 1318 1673 1355 dicitur
1694 1320 1743 1355 III
1763 1320 1910 1357 Esdrae
1934 1332 1970 1356 111
1989 1319 2020 1367 ²⁸,
2042 1321 2147 1368 quod
2171 1321 2301 1357 vinum
2330 1334 2480 1359 omnem

284 1373 422 1411 laetitia
461 1374 707 1422 consequitur
739 1384 856 1409 omne
888 1379 1111 1420 peccatum:
1142 1372 1357 1408 secundum
1413 1376 1573 1408 mentem
1593 1372 1776 1408 convertit
1794 1373 1831 1409 in
1850 1374 2087 1410 securitatem
2108 1380 2144 1410 et
2161 1373 2440 1412 iucunditatem.
2457 1397 2481 1403 -

285 1427 378 1469 illud
395 1428 510 1464 Prov.
531 1439 554 1464 11
573 1427 614 1463 *z
648 1427 723 1469 Qui
748 1426 937 1463 laetantur
956 1436 1042 1461 cum
1067 1425 1166 1461 male
1177 1424 1356 1472 fecerint,
1413 1424 1558 1471 Tertio,
1580 1433 1766 1472 quantum
1796 1426 1844 1463 ad
1866 1426 2124 1463 inordinatum
2153 1428 2329 1464 verbum.
2361 1429 2409 1464 Et
2429 1428 2481 1465 sic

286 1486 322 1518 et
338 1481 511 1518 exultant
536 1481 573 1517 in
602 1481 712 1517 rebus
734 1479 919 1528 pessimis.
951 1477 1130 1514 Similiter
1159 1477 1272 1514 etiam
1293 1478 1358 1514 he·
1414 1477 1566 1526 ponitur
1590 1478 1886 1552 mssultiloquium:
1915 1479 2015 1528 quia,
2036 1487 2078 1516 ut
2098 1480 2305 1528 Gregorius
2326 1481 2423 1527 dicit,
2444 1481 2483 1518 in

286 1534 431 1571 betudo
469 1533 606 1571 mentis
644 1532 836 1569 invenitur
870 1532 907 1568 in
945 1531 1053 1568 omni
1091 1538 1269 1580 peccato:
1300 1543 1358 1567 se·
1414 1531 1638 1568 Pastorali*
1640 1560 1649 1579 ,
1680 1532 1754 1568 nisi
1774 1532 1891 1581 gulae
1918 1533 2058 1569 deditos
2086 1533 2333 1570 immoderata
2354 1534 2483 1582 loqua—

287 1587 458 1624 cundum
486 1586 579 1624 illud
605 1587 718 1623 Prov.
739 1597 800 1622 x1v
818 1585 858 1622 *ε
887 1586 1035 1622 Errant
1061 1585 1127 1633 qui
1152 1590 1359 1633 operantur

286 1641 442 1678 malum.
455 1641 558 1688 Ergo
574 1639 891 1677 inconvenienter
910 1646 1106 1688 ponuntur
1120 1638 1220 1675 filiae
1236 1638 1357 1686 gulae.

341 1705 377 1731 2.
407 1694 644 1741 pamniam,
675 1692 930 1739 immunditia,
951 1704 1051 1752 quae
1079 1691 1247 1728 maxime
1269 1703 1359 1728 con—

286 1747 457 1796 sequitur
491 1748 631 1796 gulam,
660 1747 814 1784 videtur
841 1747 888 1782 ad
917 1745 1109 1782 vomitum
1148 1745 1358 1793 pertinere:

288 1801 502 1838 secundum
540 1800 632 1837 illud
671 1800 790 1836 Isaiae
827 1798 1001 1836 xxvu1*:
1036 1799 1173 1836 Omnes
1208 1809 1361 1834 mensae

287 1854 450 1904 repletae
477 1859 565 1891 sunt
589 1854 731 1891 vomitu
759 1853 928 1889 sordium
949 1857 978 1888 α.
1014 1851 1091 1888 Sed
1112 1852 1187 1888 hoc
1207 1863 1286 1888 non
1305 1851 1360 1887 vi-

289 1908 399 1946 detur
428 1920 509 1945 esse
538 1914 752 1956 peccatum,
774 1907 843 1943 sed
862 1917 988 1954 poena
1008 1903 1043 1941 βε
1073 1905 1135 1941 vel
1161 1903 1275 1941 etiam
1296 1904 1360 1941 ali-

289 1961 380 2010 quid
409 1961 498 1998 utile
527 1961 598 1997 sub
637 1959 795 1996 consilio
834 1959 988 2005 cadens,
1018 1958 1230 1995 secundum
1269 1957 1360 1995 illud

287 2014 405 2052 Eccli.
421 2026 506 2051 xxxl
520 2013 557 2050 *ε
579 2013 621 2049 Si
634 2018 785 2050 coactus
793 2013 922 2060 fueris
942 2013 979 2048 in
999 2012 1167 2048 edendo*
1187 2011 1359 2057 multum,

287 2079 406 2117 surge
433 2079 454 2104 e
481 2067 604 2104 medio
630 2072 667 2103 et
692 2077 814 2111 vome,
844 2071 879 2102 et
906 2065 1152 2115 refrigerabit
1178 2070 1222 2101 te.
1257 2065 1359 2112 Ergo

289 2133 369 2159 non
398 2121 512 2158 debet
540 2119 634 2169 poni
661 2119 759 2156 inter
786 2118 884 2156 filias
917 2118 1039 2166 gulae.

345 2175 380 2212 3.
410 2175 645 2219 PRAETEREA,
667 2172 869 2210 Isidorus*
897 2171 1005 2221 ponit
1032 2170 1294 2208 scurrilitatem
1318 2170 1362 2207 fi-

288 2227 381 2265 liam
409 2227 590 2264 luxuriae.
626 2227 717 2263 Non
747 2238 837 2274 ergo
867 2225 982 2262 debet
1014 2225 1106 2273 poni
1139 2223 1236 2260 inter
1264 2223 1360 2260 filias

289 2282 412 2330 gulae.

343 2335 419 2372 SED
434 2345 582 2371 CONTRA
596 2343 663 2370 Es'r
677 2331 785 2380 quod
801 2331 1021 2380 Gregorius,
1033 2330 1158 2367 XXXI
1170 2329 1316 2367 Moral.
1327 2328 1359 2376 ²¹⁸,

288 2389 358 2426 has
386 2387 482 2436 filias
511 2387 620 2435 gulae
645 2385 821 2433 assignat.

342 2432 571 2478 Ruspennsso
599 2451 786 2477 memnon
814 2437 932 2486 quod,
961 2437 1056 2475 sieut
1085 2435 1229 2473 dictum
1258 2434 1360 2483 est*,

286 2495 375 2543 gula
394 2494 548 2543 proprie
569 2492 737 2530 consistit
757 2492 855 2529 circa
874 2491 1170 2528 immoderatam
1200 2489 1362 2526 delecta-

287 2547 433 2585 tionem
463 2559 562 2596 quae
592 2556 647 2585 est
667 2546 706 2583 in
725 2545 819 2582 cibis
839 2552 875 2582 et
893 2545 1060 2593 potibus.
1091 2543 1140 2579 Et
1160 2542 1247 2579 ideo
1267 2540 1361 2579 illa⁶

286 2601 380 2639 vitia
409 2601 506 2638 inter
533 2600 631 2637 filias
659 2600 769 2648 gulae
798 2605 1070 2647 computantur
1098 2607 1196 2645 quae
1227 2607 1272 2632 ex
1291 2595 1361 2632 im-

289 2655 488 2692 moderata
508 2653 757 2691 delectatione
779 2651 851 2689 cibi
872 2659 909 2688 et
926 2659 1041 2700 potus
1061 2657 1359 2708 consequuntur.

289 2708 401 2756 Quae
421 2707 579 2756 quidem
602 2713 764 2766 possunt
783 2704 904 2754 accipi
922 2706 986 2742 vel
1005 2717 1051 2741 ex
1070 2710 1177 2752 parte
1197 2701 1360 2750 animae,

288 2762 350 2800 vel
379 2773 425 2798 ex
453 2769 558 2810 parte
596 2759 778 2809 corporis.
810 2759 868 2795 Ex
897 2766 1003 2806 parte
1032 2764 1161 2794 autem
1191 2755 1360 2803 animae,

289 2815 598 2864 quadrupliciter.
636 2813 768 2850 Primo
802 2811 974 2859 quidem
1009 2817 1196 2859 quantum
1226 2809 1274 2846 ad
1304 2821 1361 2845 ra-

288 2869 446 2916 tionem,
474 2868 581 2905 cuius
609 2867 710 2904 acies
737 2865 938 2902 hebetatur
967 2876 1012 2901 ex
1039 2861 1361 2900 immoderantia⁸

290 2921 365 2959 cibi
393 2929 429 2958 et
456 2929 582 2970 potus.
613 2921 661 2957 Et
690 2926 876 2969 quantum
905 2917 955 2955 ad
982 2917 1070 2964 hoc,
1099 2916 1256 2965 ponitur
1282 2915 1361 2952 filia

289 2976 400 3024 gulae
420 2975 601 3012 hebetudo
620 2985 749 3010 sensus
768 2972 871 3009 circa
891 2970 1187 3020 intelligentiam,
1204 2976 1362 3017 propter

290 3029 528 3066 fumositates
553 3028 728 3064 ciborum
757 3026 1023 3075 perturbantes
1044 3031 1169 3071 caput.
1201 3022 1306 3059 Sicut
1325 3029 1362 3058 et

291 3094 312 3119 e
332 3081 521 3119 contrario
550 3079 777 3118 abstinentia
807 3079 952 3115 confert
973 3077 1021 3114 ad
1044 3076 1250 3125 sapientiae
1278 3087 1362 3123 per-

292 3135 528 3184 ceptionem:
550 3135 764 3172 secundum
785 3131 875 3169 illud
889 3131 1013 3168 Eccle.
1030 3129 1103 3167 11³⁸:
1129 3128 1306 3178 Cogitavi
1323 3128 1360 3164 in

292 3189 405 3225 corde
436 3200 519 3225 meo
552 3188 772 3225 abstrahere
798 3198 822 3222 a
849 3185 938 3222 vino
967 3195 1123 3221 carnem
1155 3194 1293 3228 meam,
1324 3186 1365 3218 ut

292 3242 463 3278 animum
491 3253 618 3277 meum
646 3241 893 3297 transferrem
926 3237 978 3274 ad
993 3236 1229 3286 sapientiam.
1250 3255 1274 3262 -
1295 3235 1362 3271 Se-

293 3294 433 3341 cundo,
463 3301 651 3341 quantum
680 3293 729 3330 ad
758 3291 980 3350 appetitum,
1010 3289 1075 3338 qui
1108 3288 1363 3337 multipliciter

294 3346 540 3385 deordinatur
574 3359 643 3395 per
675 3344 1012 3383 immoderantiam
1050 3343 1123 3379 cibi
1162 3350 1198 3379 et
1235 3349 1361 3390 potus,

1414 1638 1498 1675 dide
1535 1638 1688 1684 dicitur,
1718 1638 1755 1674 in
1791 1639 1924 1688 lingua
1959 1639 2119 1689 gravius
2157 1651 2231 1676 non
2269 1641 2429 1678 arderet.
2459 1662 2483 1669 -

1415 1691 1576 1738 Quarto,
1606 1699 1792 1739 quantum
1822 1693 1871 1729 ad
1900 1692 2158 1729 inordinatum
2188 1700 2327 1730 actum.
2359 1694 2408 1730 Et
2432 1694 2484 1731 sic

1416 1744 1568 1793 ponitur
1595 1745 1815 1790 scurrilitas,
1836 1745 1932 1782 idest
1952 1745 2165 1782 iocularitas
2185 1748 2377 1795 quaedam
2397 1759 2485 1795 pro-

1415 1798 1574 1834 veniens
1604 1809 1649 1834 ex
1679 1798 1828 1834 defectu
1858 1798 2024 1845 rationis,
2047 1811 2158 1848 quae,
2189 1800 2285 1836 sicut
2312 1812 2390 1836 non
2416 1812 2485 1848 po-

1416 1858 1487 1887 test
1507 1850 1687 1887 cohibere
1707 1851 1837 1898 verba,
1859 1851 1909 1888 ita
1928 1864 2005 1888 non
2031 1859 2156 1900 potest
2185 1853 2364 1889 cohibere
2386 1860 2484 1890 exte-

1413 1957 1682 2006 stultiloquium
1702 1963 1768 1994 aut
1785 1958 2004 2004 scurrilitas,
2026 1958 2114 1995 dicit
2134 1959 2271 1995 Glossa
2286 1958 2322 1995 *z
2349 1934 2454 2000 Quae
2473 1959 2485 1985 ζ

1416 2022 1440 2047 α
1467 2010 1585 2047 stultis
1613 2010 1807 2047 curialitas
1834 2011 1980 2058 dicitur,
2011 2011 2104 2048 idest
2130 2012 2358 2057 iocularitas,
2388 2024 2486 2060 quae

1416 2064 1533 2100 risum
1561 2075 1715 2100 movere
1741 2064 1843 2100 solet.
1869 2086 1893 2092 -
1915 2065 2104 2111 Quamvis
2132 2065 2251 2113 possit
2278 2072 2485 2114 utrumque

1415 2118 1554 2154 horum
1583 2116 1713 2154 referri
1737 2117 1786 2154 ad
1805 2118 1936 2154 verba.
1968 2119 2009 2154 In
2030 2117 2168 2165 quibus
2198 2117 2380 2166 contingit
2397 2130 2486 2166 pec-

1417 2182 1501 2207 care
1530 2170 1592 2207 vel
1622 2170 1765 2207 ratione
1800 2170 2080 2230 superfluitatis,
2111 2171 2217 2218 quod
2246 2171 2409 2219 pertinet
2437 2171 2486 2209 ad

1414 2223 1713 2283 multiloquium.-
1740 2224 1804 2260 vel
1825 2223 1971 2260 ratione
1996 2223 2256 2270 inhonestatis,
2277 2224 2382 2271 quod
2402 2236 2486 2272 per-

1415 2277 1508 2313 tinet
1535 2276 1584 2313 ad
1609 2276 1886 2313 scurrilitatem.

1468 2330 1526 2366 Ex
1545 2336 1652 2379 parte
1682 2336 1809 2366 autem
1839 2329 2023 2377 corporis,
2051 2328 2208 2377 ponitur
2235 2329 2484 2367 immunditia.

1387 2383 1526 2430 Quae
1556 2390 1682 2431 potest
1705 2382 1849 2419 attendi
1878 2382 1958 2419 sive
1987 2383 2201 2419 secundum
2230 2382 2485 2420 inordinatam

1417 2436 1664 2474 emissionem
1701 2447 2047 2494 quarumcumque
2070 2436 2394 2495 superfluitatum:
2424 2437 2484 2473 vel

1417 2489 1627 2538 specialiter
1646 2497 1832 2538 quantum
1854 2489 1901 2526 ad
1922 2488 2169 2526 emissionem
2185 2489 2352 2526 seminis.
2374 2489 2485 2527 Unde

1410 2650 1602 2698 pertinens
1630 2650 1681 2686 ad
1709 2649 1899 2686 libidinem
1928 2660 2164 2697 quocumque
2192 2648 2316 2684 modo.

1468 2705 1527 2739 AD
1543 2715 1681 2740 Palmum
1696 2713 1795 2739 ERGO
1815 2713 2003 2738 mOENDUM
2026 2702 2132 2749 quod
2152 2701 2291 2738 laetitia
2311 2713 2408 2749 quae
2429 2708 2485 2738 est

1415 2756 1463 2792 de
1484 2763 1569 2792 actu
1597 2755 1743 2804 peccati
1771 2755 1833 2792 vel
1862 2755 1952 2801 fine,
1983 2754 2227 2803 consequitur
2255 2766 2372 2790 omne
2396 2766 2483 2802 pec—

1415 2816 1561 2856 catum,
1592 2808 1757 2845 maxime
1794 2808 1900 2855 quod
1937 2807 2111 2856 procedit
2146 2820 2191 2843 ex
2224 2807 2367 2844 habitu.
2407 2807 2483 2844 Sed

1414 2862 1553 2899 laetitia
1580 2874 1677 2910 vaga
1698 2861 1965 2910 incomposita,
1987 2873 2087 2910 quae
2106 2860 2167 2897 hic
2189 2860 2323 2897 dicitur
2343 2860 2483 2909 inepta,

1415 2915 1619 2964 praecipue
1654 2915 1773 2951 oritur
1802 2926 1848 2951 ex
1875 2914 2130 2951 immoderata
2164 2913 2382 2962 sumptione
2411 2913 2483 2950 cibi

1415 2970 1477 3006 vel
1503 2976 1628 3017 potus.

1470 3021 1650 3058 Similiter
1678 3021 1793 3058 etiam
1822 3020 2027 3058 dicendum
2055 3020 2160 3068 quod
2185 3019 2378 3056 hebetudo
2399 3031 2483 3055 sen-

1416 3087 1479 3112 sus
1508 3082 1695 3134 quantum
1724 3075 1772 3111 ad
1802 3073 1976 3121 eligibilia
2004 3072 2259 3110 communiter
2292 3072 2484 3109 invenitur

1415 3129 1453 3165 in
1473 3128 1579 3165 omni
1608 3134 1778 3186 peccato.
1810 3127 1886 3164 Sed
1905 3126 2099 3163 hebetudo
2127 3138 2261 3163 sensus
2282 3125 2380 3161 circa
2400 3137 2483 3173 spe-

1416 3181 1590 3218 culabilia
1623 3181 1790 3217 maxime
1823 3179 1997 3229 procedit
2026 3192 2070 3216 ex
2098 3179 2200 3227 gula'7
2231 3178 2376 3215 ratione
2405 3177 2482 3215 iam

1417 3233 1554 3271 dicta*

1469 3289 1528 3323 AD
1553 3298 1744 3323 SECUNDUM
1772 3297 1957 3323 cht-:NDUM
1977 3285 2093 3334 quod
2115 3284 2200 3321 licet
2218 3283 2316 3321 utilis
2346 3284 2392 3320 sit
2414 3297 2483 3320 vo-

1415 3340 1528 3376 mitus
1547 3346 1635 3388 post
1655 3339 1888 3388 superfluam
1913 3338 2202 3385 comestionem,
2224 3345 2353 3374 tamen
2372 3337 2482 3374 vitio-

347 3459 374 3492 α)
395 3458 495 3484 vomitu
514 3458 676 3482 sordium-
695 3458 810 3482 vomitus
828 3457 1002 3489 sordiumque
1020 3457 1095 3487 BFK,
1107 3456 1207 3481 vomitu
1227 3454 1363 3479 sordium·
1471 3452 1494 3485 ε)
1514 3452 1759 3477 immoderantia.-
1777 3451 1998 3476 immoderatione
2017 3451 2089 3475 PGa.

294 3502 344 3527 que
362 3495 424 3523 CEI,
444 3493 590 3518 vomituum
609 3493 729 3518 sordium
749 3493 781 3518 D.
1470 3488 1496 3520 ζ)
1518 3488 1600 3518 Quae.
1612 3502 1632 3507 -
1653 3487 1731 3517 Quod
1749 3487 1838 3517 PG1a‚·
1856 3495 1904 3519 pro
1922 3486 2070 3515 curialitas,
2085 3485 2207 3511 curititas
2225 3486 2255 3515 F,
2267 3485 2437 3511 scurrialitas
2452 3486 2482 3515 Κ,

348 3529 374 3562 β)
388 3536 520 3562 poena.—
533 3528 640 3560 peccati
652 3535 743 3559 poena
761 3528 779 3558 1,
794 3535 884 3559 poena
898 3528 1005 3559 peccati
1024 3527 1096 3552 PGa.
1418 3524 1569 3549 scurrilitas
1588 3523 1716 3548 PCDGla.

346 3566 373 3599 γ)
394 3565 420 3589 in
440 3563 581 3589 edenda·
599 3563 737 3588 comedere
754 3563 830 3593 BFK,
849 3563 1012 3588 comedendo
1030 3563 1063 3588 Α.
1470 3559 1498 3591 η)
1517 3559 1612 3584 omnis.
1626 3573 1645 3578 -
1663 3559 1725 3583 Om.
1744 3558 1819 3583 BFK.

348 3600 372 3633 δ)
393 3601 479 3625 illa.-
496 3599 553 3624 alia
571 3597 721 3630 DlKLpBC,
741 3598 808 3622 talia
822 3581 859 3622 Ἰ-Ι.

1417 1904 1534 1940 riores
1562 1912 1702 1952 gestus.
1732 1904 1845 1941 Unde
1872 1906 2008 1953 Ephes.
2029 1917 2064 1951 v,
2094 1918 2210 1954 super
2237 1905 2330 1942 illud
2348 1905 2379 1952 *,
2408 1907 2486 1943 Aut
2513 1914 2521 1924 ’

1416 2555 1531 2591 super
1549 2542 1641 2580 illud
1654 2543 1790 2591 Ephes.
1808 2554 1832 2578 v
1845 2541 1866 2563 ‘¹‘
1869 2542 2110 2589 ,Fornicatio
2131 2548 2256 2579 autem
2277 2548 2311 2578 et
2329 2543 2452 2579 omnis
2466 2548 2485 2570 η
2513 2555 2523 2565 ·
2573 2561 2596 2576 rs

1415 2596 1653 2633 immunditia
1675 2603 1758 2643 etc„
1779 2595 1867 2633 dicit
1887 2596 2025 2632 Glossa
2043 2594 2079 2631 =¹⁸:
2100 2595 2201 2631 Idest
2219 2595 2484 2632 incontinentia
2512 2616 2522 2626 ·

2508 1304 2532 1345 ‚⁵
2532 1276 2591 1324 Ἥ.
2604 1283 2664 1325 leel:
2673 1283 2699 1324 ἕ]

2532 1335 2598 1356 Vers.
2614 1341 2650 1356 20.

2511 1545 2598 1566 Part.
2614 1545 2653 1570 ΙΙΙ,
2672 1551 2697 1565 ca
2716 1560 2720 1565 .

2510 1577 2549 1592 xix
2564 1571 2672 1598 al.cap.¹,
2683 1577 2695 1591 a
2711 1581 2719 1584 -

1415 1584 1506 1622 citas
1525 1590 1686 1633 raperet,
1707 1585 1809 1622 dives
1829 1585 1890 1622 ille
1908 1586 1975 1634 qui
1991 1586 2160 1634 epulatus
2184 1587 2346 1635 quotidie
2363 1587 2483 1636 splen·
2511 1604 2517 1619 ι
2536 1604 2550 1619 0
2603 1604 2617 1619 o

2538 1913 2604 1935 Vers.
2619 1920 2642 1938 4.

2512 1957 2523 1967 ⁴
2546 1957 2646 1978 luterlin.
2669 1960 2690 1977 et

2512 1983 2546 2004 Lo
2549 1983 2595 2005 mb.

2511 3236 2560 3258 In
2575 3242 2680 3264 corpore.
