2768 4198
80 1353 270 1409 ωςῗῖῗίῧᾞέ

82 2149 91 2159 ·
105 2149 172 2170 vert.
187 2153 216 2176 15,
230 2148 260 2170 1⁶.

1005 256 1273 302 QUAESTIO
1304 256 1440 300 CLIV,
1469 255 1768 292 ARTlCULUS
1796 254 1831 290 V

318 338 489 374 consentit,
513 337 568 368 sed
592 336 749 368 consentit
771 335 860 376 operi
884 336 989 371 bono,
1014 335 1065 366 vel
1089 345 1155 365 non
1179 334 1279 371 malo,
1305 335 1393 375 quod
1419 362 1421 378 Ι

322 383 374 414 ille
398 382 639 413 libidinosusex
656 381 739 411 mala
754 379 930 410 intentione
947 379 1072 410 ordinat
1087 380 1126 409 ad
1143 380 1274 410 malurn.
1299 379 1394 409 Verbi
1419 384 1421 411 i

322 426 437 467 gratia:
463 426 627 457 revertitur
650 424 860 455 consobrinus
885 423 1035 459 mulieris,
1053 430 1083 454 et
1103 424 1140 454 de
1158 434 1246 454 more
1271 424 1393 454 oscula-

322 479 374 502 tus
398 478 444 502 est
467 480 548 501 eam.
574 470 662 501 Licet
685 469 738 499 illa
762 468 839 499 sciat
862 469 951 509 quod
974 468 1032 499 iste
1056 478 1093 498 ex
1115 468 1245 498 libidine
1269 467 1393 499 oscula·

2440 263 2514 299 229

1447 333 1584 365 scandali
1613 334 1816 364 occasionem
1844 343 1910 363 non
1941 332 1999 363 sibi
2031 332 2146 362 datam.
2179 332 2220 362 Et
2246 341 2284 361 ex
2313 331 2371 361 hac
2395 330 2516 360 ratione

1447 385 1612 409 excusatur
1635 377 1749 409 mulier
1779 387 1860 419 quae
1889 387 1955 407 non
1979 375 2096 407 omittit
2120 375 2231 406 itinera
2259 381 2314 406 aut
2340 384 2437 415 opera
2461 384 2516 404 sua

1420 427 1421 452 ζ
1447 423 1479 453 in
1499 423 1572 454 loco
1590 423 1643 454 ubi
1660 422 1718 454 scit
1734 432 1766 452 se
1782 421 1879 452 videri
1896 421 1935 452 ad
1953 420 2253 461 concupiscentiam.
2278 419 2516 451 consentiendo

1448 466 1607 508 siquidem
1637 467 1727 508 quod
1755 466 1898 496 videatur
1922 475 1958 496 ex
1982 465 2043 496 hoc
2067 464 2155 506 quod
2179 464 2289 495 transit
2312 473 2368 504 per
2390 463 2460 493 loca
2484 463 2516 492 in

322 514 408 546 bitur
431 524 511 553 eain,
529 522 594 545 non
611 521 736 544 tenetur
754 520 865 554 ,tamen
882 512 1102 543 advenientem
1119 512 1268 553 repellere
1286 522 1392 543 coram
1419 514 1422 560 Ι
1448 511 1564 552 quibus
1588 511 1632 541 sic
1654 511 1789 547 videtur,
1807 510 1886 541 nulli
1910 510 1995 540 malo
2011 509 2184 540 consentit:
2209 509 2264 539 sed
2287 508 2350 544 alii,
2369 507 2516 543 videndo,

322 559 389 590 aliis
413 560 452 590 ab
476 559 589 590 osculo
611 558 714 594 licito;
747 567 819 594 nec,
844 557 1072 588 consentiendo
1096 557 1150 587 tali
1175 557 1297 590 osculo.
1322 556 1391 587 libi·
1420 574 1421 581 κ

322 603 388 635 dini
412 603 496 635 illius
520 603 575 644 qui
600 612 637 633 ex
660 602 744 632 mala
763 602 939 632 intentione
955 601 1035 632 illud
1050 601 1133 637 facit,
1150 611 1184 632 se
1199 601 1313 637 sociat;
1337 601 1392 632 sed
1420 601 1421 632 ἐ

323 650 411 679 bono
436 647 528 684 mori,
553 657 619 688 quo
643 646 695 677 ille
719 646 859 677 abutitur
882 646 914 676 in
938 647 1032 676 corde
1046 656 1116 680 suo.
1135 653 1166 676 et
1181 646 1266 676 unde
1283 645 1395 685 accipit
1420 643 1421 674 ἒ

1448 563 1616 596 apponunt
1638 555 1803 586 libidinem
1832 565 1924 585 suam
1947 554 2059 584 visioni
2085 563 2168 594 quae
2191 553 2276 584 licita
2299 553 2337 583 de
2361 562 2394 582 se
2418 559 2464 582 est
2488 558 2518 582 et

1448 610 1641 631 communis.

1504 644 1544 675 Et
1574 654 1630 684 per
1657 644 1735 674 haec
1765 651 1849 685 patet
1872 643 2039 684 responsio
2063 643 2102 673 ad
2126 642 2307 683 quaesitum
2330 648 2360 672 et
2383 641 2515 671 obiecta.

1117 782 1436 824 ARTICULUS
1467 780 1725 831 QUINTUS

913 877 1068 907 UTRUM
1092 875 1336 907 NOCTURNA
1361 874 1582 906 POLLurro
1607 874 1674 905 sir
1697 874 1937 905 PECCATUM

663 956 729 980 Part.
750 955 790 985 111,
810 963 855 988 qu.
875 963 946 985 Lxxx,
966 959 1013 979 art.
1033 962 1064 987 75
1085 954 1118 978 1v
1138 954 1220 982 Sent„
1241 953 1300 978 dist.
1319 961 1352 982 rx,
1373 958 1420 978 art.
1438 960 1464 984 4,
1484 953 1533 985 qu⁸
1557 960 1577 981 1,
1598 959 1626 982 2;
1649 952 1689 977 De
1714 951 1802 981 Verit„
1823 960 1869 984 qu.
1888 959 1973 980 xxvm,
1993 957 2040 976 art.
2062 951 2083 980 3,
2103 952 2134 976 ad
2154 960 2178 984 7.

358 1046 419 1077 >fig
439 1049 497 1077 isa<
535 1039 558 1063 D
579 1038 743 1069 Qumrum
766 1037 820 1062 sn:
841 1035 1082 1061 PRocem‘rur..
1107 1023 1268 1060 Videtur
1288 1023 1392 1071 quod
1419 1025 1421 1059 ζ

351 1066 433 1125 Μρ
454 1074 513 1127 Ε”3
534 1089 722 1117 nocturna
744 1078 904 1127 pollutio
924 1077 968 1114 sit
988 1082 1006 1098 ‘²
1033 1083 1246 1125 peccatum.
1277 1075 1393 1112 Meri-

375 1094 405 1113 “J

342 1088 618 1187 ειζνψῆτυῐι]
653 1132 754 1169 enim
793 1139 829 1168 et
866 1129 1097 1168 demeritum
1131 1129 1276 1166 habent
1309 1128 1392 1165 fieri
1419 1114 1421 1152 !

354 1188 356 1191 ’
382 1166 634 1227 C'Qcirca
665 1186 779 1222 idem.
815 1184 893 1221 Sed
927 1183 1122 1221 dormiens
1154 1189 1281 1231 potest
1311 1193 1390 1218 me·
1419 1219 1420 1222 ,

321 1242 411 1280 reri:
441 1236 545 1279 ‘sicut
576 1247 679 1290 patet
708 1239 755 1275 de
783 1238 1015 1283 Salomone,
1044 1235 1111 1283 qui
1143 1234 1341 1272 dormiens
1370 1247 1392 1270 a
1418 1270 1420 1278 2

314 1294 670 1341 Dominofdonum
699 1290 908 1340 sapientiae
936 1288 1165 1338 impetravit,
1189 1295 1230 1324 ut
1258 1287 1393 1324 dicitur
1418 1285 1420 1302 ²

325 1350 374 1386 111
390 1349 489 1399 Reg.
505 1359 541 1385 111
550 1346 583 1394 ⁴²„
600 1354 637 1383 et
655 1346 689 1382 ll
707 1342 960 1392 Paralip.1**.
982 1343 1085 1390 Ergo
1105 1341 1143 1378 in
1162 1340 1391 1378 dormiendo

322 1410 448 1451 potest
473 1400 610 1450 aliquis
637 1397 839 1436 demereri.
868 1397 918 1434 Et
945 1396 998 1432 ita
1015 1395 1168 1432 videtur
1189 1394 1295 1443 quod
1323 1406 1392 1431 no·
1417 1396 1421 1448 Ι

322 1464 455 1493 cturna
482 1453 642 1504 pollutio
667 1452 718 1489 sit
745 1457 959 1499 peccatum.
1418 1452 1421 1493 Ι

376 1521 410 1547 2.
441 1510 676 1552 Pus-mm,
695 1505 931 1554 quicumque
949 1502 1066 1539 habet
1088 1513 1203 1538 usum
1223 1500 1392 1548 rationis,
1418 1495 1421 1550 Ι

318 1570 447 1612 potest
473 1571 646 1610 peccare.
678 1559 755 1595 Sed
783 1557 823 1594 in
852 1555 1080 1594 dormiendo
1115 1554 1250 1602 aliquis
1277 1554 1393 1591 habet
1419 1551 1421 1602 Ι

320 1626 434 1653 usum
454 1613 629 1651 rationis:
658 1611 748 1660 quia
767 1611 984 1659 frequenter
1003 1608 1139 1658 aliquis
1159 1608 1198 1645 in
1217 1605 1394 1645 somnis?³
1418 1605 1421 1664 Ι

320 1668 576 1714 ratiocinatur,
598 1674 635 1703 et
652 1663 847 1714 praeeligit
870 1675 992 1700 unum
1011 1662 1129 1710 alteri,
1150 1661 1393 1699 consentiens
1419 1665 1421 1708 Ι

319 1723 382 1760 vel
413 1721 649 1759 dissentiens.
680 1719 782 1766 Ergo
803 1718 842 1754 in
862 1716 1091 1754 dormiendo
1112 1723 1238 1764 potest
1259 1715 1393 1763 aliquis
1419 1709 1421 1754 ἕ

320 1787 491 1826 peccare.
513 1775 562 1811 Et
581 1773 632 1810 ita
651 1779 807 1822 propter
825 1782 1009 1808 somnum
1028 1777 1215 1806 nocturna
1235 1768 1392 1818 pollutio

320 1841 399 1867 non
428 1827 633 1877 impeditur
661 1825 753 1874 quin
789 1824 835 1861 sit
867 1831 1087 1872 peccatum:
1123 1835 1212 1859 cum
1250 1834 1295 1859 ex
1331 1834 1393 1870 ge·
1419 1834 1421 1865 Ι

320 1895 411 1921 nere
440 1889 547 1919 actus
575 1880 621 1917 sit
649 1886 863 1928 peccatum.
1419 1872 1421 1878 ’

377 1937 412 1973 3.
441 1936 685 1979 PRAETEREA,
715 1932 851 1968 frustra
880 1930 1095 1978 increpatur
1130 1936 1167 1966 et
1201 1929 1394 1966 instruitur

322 1989 387 2038 qui
420 2000 499 2025 non
535 1994 661 2036 potest
687 1985 749 2022 vel
783 1996 894 2032 agere
914 1989 929 2012 Υ
958 1983 1171 2020 secundum
1206 1982 1393 2020 rationem

319 2043 383 2080 vel
421 2049 552 2079 contra
584 2039 784 2077 rationem.
826 2038 902 2075 Sed
931 2037 1052 2073 homo
1085 2036 1124 2073 in
1162 2036 1307 2072 somnis
1340 2036 1393 2072 in·
1419 2042 1421 2071 ἐ

321 2095 474 2133 struitur
510 2106 533 2131 a
569 2094 656 2131 Deo
695 2100 732 2128 et
768 2091 1005 2139 increpatur:
1049 2089 1264 2126 secundum
1302 2089 1421 2126 illud÷

320 2150 391 2186 Iob
409 2147 574 2186 xxx111*:
603 2147 679 2183 Per
704 2145 892 2182 somnium
907 2142 933 2190 Β,
963 2144 1000 2180 in
1024 2143 1167 2180 visione
1194 2148 1392 2188 nocturna,
1419 2150 1421 2153 ’

320 2202 472 2252 quando
491 2213 605 2250 sopor
630 2200 724 2237 solet
741 2209 929 2247 occupare
955 2197 1136 2242 homines,
1156 2202 1246 2233 tunc
1273 2197 1394 2244 aperit
1419 2225 1422 2236 ,

320 2268 434 2294 aures
461 2255 646 2299 virorum,
666 2258 703 2289 et
727 2252 901 2289 erudiens
924 2262 987 2287 eos
1015 2250 1163 2286 instruit
1184 2250 1391 2298 disciplina.

321 2311 425 2357 Ergo
454 2308 491 2345 in
520 2307 666 2345 somnis
704 2312 830 2354 potest
863 2303 997 2352 aliquis
1031 2315 1142 2352 agere
1178 2303 1391 2340 secundum
1420 2301 1422 2335 ἒ

321 2362 508 2401 rationem
542 2360 606 2398 vel
644 2367 776 2396 contra
811 2357 1022 2395 rationem:
1061 2357 1165 2406 quod
1205 2364 1260 2393 est
1293 2357 1393 2394 bene

320 2427 432 2465 agere
460 2414 522 2452 vel
550 2425 724 2463 peccare.
759 2412 810 2449 Et
838 2411 890 2449 sic
917 2410 1070 2448 videtur
1097 2410 1205 2459 quod
1233 2411 1393 2459 pollutio

321 2477 507 2508 nocturna
535 2468 581 2504 sit
608 2473 823 2516 peccatum.

375 2524 450 2560 SED
466 2533 613 2559 CONTRA
627 2532 694 2557 EST
709 2519 816 2567 quod
829 2517 1065 2566 Augustinus
1081 2517 1179 2563 dicit,
1196 2518 1265 2553 Xll
1281 2529 1396 2566 super

325 2577 418 2614 Gen.
440 2575 492 2612 ad
513 2574 578 2611 litt.
597 2573 638 2610 *z
667 2574 757 2621 Ipsa
775 2572 979 2621 phantasia
1007 2583 1106 2619 quae
1121 2571 1174 2618 fit
1192 2571 1229 2607 in
1250 2571 1394 2620 cogita-

322 2630 421 2667 tione
439 2627 736 2672 sermocinantis,
757 2637 843 2663 cum
862 2636 1042 2674 expressa
1049 2624 1177 2673 suerit
1194 2625 1231 2660 in
1251 2624 1395 2661 visione

321 2681 554 2727 somniantis,
576 2686 616 2718 ut
633 2681 729 2718 inter
756 2679 860 2716 illam
880 2684 916 2716 et
933 2690 1064 2715 veram
1093 2677 1394 2715 coniunctionem

321 2747 527 2785 corporum
547 2747 622 2772 non
641 2734 889 2778 discernatur,
909 2728 1084 2769 continue
1101 2736 1275 2768 movetur
1302 2743 1393 2768 caro

322 2796 360 2827 et
382 2789 551 2838 sequitur
577 2788 680 2836 quod
706 2799 792 2823 eum
820 2791 964 2823 motum
992 2785 1100 2833 sequi
1123 2784 1237 2821 solet.-
1274 2796 1360 2821 cum
1381 2789 1394 2806 ‘

322 2845 394 2881 hoc
421 2849 499 2880 tam
526 2842 607 2879 sine
629 2846 785 2890 peccato
803 2841 896 2887 fiat,
935 2850 1050 2887 quam
1077 2839 1158 2875 sine
1184 2844 1341 2886 peccato
1369 2850 1393 2875 a

322 2897 565 2948 vigilantibus
593 2895 729 2932 dicitur
755 2894 864 2942 quod,
890 2898 931 2929 ut
955 2892 1152 2938 diceretur,
1173 2891 1254 2928 sine
1281 2891 1393 2928 dubio

323 2951 529 3001 cogitatum
558 2954 621 2986 est.

377 3005 604 3042 Rasrounsso
641 3012 827 3038 DICENDUM
864 3000 969 3047 quod
1011 3005 1199 3035 nocturna
1236 2997 1394 3046 pollutio
1420 3043 1421 3046 Ἰ

323 3057 521 3106 dupliciter
547 3063 673 3105 potest
699 3052 946 3091 considerari.
980 3052 1068 3089 Uno
1097 3052 1230 3098 modo,
1260 3063 1394 3088 secun-
1420 3050 1422 3087 Ξ

325 3110 418 3147 dum
447 3122 500 3147 se.
530 3110 580 3146 Et
598 3110 673 3145 hoc
701 3107 822 3144 modo
842 3118 922 3143 non
948 3105 1064 3142 habet
1092 3104 1276 3141 rationem
1306 3116 1393 3153 pec·

325 3162 407 3200 cati.
439 3163 568 3200 Omne
597 3162 700 3198 enim
730 3168 930 3210 peccatum
960 3158 1152 3207 dependet
1181 3169 1227 3194 ex
1254 3157 1393 3195 iudicio
1420 3165 1422 3207 Ι

325 3213 495 3253 rationis:
534 3215 623 3265 quia
657 3214 770 3252 etiam
798 3213 945 3263 primus
980 3220 1109 3249 motus
1147 3210 1394 3248 sensualitatis

326 3281 406 3307 non
433 3269 549 3306 habet
574 3270 680 3316 quod
701 3268 747 3305 sit
764 3274 966 3316 peccatum
986 3265 1057 3303 nisi
1085 3265 1311 3313 inquantum
1340 3264 1395 3300 iu-

380 3385 406 3415 α)
426 3383 469 3407 sit.
482 3395 501 3401 —
519 3389 571 3407 non
589 3381 627 3407 sit
643 3381 740 3415 chK.

379 3418 405 3452 β)
424 3418 534 3443 sonuis-
545 3431 564 3437 -
581 3424 676 3443 somno
693 3417 748 3446 KL.
765 3417 869 3443 nmio
886 3417 938 3446 BF,
957 3416 1069 3442 somniis
1088 3416 1117 3441 C.

379 3455 405 3487 γ)
426 3454 467 3479 νει
484 3459 575 3486 agere.
587 3467 606 3471 -
621 3453 665 3478 uei
679 3459 764 3486 agere
781 3452 946 3486 BEFIKLpC
962 3458 990 3477 et
1006 3459 1032 3481 a,
1049 3451 1089 3476 uti
1108 3452 1140 3481 Η,
1155 3450 1271 3485 (utiliter
1289 3451 1315 3476 in
1328 3455 1394 3483 spat.
1421 3449 1422 3473 Ξ

326 3489 393 3523 vac.)
411 3496 492 3523 agere
510 3489 542 3517 Α.
562 3488 626 3513 utile
643 3494 725 3521 agere
743 3487 776 3517 G.
795 3487 836 3513 uti
853 3488 895 3513 vel
913 3495 994 3521 agere
1013 3487 1103 3512 PDsC.

379 3524 404 3557 δ)
425 3524 566 3550 somnium.
578 3537 597 3542 -
615 3529 736 3548 somnum
755 3521 986 3552 BCDffHmLa5
1005 3523 1028 3548 G
1047 3528 1076 3547 ut
1095 3530 1154 3547 nos.
1421 3524 1423 3552 Ι

381 3561 403 3593 ε)
422 3568 490 3586 cum.
503 3572 523 3578 —
542 3563 569 3584 et
585 3565 644 3584 cum
665 3557 766 3582 codices
785 3563 811 3582 et
828 3565 861 3587 a,-
880 3565 927 3591 pro
945 3558 995 3583 hoc
1014 3561 1078 3586 tam,
1098 3561 1187 3583 tamen
1208 3557 1239 3582 D.

380 3596 407 3628 ζ)
426 3595 561 3621 animalis.
574 3609 591 3613 -
609 3594 707 3626 aliquis
724 3594 755 3623 L,
774 3592 839 3619 or'is
856 3593 886 3623 Β,
904 3601 958 3618 om.
977 3593 1010 3618 Κ.

1450 1022 1548 1059 dicio
1578 1022 1732 1059 rationis
1761 1021 1915 1069 reprimi
1943 1029 2068 1069 potest
2086 1021 2117 1058 *.
2155 1022 2203 1058 Et
2230 1022 2337 1068 ideo,
2367 1024 2517 1060 sublato

1447 1075 1589 1112 iudicio
1614 1074 1782 1121 rationis,
1802 1074 1943 1111 tollitur
1963 1074 2056 1110 ratio
2077 1074 2235 1122 peccati.
2265 1077 2307 1112 In
2328 1076 2516 1113 dormien-

1449 1128 1499 1165 do
1520 1136 1649 1164 autem
1669 1127 1764 1164 ratio
1785 1140 1863 1164 non
1883 1127 2000 1163 habet
2019 1127 2183 1164 liberum
2206 1128 2406 1166 iudicium:
2437 1130 2517 1166 nul-

1449 1182 1506 1217 lus
1527 1181 1629 1217 enim
1659 1188 1716 1217 est
1735 1180 1931 1217 dormiens
1951 1180 2016 1228 qui
2043 1193 2123 1217 non
2143 1181 2311 1218 intendat
2330 1183 2518 1231 aliquibus

1449 1234 1758 1271 similitudinibus
1792 1234 2100 1282 phantasmatum
2128 1235 2233 1271 velut
2269 1236 2381 1271 rebus
2415 1236 2517 1284 ipsis,

1447 1295 1489 1324 ut
1516 1295 1619 1335 patet
1647 1299 1692 1323 ex
1720 1286 1778 1323 his
1807 1299 1906 1335 quae
1944 1286 1982 1323 in
2011 1287 2140 1323 Primo
2160 1287 2180 1308 *
2209 1287 2307 1324 dicta
2342 1297 2440 1325 sunt.
2471 1290 2520 1326 Et

1447 1340 1536 1377 ideo
1556 1340 1594 1377 id
1615 1340 1722 1388 quod
1742 1340 1816 1388 agit
1843 1341 1963 1376 homo
1993 1340 2200 1387 dormiens,
2222 1341 2286 1389 qui
2306 1353 2384 1378 non
2406 1343 2520 1379 habet

1447 1394 1610 1430 liberum
1645 1393 1830 1430 iudicium
1864 1393 2031 1438 rationis,
2060 1405 2139 1430 non
2167 1394 2374 1442 imputatur
2403 1396 2436 1431 ei
2471 1396 2520 1432 ad

1448 1448 1621 1496 culpam:
1651 1447 1747 1484 sicut
1783 1459 1854 1483 nee
1889 1446 1978 1483 illud
2015 1448 2120 1495 quod
2155 1448 2231 1494 agit
2264 1448 2428 1485 furiosus
2457 1457 2522 1485 aut

1447 1513 1595 1538 amens.

1501 1554 1588 1591 Alio
1618 1554 1739 1591 modo
1768 1561 1894 1602 potest
1923 1553 2155 1590 considerari
2184 1561 2371 1590 nocturna
2399 1556 2520 1603 pollu-

1448 1608 1501 1645 tio
1529 1620 1599 1656 per
1628 1606 1958 1656 comparationem
1987 1606 2036 1643 ad
2065 1619 2175 1643 suam
2209 1619 2375 1644 causam.
2411 1608 2520 1654 Quae

1448 1670 1575 1710 potest
1603 1673 1686 1698 esse
1706 1660 1852 1709 triplex.
1882 1660 1969 1697 Una
1989 1660 2145 1708 quidem
2167 1660 2389 1709 corporalis.
2421 1662 2520 1698 Cum

1449 1715 1552 1752 enim
1581 1715 1722 1752 humor
1749 1713 1941 1751 seminalis
1966 1714 2254 1762 superabundat
2272 1714 2310 1751 in
2336 1727 2520 1764 corpore;

1448 1769 1511 1805 vel
1541 1781 1629 1805 curn
1660 1768 1757 1804 facta
1786 1774 1841 1804 est
1868 1767 2043 1804 humoris
2073 1767 2265 1814 resolutio,
2286 1770 2348 1804 vel
2369 1781 2438 1817 per
2466 1770 2520 1806 ni-

1449 1821 1568 1858 miam
1598 1821 1883 1858 calefactionem
1913 1821 2096 1869 corporis,
2116 1821 2178 1857 vel
2198 1833 2266 1870 per
2294 1833 2520 1870 quamcum-

1419 1892 1421 1897 =
1449 1887 1523 1924 que
1553 1875 1668 1912 aliam
1698 1874 2023 1918 commotionem
2053 1874 2219 1911 somniat
2253 1874 2445 1912 dormiens
2475 1888 2520 1912 ea

1449 1941 1547 1977 quae
1567 1928 1757 1977 pertinent
1784 1927 1832 1964 ad
1854 1927 2115 1976 expulsionem
2142 1927 2363 1965 huiusmodi
2383 1930 2521 1966 humo-

1449 1982 1498 2019 ris
1536 1980 1765 2019 abundantis
1798 1982 1861 2018 vel
1898 1980 2071 2027 resoluti,
2102 1981 2197 2017 sicut
2235 1981 2348 2018 etiam
2387 1983 2521 2019 accidit

1449 2035 1605 2084 quando
1634 2043 1767 2072 natura
1796 2042 1974 2082 gravatur
2000 2046 2044 2070 ex
2074 2034 2199 2082 aliqua
2219 2034 2291 2071 alia
2321 2036 2520 2084 superflui-

1448 2096 1545 2134 tate;
1574 2089 1625 2125 ita
1654 2088 1760 2137 quod
1784 2087 2017 2136 quandoque
2042 2087 2253 2125 formantur
2271 2088 2309 2125 in
2339 2088 2521 2137 imagina-

1448 2142 1551 2179 tione
1571 2142 1838 2191 phantasmata
1866 2140 2091 2189 pertinentia
2115 2141 2163 2178 ad
2193 2141 2438 2179 emissionem
2466 2151 2520 2180 ta—

1448 2196 1542 2233 lium
1578 2194 1899 2244 superfluitatum.
1946 2194 1987 2231 Si
2023 2194 2134 2242 igitur
2170 2196 2521 2243 superabundantia

1449 2249 1532 2286 talis
1555 2248 1730 2285 humoris
1750 2247 1796 2284 sit
1825 2260 1870 2284 ex
1890 2260 2005 2284 causa
2026 2247 2216 2296 culpabili,
2238 2255 2330 2296 puta
2358 2261 2445 2286 cum
2466 2257 2522 2286 est

1449 2314 1495 2339 ex
1514 2301 1772 2351 superfluitate
1793 2301 1866 2337 cibi
1885 2302 1947 2338 vel
1967 2309 2098 2350 potus;
2119 2307 2209 2338 tunc
2234 2309 2420 2339 nocturna
2439 2304 2520 2351 pol-

1449 2356 1541 2393 lutio
1570 2356 1686 2392 habet
1714 2354 1900 2392 rationem
1929 2355 2062 2404 culpae
2083 2366 2128 2391 ex
2149 2367 2217 2391 sua
2238 2367 2363 2392 causa.
2396 2355 2434 2392 Si
2457 2368 2521 2393 au-

1448 2417 1526 2446 tem
1555 2408 1908 2458 superabundantia
1935 2409 1998 2445 vel
2028 2408 2207 2446 resolutio
2238 2408 2320 2445 talis
2348 2410 2521 2447 humoris

1449 2476 1528 2500 non
1557 2463 1603 2500 sit
1631 2475 1677 2499 ex
1705 2462 1829 2511 aliqua
1859 2474 1973 2499 causa
2002 2462 2191 2511 culpabili,
2216 2469 2306 2499 tunc
2334 2471 2520 2500 nocturna

1449 2517 1609 2566 pollutio
1649 2528 1728 2552 non
1769 2523 1823 2552 est
1860 2515 2076 2564 culpabilis,
2114 2528 2185 2552 nec
2222 2515 2260 2552 in
2297 2528 2337 2552 se
2376 2529 2446 2553 nec
2483 2517 2519 2553 in

1449 2582 1566 2607 causa
1595 2582 1674 2606 sua.

1502 2623 1587 2660 Alia
1614 2635 1708 2660 vero
1747 2634 1861 2659 causa
1898 2630 2107 2658 nocturnae
2146 2622 2363 2670 pollutionis
2397 2630 2520 2671 potest

1449 2690 1532 2714 esse
1562 2675 1767 2713 animalis<
1796 2674 1966 2712 interior:
1996 2679 2088 2724 puta
2109 2687 2196 2712 cum
2219 2687 2264 2711 ex
2293 2675 2519 2723 cogitatione

1449 2730 1692 2780 praecedenti
1722 2729 1902 2776 contingit
1922 2728 2087 2778 aliquem
2108 2728 2363 2766 dormientem
2388 2729 2517 2776 pollui.

1449 2783 1639 2832 Cogitatio
1669 2791 1799 2820 autern
1827 2794 1926 2831 quae
1951 2782 1988 2818 in
2009 2781 2134 2830 vigilia
2162 2782 2378 2830 praecessit,
2400 2795 2518 2831 quan—

1448 2838 1577 2886 doque
1599 2845 1654 2874 est
1668 2849 1763 2885 pure
1779 2836 2023 2884 speculativa,
2041 2843 2133 2884 puta
2148 2847 2236 2872 cum
2256 2835 2389 2883 aliquis
2405 2848 2518 2872 causa

1449 2890 1712 2939 disputationis
1734 2889 1871 2937 cogitat
1890 2889 1937 2926 de
1957 2889 2123 2938 peccatis
2143 2889 2369 2926 carnalibus:
2401 2901 2518 2937 quan-

1420 2983 1421 2986 ,
1449 2945 1576 2993 doque
1606 2951 1734 2980 autem
1763 2950 1819 2979 est
1848 2955 1936 2980 cum
1961 2942 2090 2990 aliqua
2118 2942 2319 2979 affectione
2337 2943 2398 2979 vel
2429 2955 2517 2979 con—

1450 2997 1703 3046 cupiscentiae
1725 2997 1787 3033 vel
1806 2996 1986 3033 horroris.
2010 2996 2203 3043 Contingit
2222 3004 2350 3032 autern
2368 2995 2516 3042 magisv·

1449 3051 1609 3100 pollutio
1638 3058 1825 3087 nocturna
1853 3062 1899 3086 ex
1923 3049 2150 3097 cogitatione
2178 3049 2386 3085 carnalium
2407 3049 2517 3085 vitio-

1449 3116 1535 3141 rum
1564 3116 1663 3154 quae
1692 3103 1759 3140 fuit
1775 3101 1790 3124 ⁹
1821 3115 1910 3140 curn
1931 3103 2237 3151 concupiscentia
2256 3102 2387 3138 talium
2417 3102 2517 3139 dele-

1450 3157 1680 3194 ctationum:
1720 3157 1809 3205 quia
1844 3168 1889 3192 ex
1917 3157 1991 3192 hoc
2021 3163 2192 3192 remanet
2225 3155 2422 3203 quoddam
2452 3167 2517 3192 ve-

1450 3210 1602 3258 stigium
1632 3218 1668 3247 et
1688 3209 1879 3246 inclinatio
1899 3209 1937 3246 in
1966 3209 2105 3255 anima,
2126 3209 2176 3245 ita
2197 3208 2302 3258 quod
2323 3208 2517 3246 dormiens

1449 3263 1592 3301 facilius
1621 3263 1810 3300 inducitur
1837 3263 1875 3299 in
1904 3275 1973 3299 sua
1996 3262 2265 3310 imaginatione
2285 3267 2293 3283 ‘
2322 3262 2371 3300 ad
2390 3274 2518 3300 assen-

1502 3379 1528 3411 η)
1547 3379 1644 3411 magis.
1657 3391 1677 3397 —
1695 3378 1767 3410 quod
1786 3377 1872 3410 magis
1891 3376 2054 3409 ABDEFpK.
2073 3376 2218 3401 secundum
2237 3376 2325 3409 magis
2343 3376 2374 3406 L.
2387 3376 2436 3401 hoc
2448 3377 2519 3409 quod

1421 3400 1423 3445 ς’
1449 3415 1536 3447 magis
1554 3414 1601 3446 pC.

1503 3448 1528 3481 0)
1541 3450 1641 3483 suit.-
1659 3449 1714 3474 sr'nt
1739 3449 1802 3480 EpA
1826 3453 1852 3473 et
1870 3455 1900 3477 a,
1920 3451 1984 3472 sunt
2007 3447 2188 3479 PDFHL,flt
2210 3447 2261 3477 sC,
2281 3447 2373 3472 abrasa
2398 3448 2450 3480 pC;
2471 3455 2517 3479 pro

1421 3504 1423 3508 .
1450 3485 1553 3515 talium,
1573 3490 1599 3510 et
1618 3485 1734 3510 aliarum
1759 3483 1867 3516 BEpCK
1891 3488 1916 3507 et
1933 3490 1959 3513 a,
1979 3486 2006 3508 et
2023 3483 2181 3508 animalium
2207 3483 2277 3512 AsK,
2297 3486 2324 3507 et
2342 3483 2424 3507 alium
2444 3483 2473 3513 F,
2491 3486 2519 3507 et

1449 3521 1541 3553 aliqua
1560 3520 1759 3552 (delectatione)
1773 3519 1823 3549 sC3
1843 3526 1911 3551 quae
1929 3522 1992 3544 sunt
2010 3519 2224 3551 concupiscentia
2244 3526 2323 3551 quam
2343 3518 2459 3543 aliarum
2473 3518 2517 3542 de-

1450 3556 1622 3582 lectationum
1642 3556 1660 3580 l.

1504 3592 1523 3623 ι)
1544 3591 1777 3625 imaginatione.-
1795 3590 1912 3623 imag-Ine
1930 3590 2055 3618 ABEHL.
2075 3590 2159 3614 imane
2180 3589 2210 3614 C.

2546 1033 2556 1043 ⁸
2570 1033 2597 1054 D.
2613 1032 2666 1061 989.

2547 1293 2758 1321 ⁸Qu.1.xxxiv,art.

2547 1321 2569 1346 8,
2584 1320 2613 1342 ad
2627 1326 2647 1342 2.
