2768 4198
957 283 1225 332 QUAESTIO
1255 282 1432 329 CXXVI,
1463 282 1762 319 ARTICULUS
1793 283 1824 318 Il

1068 409 1388 453 ARTICULUS
1418 409 1724 453 SECUNDUS

816 503 971 535 UTRUM
994 501 1096 532 ESSE
1120 501 1367 534 IMPAVIDUM
1383 498 1659 534 ‘OPPONATUR
1681 501 1968 534 FORT1TUD1N1

328 613 396 653 ,ζὴ-ἧι
412 616 468 647 8¹2<
507 610 530 634 D
546 607 736 634 SECUNDUM
751 605 804 630 sm
820 602 1063 629 PROCEDl‘rUR.
1079 591 1240 628 Videtur
1254 592 1360 640 quod
1387 593 1390 644 1
1416 591 1577 629 materia
1614 591 1713 629 circa
1739 604 1859 640 quam
1890 599 1957 628 est.
1999 591 2110 628 Unde
2147 590 2197 627 ad
2230 589 2493 626 fortitudinem

328 640 590 711 QAesse
619 647 860 704 impavidum
882 656 974 704 ‘non
1002 653 1224 694 opponatur
1259 645 1362 682 forti—
1387 650 1390 682 l
1415 645 1579 694 pertinet
1606 645 1724 681 timor
1743 645 1967 682 moderatus
1986 644 2202 681 secundum
2222 643 2432 680 rationem:
2454 650 2495 678 ut

313 705 350 745 Ὺ
374 719 433 749 ν,
455 707 476 747 (1
507 702 638 740 tudini.
678 702 736 737 De
774 699 967 735 habmbus
1005 698 1108 735 enim
1147 698 1363 735 iudicamus
1388 714 1391 729 ε
1417 698 1560 735 scilieet
1586 698 1708 734 homo
1743 698 1876 734 timeat
1914 698 2019 746 quod
2058 704 2231 746 oportet,
2271 704 2307 733 et
2335 696 2494 744 quando

352 732 576 806 ζ’·’ὲώχρει-
603 762 719 791 actus.
751 752 829 789 Sed
855 752 980 788 nullus
1007 759 1114 788 actus
1135 751 1362 788 fortitudinis
1390 763 1391 785 2
1418 758 1581 800 oportet,
1613 759 1649 787 et
1677 749 1848 787 similiter
1876 751 1923 787 de
1953 750 2046 787 aliis.
2087 751 2161 787 Hie
2189 758 2319 788 autem
2354 749 2495 786 modus

296 810 499 859 impeditur
525 821 594 858 per
621 808 695 844 hoc
729 807 834 854 quod
869 805 1002 854 aliquis
1035 813 1092 842 est
1124 804 1362 854 impavidus:
1391 849 1392 852 Ἴ
1418 804 1575 842 rationis
1605 803 1801 852 corrumpi
1820 811 1958 852 potest,
1988 803 2084 841 sicut
2102 816 2174 852 per
2201 815 2415 850 excessum,
2445 802 2496 840 ita

296 871 445 901 remoto
475 863 577 898 enim
606 860 766 906 timore,
797 859 931 908 aliquis
967 866 1003 895 et
1036 858 1180 895 fortiter
1208 858 1366 895 sustinet
1391 855 1393 902 J
1420 865 1456 895 et
1484 870 1554 906 per
1583 857 1790 894 defectum.
1820 857 1933 894 Unde
1962 856 2059 893 sicut
2086 857 2267 894 timiditas
2287 857 2496 906 opponitur

296 925 331 954 et
345 916 526 953 audacter
544 914 770 962 aggreditur.
791 914 896 961 Ergo
916 924 1001 949 esse
1021 911 1266 960 impavidum
1286 923 1366 948 non
1392 905 1394 947 ἶ
1420 911 1631 948 fortitudini
1660 922 1729 959 per
1757 921 1958 947 excessum
1986 909 2145 957 timoris,
2170 910 2399 959 inquantum
2427 910 2496 948 sci-

295 969 502 1018 opponitur
530 966 750 1005 fortitudini.
1394 1003 1395 1007 ,
1421 965 1507 1002 licet
1526 965 1648 1001 homo
1670 964 1777 1001 timet
1805 963 1912 1013 quod
1940 975 2020 1000 non
2045 970 2198 1012 oportet
2213 969 2242 1011 ²,
2270 964 2334 1000 vel
2362 975 2496 1001 secun·
2622 973 2640 992 α

348 1035 383 1059 2.
404 1023 643 1068 PRAETEREA,
661 1033 745 1058 esse
766 1019 1009 1069 impavidum
1032 1026 1087 1056 est
1105 1018 1288 1056 vitiosum
1305 1019 1369 1055 vel
1394 1029 1396 1063 ᾖ
1423 1020 1516 1058 dum
1549 1019 1656 1067 quod
1696 1029 1775 1055 non
1809 1023 1980 1066 oportet;
2020 1015 2070 1053 ita
2105 1016 2219 1054 etiam
2252 1016 2496 1066 impaviditas

294 1083 451 1125 propter
478 1076 672 1113 defectum
702 1073 820 1112 debiti
849 1073 1002 1120 amoris,
1032 1073 1095 1109 vel
1123 1080 1280 1122 propter
1308 1085 1370 1109 su-
1395 1079 1397 1121 ᾗ
1423 1072 1632 1122 opponitur
1667 1071 1700 1108 ei
1736 1083 1806 1120 per
1843 1070 2036 1108 defectum
2064 1069 2234 1117 timoris,
2268 1069 2498 1119 inquantum

55 1146 62 1152 ·
81 1142 116 1190 ξι.
139 1145 181 1163 an·
200 1146 266 1167 prae-
293 1129 482 1179 perbiam,
497 1131 561 1166 vel
577 1137 735 1178 propter
755 1127 951 1165 stultitiam
966 1126 998 1164 ³⁸.
1021 1126 1099 1164 Sed
1120 1126 1291 1163 defectus
1306 1126 1371 1164 de·
1395 1128 1397 1176 ἦ
1424 1126 1566 1164 scilicet
1593 1138 1673 1163 non
1701 1125 1810 1162 timet
1838 1123 1971 1173 aliquis
2000 1124 2106 1172 quod
2135 1130 2287 1173 oportet
2314 1123 2461 1161 timere.

55 1175 104 1191 ⁶⁶'
293 1183 357 1220 biti
379 1183 521 1221 amoris
537 1182 748 1232 opponitur
768 1181 932 1226 caritati3
949 1179 1131 1230 superbia
1151 1188 1280 1217 autern
1301 1181 1370 1217 hu·
1396 1178 1398 1229 ’ξ
1478 1182 1537 1217 An
1566 1191 1706 1216 PRlMUM
1734 1182 1833 1216 ER'oo
1863 1189 2051 1215 memnon
2084 1178 2191 1226 quod
2221 1184 2326 1214 actus
2354 1176 2500 1214 fortitu-

294 1237 460 1284 militati;
499 1237 653 1274 stultitia
682 1243 812 1274 autem
841 1234 1081 1285 prudentiae,
1110 1234 1193 1272 sive
1222 1234 1372 1283 sapien·
1397 1232 1399 1280 i
1425 1233 1524 1272 dinis
1546 1241 1601 1270 est
1620 1230 1831 1270 timorem?⁵
1859 1230 2045 1269 sustinere
2075 1237 2112 1267 et
2130 1229 2286 1280 aggredi
2306 1233 2499 1280 non'qua-
2628 1235 2644 1270 β

293 1291 380 1328 tiae.
425 1291 527 1339 Ergo
566 1290 700 1328 vitium
739 1287 1014 1339 impaviditatis
1049 1300 1127 1325 non
1168 1287 1374 1338 opponitur
1397 1284 1399 1322 l
1425 1287 1688 1336 litercumque,
1718 1286 1786 1323 sed
1807 1285 2021 1323 secundum
2049 1284 2251 1322 rationem.
2282 1283 2402 1332 Quod
2421 1295 2501 1322 non

294 1344 517 1382 fortitudini.
1398 1340 1400 1384 ἦ
1426 1341 1514 1379 facit
1542 1339 1774 1390 impavidus.

350 1399 384 1436 3.
415 1399 662 1444 PRAETEREA,
701 1396 831 1434 virtuti
869 1403 1121 1446 opponuntur
1154 1395 1245 1432 vitia
1278 1390 1401 1442 sicut}
1480 1396 1540 1432 An
1573 1405 1767 1432 SECUNDUM
1801 1404 1988 1431 memnon
2027 1391 2134 1440 quod
2173 1390 2419 1441 impaviditas
2456 1402 2503 1428 ex

296 1462 467 1490 extrema
488 1452 632 1490 medio.
664 1451 742 1488 Sed
761 1462 883 1488 unum
904 1449 1078 1487 medium
1100 1461 1145 1486 ex
1169 1461 1247 1486 una
1266 1456 1373 1498 parte
1399 1451 1402 1512 l
1428 1461 1496 1486 sua
1518 1448 1645 1498 specie
1666 1446 1877 1496 corrumpit
1896 1446 2068 1484 medium
2090 1444 2336 1483 fortitudinis:
2359 1452 2396 1483 et
2413 1444 2502 1482 ideo

296 1518 375 1543 non
404 1507 521 1543 habet
550 1506 620 1544 nisi
649 1517 772 1542 unum
797 1511 1023 1541 extremum.
1055 1504 1156 1541 Cum
1179 1515 1269 1551 ergo
1300 1503 1374 1540 for·
1400 1516 1402 1539 ε
1428 1502 1570 1540 directe
1590 1500 1800 1539 fortitudini
1820 1499 2039 1550 opponitur.
2072 1499 2149 1537 Sed
2179 1498 2395 1537 secundum
2415 1510 2505 1536 suas

295 1559 446 1597 titudini
482 1572 528 1597 ex
559 1572 637 1597 una
665 1566 773 1608 parte
804 1565 1024 1608 opponatur
1051 1557 1187 1604 timor,
1228 1569 1272 1593 ex
1303 1556 1375 1594 alia
1400 1555 1402 1578 l
1429 1568 1576 1603 causas,
1606 1555 1699 1593 nihil
1725 1554 1905 1605 prohibet
1933 1555 2027 1604 quin
2048 1561 2268 1603 opponatur
2287 1552 2368 1591 aliis
2387 1551 2505 1590 virtu-

295 1625 391 1651 vero
420 1622 527 1663 parte
564 1621 784 1663 opponatur
813 1612 846 1649 ei
876 1611 1048 1656 audacia,
1086 1611 1240 1648 videtur
1268 1609 1374 1659 quod
1401 1589 1403 1648 i
1429 1610 1542 1647 tibus.

297 1667 546 1717 impaviditas
576 1668 608 1704 ei
639 1679 719 1704 non
748 1673 982 1716 opponatur.
1401 1662 1403 1703 ζ
1483 1665 1542 1700 Ao
1571 1674 1733 1700 TERTnJM
1768 1673 1955 1700 mesanum
1999 1661 2103 1710 quod
2143 1659 2281 1698 vitium
2319 1658 2505 1698 audaciae

55 1726 219 1776 ἑξῆς-,Ἤρ
230 1731 269 1773 331
353 1722 428 1759 SED
445 1733 593 1759 CONTRA
609 1732 675 1758 EST
689 1719 795 1769 quod
811 1719 1085 1769 Philosophus,
1098 1717 1330 1755 inIllEthic.
1341 1716 1374 1763 ²¹²,
1402 1737 1403 1769 3
1430 1716 1639 1766 opponitur
1674 1715 1882 1753 fortitudini
1910 1715 2123 1754 secundum
2159 1725 2359 1751 excessum
2388 1713 2506 1753 auda·

56 1841 64 1849 ·
77 1839 124 1866 Qu.
136 1844 215 1865 enni,
226 1841 269 1859 art.

59 2518 69 2527 ⁸
76 2518 112 2539 In.
119 2516 214 2544 resp.nd
224 2522 272 2544 erg.

60 2547 123 2565 cont.
139 2543 243 2565 conclus.
253 2549 272 2571 5,

61 2577 206 2619 {foeba-lus·
226 2602 246 2618 2.

298 1775 406 1824 ponit
433 1774 740 1824 impaviditatem
770 1772 980 1810 fortitudini
1009 1771 1242 1821 oppositam.

351 1830 580 1866 RESPONm-:o
601 1839 788 1865 DicENDUM
808 1826 928 1875 quod,
946 1826 1043 1863 sicut
1062 1824 1210 1874 supra*
1229 1823 1374 1861 dictum

299 1890 365 1929 est⁷
387 1882 568 1929 fortitudo
590 1889 646 1918 est
665 1881 765 1917 circa
784 1880 945 1917 timores
965 1886 1002 1916 et
1021 1877 1214 1915 audacias.
1236 1876 1377 1914 Omnis

298 1944 428 1973 autem
464 1935 585 1972 virtus
614 1934 772 1971 moralis
806 1932 917 1982 ponit
946 1932 1111 1970 modum
1148 1930 1306 1968 rationis
1339 1929 1376 1967 in

350 2052 378 2084 α)
397 2051 470 2084 quod
491 2058 544 2076 non
568 2053 683 2083 oportet.
696 2065 714 2069 -
731 2049 804 2083 quod
827 2051 934 2081 oportet
952 2048 987 2078 F,
999 2047 1108 2081 quando
1132 2054 1184 2072 non
1204 2048 1311 2079 oportet
1335 2045 1375 2075 Κ,

296 2088 368 2120 quod
386 2094 439 2113 non
460 2087 537 2112 debet
555 2087 596 2112 ed.
615 2094 641 2116 a,
660 2086 734 2119 quod
751 2093 806 2111 non
826 2085 903 2110 debet
922 2084 963 2110 vel
975 2083 1122 2110 secundum
1141 2082 1214 2116 quod
1228 2089 1281 2107 non
1297 2082 1375 2107 debet

297 2124 331 2154 Ρ;
351 2124 419 2150 vel...
438 2126 546 2155 oportet
564 2131 619 2148 om.
639 2122 680 2147 CF
683 2122 716 2147 G.

1402 1788 1404 1824 3
1430 1771 1511 1807 ciae
1526 1770 1566 1806 *ε
1596 1769 1841 1819 impaviditas
1861 1777 1991 1807 autem
2011 1767 2226 1806 secundum
2248 1766 2441 1805 defectum
2462 1766 2507 1805 ti·
2533 1777 2546 1789 ·
2583 1791 2589 1798 ·

1402 1828 1404 1853 1
1429 1823 1559 1860 moris.
1591 1823 1791 1860 Fortitudo
1821 1830 1951 1860 autem
1974 1822 2012 1860 in
2034 1829 2194 1871 utraque
2222 1821 2404 1871 passione
2425 1833 2507 1858 me-

1430 1876 1538 1914 dium
1557 1875 1681 1925 ponit.¹
1707 1875 1820 1913 Unde
1841 1888 1921 1913 non
1941 1883 1997 1913 est
2025 1874 2302 1913 inconveniens
2321 1873 2428 1924 quod
2448 1886 2508 1912 se·

1430 1930 1601 1968 cundum
1632 1929 1783 1967 diversa
1811 1929 1952 1966 habeat
1981 1927 2135 1966 diversa
2163 1935 2348 1966 extrema.

1483 2044 1508 2078 β)
1529 2045 1661 2071 timorem.
1672 2058 1692 2065 -
1710 2044 1802 2070 timeri
1816 2043 1978 2077 BEFKpAC,
1993 2043 2088 2069 timere
2105 2041 2206 2072 DGsC,
2220 2049 2275 2068 om.
2294 2041 2382 2072 His&
2401 2041 2510 2067 solutio-

1429 2089 1490 2106 nem
1510 2081 1578 2106 hanc
1597 2089 1652 2107 om.
1671 2081 1702 2106 L.

977 2200 1317 2233 Commentario
1340 2197 1597 2232 cardinalis
1620 2196 1828 2231 Caietam

329 2295 348 2315 N
373 2290 440 2316 tota
463 2282 651 2325 quaestione
679 2279 1087 2321 centesimavigesimasexta
1112 2278 1191 2310 nihil
1213 2278 1299 2310 aliud
1323 2287 1376 2308 oc-

303 2297 427 2361 Icurrit
450 2327 653 2360 scribendum
668 2326 728 2357 nisi
744 2332 881 2358 attentos
897 2324 1025 2356 reddere
1046 2324 1180 2355 lectores
1203 2323 1293 2365 quod
1310 2325 1375 2354 Au-

300 2381 367 2406 ctor
397 2373 430 2404 in
461 2372 594 2404 articulo
623 2371 782 2408 secundo,
807 2370 839 2401 in
870 2369 1077 2411 responsione
1107 2369 1147 2399 ad
1171 2368 1317 2405 tertium,
1342 2367 1375 2398 in

301 2419 401 2455 calce,
426 2428 492 2449 non
517 2417 592 2448 dicit
620 2416 710 2458 quod
737 2415 893 2447 fortitudo
917 2414 1096 2446 secundum
1125 2413 1248 2444 diversa
1271 2412 1377 2443 media

299 2464 414 2495 hebeat
435 2463 558 2494 diversa
581 2467 732 2497 extrema,
759 2467 794 2491 ut
817 2459 972 2491 Martinus
995 2458 1135 2500 imponit
1158 2457 1232 2495 sibi,
1258 2467 1295 2488 ex
1318 2457 1377 2488 hac

301 2507 520 2550 responsione,
537 2507 595 2543 bis,
612 2505 729 2537 scilicet
744 2505 778 2536 in
793 2515 848 2547 qu.
865 2515 876 2536 1
891 2503 908 2524 *
927 2512 958 2536 et
974 2504 1005 2535 in
1023 2514 1078 2546 qu.
1095 2514 1138 2535 xn
1154 2502 1205 2533 *ἢ
1231 2502 1286 2533 sed
1302 2501 1378 2533 dicit

301 2553 391 2595 quod
423 2562 486 2584 non
510 2557 558 2583 est
581 2551 809 2583 inconveniens
838 2549 923 2591 quod
937 2548 1108 2591 fortitudo
1129 2547 1305 2579 secundum
1329 2547 1376 2578 di-

302 2607 396 2630 versa
419 2598 535 2629 habeat
557 2596 686 2628 diversa
710 2600 867 2627 extrema.
891 2594 988 2625 Aliud
1013 2601 1059 2625 est
1083 2593 1170 2624 enim
1194 2592 1307 2628 dicere,
1330 2601 1379 2623 se—

302 2642 443 2674 cundum
466 2642 615 2673 diversa:
638 2647 669 2672 et
692 2640 789 2676 aliud,
812 2639 988 2671 secundum
1011 2639 1140 2670 diversa
1161 2637 1276 2669 media.
1302 2637 1379 2667 For-

302 2688 408 2719 titudo
433 2695 573 2728 namque
597 2695 700 2717 unum
727 2691 854 2716 tantum
883 2683 1027 2715 medium
1058 2683 1154 2714 hebet
1185 2681 1378 2713 formaliter:

303 2733 430 2769 scilicet,
454 2732 494 2762 ad
518 2731 657 2762 maxima
679 2737 711 2761 et
734 2729 857 2771 optima
878 2729 1018 2770 pericula
1033 2728 1186 2760 inclinare
1202 2726 1380 2758 secundum

1429 2278 1519 2319 quod
1543 2284 1683 2318 oportet,
1707 2277 1856 2318 quando,
1881 2275 1956 2313 ubi,
1981 2275 2072 2312 sicut,
2089 2282 2147 2307 etc.
2173 2275 2236 2307 Sed
2259 2276 2335 2317 quie
2358 2274 2421 2306 hoc
2445 2284 2513 2307 me-

1429 2322 1521 2354 dium
1544 2322 1578 2353 in
1602 2322 1748 2364 pluribus
1771 2321 1976 2363 passionibus
1999 2320 2093 2361 ponit
2116 2327 2270 2362 tanquam
2295 2319 2328 2350 in
2351 2318 2512 2356 materiis,

1429 2367 1504 2398 ideo
1535 2377 1602 2398 non
1626 2366 1811 2398 inconvenit
1838 2365 2017 2397 secundum
2041 2364 2180 2396 diverses
2204 2363 2369 2406 passiones
2396 2364 2513 2396 habere

1429 2412 1552 2444 diversa
1575 2418 1725 2443 extrema.
1757 2411 1798 2442 Et
1820 2410 1871 2442 hic
1895 2417 1942 2442 est
1965 2419 2077 2441 sensus
2100 2409 2232 2441 litterae.
2263 2409 2356 2441 Unde
2380 2407 2513 2440 inferius

1431 2457 1463 2488 in
1488 2467 1543 2499 qu.
1567 2467 1674 2493 Cxxn,
1699 2463 1755 2488 art.
1775 2466 1805 2495 2,
1829 2455 1869 2487 ad
1890 2466 1916 2492 1,
1941 2457 2080 2492 Auctor,
2105 2463 2230 2495 ponens
2258 2453 2350 2496 plura
2374 2459 2513 2485 exn'eme

1431 2512 1488 2544 pet
1511 2512 1676 2534 excessum
1693 2508 1838 2542 respectu
1854 2498 2134 2542 magnanimitatis,
2150 2498 2266 2531 clarius
2280 2498 2363 2530 hanc
2378 2498 2512 2530 eandem

1432 2547 1622 2579 sententiam
1646 2546 1791 2588 replicat,
1816 2545 1940 2576 dicens:
1970 2545 2046 2576 Non
2070 2549 2118 2576 est
2141 2544 2370 2575 inconveniens
2399 2553 2513 2575 secun-

1431 2592 1508 2624 dum
1532 2591 1663 2624 diversa
1687 2601 1756 2623 esse
1772 2590 1890 2632 plures
1913 2598 2064 2621 excessus
2089 2589 2186 2620 unius
2209 2588 2316 2620 medii.
2341 2588 2431 2619 Haec
2449 2587 2514 2620 ille.

1433 2637 1495 2669 Sed
1511 2637 1549 2668 de
1573 2636 1622 2667 his
1645 2636 1740 2667 latior
1762 2635 1821 2667 erit
1844 2635 1876 2666 in
1901 2645 1956 2676 qu.
1977 2643 2093 2665 cxxvm
2111 2633 2130 2653 *
2153 2643 2270 2670 sermo,
2295 2632 2350 2664 ubi
2374 2631 2514 2664 Martino

1434 2681 1689 2724 respondebitur.

2542 2635 2690 2659 ·comncm.
2696 2641 2758 2658 nm.
