2768 4198
25 3241 35 3252 ·
51 3241 108 3269 Cap.
123 3245 166 3262 xu-

223 1758 236 1797 ”.
262 1775 300 1798 ex
323 1767 365 1799 111
389 1767 525 1799 Ethic.*
554 1768 643 1809 quod
675 1777 773 1798 nemo
797 1774 844 1799 est
866 1767 1054 1799 tolerantior
1081 1767 1243 1797 malorum
1273 1765 1342 1796 viro

944 247 1213 294 QUAESTIO
1249 247 1425 292 CXXIII,
1455 245 1756 283 ARTICULUS
1784 245 1820 281 V

1364 330 1365 334 ’
1393 339 1498 373 rum,
1529 338 1597 375 per
1626 337 1867 375 consequens
1898 324 2010 361 etiam
2039 324 2262 361 moderatur
2290 324 2469 361 timorem

264 343 304 367 se
333 330 448 367 habet
467 328 506 366 in
529 328 711 365 omnibus
731 327 902 365 adversis
921 326 1140 364 tolerandis.
1171 327 1264 364 Non
1283 335 1337 363 ta-

263 395 354 420 men
382 395 428 420 ex
447 382 672 420 toleratione
701 379 986 430 quorumlibet⁵
1007 380 1258 418 adversorum
1281 393 1337 417 re·
1364 413 1365 417 ,

263 444 416 486 putatur
433 436 554 473 homo
575 435 794 485 simpliciter
812 434 931 480 fortis,
953 434 1021 471 sed
1050 435 1175 471 solum
1197 446 1242 471 ex
1262 435 1338 471 hoc
1365 438 1366 472 ζ

264 490 370 539 quod
399 490 498 526 bene
527 490 661 527 tolerat
690 488 803 526 etiam
834 488 1002 524 maxima
1026 489 1139 525 mala.
1169 488 1227 524 Ex
1257 488 1337 525 aliis
1365 482 1366 515 ἶ

263 551 392 580 autem
421 543 557 580 dicitur
585 543 719 592 aliquis
747 541 852 579 fortis
881 542 1095 579 secundum
1125 541 1228 590 quid.
1320 586 1325 589 ,

316 599 377 634 AD
414 608 607 634 SECUNDUM
645 607 830 633 mcENnuM
871 596 976 644 quod
1015 596 1104 645 quia
1141 595 1255 632 timor
1292 600 1368 637 ex}

263 662 398 687 amore
432 650 616 696 nascitur,
652 661 923 699 quaecumque
959 649 1081 686 virtus
1117 646 1367 698 moderatur}

263 716 439 740 amorem
468 703 686 753 aliquorum
716 704 922 750 bonorum,
945 715 1186 752 consequens
1216 710 1271 739 est
1298 710 1340 739 ut
1366 726 1367 756 ἦ

264 757 488 794 moderetur
515 757 692 794 timorem
719 756 999 794 contrariorum
1028 757 1231 794 malorum.
1260 756 1339 793 Sic·
1366 778 1367 803 3

264 819 305 848 ut
333 811 548 858 liberalitas,
574 823 673 860 quae
703 811 928 848 moderatur
955 822 1130 847 amorem
1159 810 1337 859 pecunia·
1366 808 1368 857 I

317 934 342 966 δ)
362 936 551 968 quorumlibet.
565 949 584 955 -
602 937 720 962 omnium
741 937 788 961 Pa.

2424 257 2463 281 11

1392 379 1608 417 amissionis
1629 391 1771 416 earum.
1795 379 1844 416 Et
1862 378 1966 415 idem
1987 385 2146 427 apparet
2160 378 2199 415 in
2219 378 2471 427 temperantia

1393 442 1429 470 et
1457 433 1495 470 in
1525 433 1605 470 aliis
1623 432 1840 470 virtutibus.
1871 432 1950 469 Sed
1978 443 2110 468 amare
2133 431 2329 481 propriam
2350 432 2470 468 vitam

1393 495 1449 524 est
1477 487 1659 524 naturale.
1690 487 1739 523 Et
1757 486 1847 523 ideo
1868 484 2037 534 oportuit
2057 497 2140 522 esse
2161 485 2367 534 specialem
2396 485 2471 522 vir-

1365 543 1366 546 ’
1392 549 1513 578 tutem
1542 552 1643 590 quae
1672 539 1938 577 moderaretur
1955 543 1968 560 ⁸
1997 538 2153 576 timores
2182 538 2328 576 mortis.

1446 595 1506 631 An
1534 605 1695 631 TERTmM
1724 605 1912 631 memnona
1948 592 2054 641 quod
2084 600 2298 630 extremum
2332 592 2369 629 in
2400 592 2472 628 vir-

1392 648 1535 685 tutibus
1575 647 1779 684 attenditur
1815 647 2030 684 secundum
2076 658 2277 684 excessum
2316 645 2472 683 rationis

1394 709 1531 739 rectae.
1562 701 1612 738 Et
1639 701 1727 738 ideo
1757 700 1788 737 si
1816 700 1952 749 aliquis
1981 700 2151 738 maxima
2185 699 2356 749 pericula
2384 700 2474 736 sub-

1395 763 1456 792 eat
1484 755 1698 792 secundum
1727 754 1939 800 rationem,
1969 766 2048 791 non
2078 761 2134 791 est
2167 754 2296 791 virtuti
2326 761 2474 791 contra-

1394 821 1507 846 rium.

1449 934 1471 965 ε)
1492 933 1691 958 moderaretur.
1704 946 1724 951 -
1743 931 1899 956 moderetur
1920 931 2008 956 PADI.

943 1016 1282 1049 Commentaria
1304 1013 1561 1047 Cardinalis
1583 1011 1789 1057 Caieta-m

294 1106 314 1127 κ
341 1096 472 1127 articulo
503 1104 619 1138 quarto
650 1097 786 1128 dubium
817 1097 955 1128 occurrit
985 1096 1065 1127 circa
1097 1095 1340 1127 conclusionem
1366 1092 1367 1115 I

267 1107 437 1172 Iiunctam
461 1141 568 1172 titulo.
591 1142 677 1172 Nam
700 1142 814 1173 titulus
838 1141 927 1173 dubii
951 1149 1008 1177 est,
1042 1141 1094 1171 An
1109 1139 1275 1181 fortitudo
1298 1139 1341 1169 sit
1366 1125 1368 1154 ³

261 1186 366 1217 solum
391 1187 480 1217 circa
505 1187 656 1227 pericula
687 1187 802 1218 mortis
807 1193 821 1224 ,⁶
843 1185 1010 1217 conclusio
1034 1192 1144 1217 autem
1168 1192 1224 1220 est,
1259 1183 1340 1214 For-

263 1231 366 1262 titudo
390 1236 438 1262 est
465 1232 553 1262 circa
579 1231 732 1273 pericula
762 1231 898 1262 mortis:
927 1230 983 1261 ubi
1006 1236 1094 1271 patet
1116 1229 1206 1271 quod
1236 1227 1342 1258 deficit
1366 1229 1368 1271 j

263 1285 282 1305 a
305 1275 461 1317 quaesito,
478 1275 555 1316 quia
570 1275 761 1317 ‘quaesitum
777 1282 824 1306 est
847 1285 888 1306 an
912 1275 994 1306 circa
1017 1274 1094 1305 haec
1115 1274 1222 1304 solum
1246 1273 1296 1309 sit,
1312 1278 1343 1303 et
1367 1273 1368 1311 ᾖ

263 1319 347 1350 nihi}
373 1320 584 1360 respondetur
613 1320 721 1362 quoad
748 1320 782 1361 ly
807 1320 922 1351 solum.
954 1319 994 1350 Et
1023 1325 1157 1359 augetur
1187 1317 1339 1348 dubium:
1367 1345 1369 1358 ,›

263 1365 340 1407 quia
355 1374 393 1395 ex
416 1365 550 1396 articulo
573 1365 636 1396 isto
652 1374 719 1395 non
742 1364 877 1395 habetur
899 1363 1066 1405 responsio
1091 1363 1140 1394 ad*
1154 1362 1228 1394 hoc.
1252 1362 1342 1400 Quo-

264 1409 351 1440 niam
369 1417 400 1440 et
415 1409 530 1440 dicitur
545 1410 634 1450 quod
650 1409 807 1440 fortitudo
831 1419 864 1440 se
881 1408 1022 1440 extendit
1045 1408 1084 1439 ad
1100 1407 1161 1438 alia
1181 1407 1341 1448 pericula;
1367 1431 1369 1437 ,

263 1461 295 1486 et
310 1453 424 1486 dicitur
440 1454 531 1496 quod
546 1463 613 1484 non
629 1461 677 1485 est
691 1453 781 1484 fortis
802 1453 988 1494 simpliciter
1004 1453 1064 1484 nisi
1082 1459 1227 1493 respectu
1244 1451 1343 1482 maxi-
1368 1481 1369 1492 1

263 1509 395 1530 morum
418 1499 591 1535 malorum,
616 1508 698 1539 quae
723 1498 799 1529 dicit
822 1508 890 1529 esse
909 1498 1051 1539 pericula
1075 1497 1204 1533 mortis;
1229 1503 1260 1528 et
1276 1506 1343 1527 non
1367 1493 1370 1555 ι

263 1543 341 1575 dicit
363 1543 452 1585 quod
476 1543 535 1574 ista
558 1543 625 1574 sola
651 1550 727 1574 sunt
750 1543 890 1574 maxima
914 1543 1009 1574 mala.
1037 1542 1113 1573 Non
1137 1548 1222 1573 caret
1245 1540 1341 1583 siqui·
1367 1557 1369 1580 1

260 1588 339 1620 dem
360 1587 559 1630 quaestionis
582 1588 752 1628 scrupulo,
782 1598 823 1618 an
847 1587 955 1619 solum
980 1587 1093 1618 mortis
1116 1586 1258 1628 pericula
1281 1586 1344 1617 sint
1367 1581 1370 1650 ι

261 1632 400 1664 mxima
424 1633 523 1663 mala:
549 1632 704 1674 quoniam
730 1633 888 1664 cruciatus
912 1639 944 1664 et
958 1639 1119 1665 tormenta
1134 1631 1244 1672 peiora
1268 1637 1343 1662 sunt

260 1684 362 1719 quam
384 1677 526 1718 pericula
549 1677 672 1714 mortis,
703 1677 860 1719 quoniam
890 1677 1095 1719 appetibilius
1126 1683 1173 1707 est
1203 1675 1286 1707 mori
1309 1675 1342 1706 in
1367 1657 1370 1732 ἲ

260 1722 348 1754 bello
370 1732 471 1764 quam
487 1722 645 1754 cruciatus
661 1728 692 1753 et
705 1729 865 1754 tormenta
889 1722 1055 1754 sustinere.
1081 1721 1219 1753 Constat
1233 1727 1343 1752 autern
1368 1733 1370 1773 ἰ

1233 1845 1286 1852 νυ-

1394 1092 1478 1124 forti.
1503 1092 1642 1123 Pertinet
1666 1101 1741 1131 ergo
1766 1091 1806 1121 ad
1831 1091 2053 1122 fortitudinem
2069 1091 2224 1123 sustinere
2245 1103 2311 1123 non
2329 1095 2397 1124 sola
2421 1105 2474 1135 pe-

1394 1137 1495 1168 ricula
1518 1136 1645 1167 mortis.

1448 1182 1500 1212 Ad
1532 1181 1594 1212 hoc
1618 1181 1734 1212 dicitur
1766 1180 1857 1220 quod
1886 1180 2045 1211 cruciatus
2082 1187 2113 1211 et
2136 1188 2298 1213 tormenta
2322 1190 2376 1213 aut
2401 1191 2476 1215 sunt

1395 1226 1544 1257 ducentia
1567 1226 1608 1256 ad
1631 1232 1786 1260 mortem,
1812 1225 1961 1266 quamvis
1985 1235 2051 1256 non
2076 1231 2142 1255 tarn
2166 1233 2312 1266 repente:
2345 1235 2375 1258 et
2398 1228 2475 1259 haec

1395 1278 1471 1302 sunt
1494 1271 1633 1301 maxima
1657 1269 1809 1311 pericula,
1827 1280 1886 1300 nec
1902 1278 1978 1300 sunt
1994 1277 2078 1301 extra
2102 1270 2243 1311 pericula
2262 1272 2385 1303 mortis.
2411 1275 2477 1304 Aut

1395 1326 1462 1346 non
1487 1316 1610 1346 ducunt
1633 1316 1673 1346 ad
1697 1323 1852 1348 mortem:
1883 1322 1919 1345 ut
1941 1315 2071 1346 verbera
2095 1325 2161 1346 non
2186 1316 2328 1347 multum
2351 1317 2475 1356 gravia,

1395 1360 1546 1392 abscissio
1571 1370 1696 1396 manus,
1713 1360 1835 1392 evulsio
1852 1359 1949 1396 oculi,
1975 1367 2006 1390 et
2029 1360 2227 1391 huiusmodi.
2253 1361 2294 1391 Et
2317 1361 2390 1392 talia
2410 1372 2476 1392 non

1395 1413 1471 1437 sunt
1494 1405 1633 1436 maxima
1656 1405 1807 1446 pericula.
1834 1404 1918 1442 Quia
1938 1414 2014 1445 ergo
2031 1405 2099 1435 sola
2124 1405 2237 1436 mortis
2254 1405 2394 1446 pericula
2409 1417 2477 1437 ma-

1395 1450 1480 1481 xima
1505 1450 1589 1480 mala
1613 1460 1651 1480 ex
1675 1461 1735 1482 suo
1759 1459 1874 1492 genere
1899 1456 1974 1480 sunt
2003 1447 2165 1492 (quamvis
2189 1449 2270 1481 inter
2293 1450 2347 1480 illa
2371 1451 2410 1482 sit
2433 1451 2477 1482 la-

1395 1495 1512 1532 titudo,
1544 1494 1620 1536 quia
1643 1496 1804 1536 quaedam
1829 1500 1904 1524 sunt
1927 1493 2050 1525 maiora
2081 1495 2165 1525 mala
2189 1494 2414 1538 quibusdam);
2447 1503 2478 1527 et

1396 1540 1553 1572 fortitudo
1578 1547 1625 1570 est
1648 1540 1728 1571 circa
1752 1539 1892 1571 maxima
1916 1539 2015 1569 mala:
2051 1539 2124 1570 ideo
2149 1539 2306 1571 fortitudo
2331 1550 2377 1572 est
2401 1540 2477 1571 sim-

1395 1585 1519 1626 pliciter
1542 1585 1623 1615 circa
1647 1585 1716 1616 sola
1738 1584 1880 1626 pericula
1897 1583 2018 1621 mortis,
2044 1584 2125 1615 circa
2148 1584 2208 1615 alia
2225 1592 2334 1615 autem
2350 1592 2397 1615 est
2413 1585 2478 1616 for-

1395 1630 1502 1661 titudo
1527 1630 1707 1660 secundum
1730 1630 1819 1672 quid.
2410 1621 2420 1634 '

1450 1675 1492 1706 Et
1507 1674 1585 1705 haec
1601 1675 1768 1706 conclusio
1784 1674 1919 1705 habetur
1935 1684 1972 1704 ex
1988 1674 2091 1705 littera
2106 1673 2239 1705 articuli.
2256 1674 2298 1705 Et
2310 1682 2478 1714 propterea

1396 1719 1548 1751 satisfacit
1563 1720 1709 1760 quaesito
1726 1720 1822 1751 etiam
1845 1719 1955 1760 quoad
1970 1719 2002 1760 ly
2018 1719 2134 1750 solum.
2159 1719 2200 1750 Et
2223 1729 2279 1759 per
2294 1719 2372 1750 haec
2393 1727 2479 1760 patet

1368 1782 1370 1797 ;
1396 1764 1517 1796 solutio
1542 1764 1703 1796 omnium.

1063 1903 1385 1946 ARTICULUS
1415 1901 1675 1955 QUINTUS

354 2001 511 2033 UTRUM
535 1999 796 2033 FORTITUDO
821 1999 1005 2031 PROPRIE
1030 1997 1275 2030 CONs1STAT
1300 1996 1433 2028 cch
1455 1995 1674 2027 PERlCULA
1703 1994 1869 2026 MORTIS
1893 1995 2013 2032 QUAE
2038 1995 2152 2026 SUNT
2178 1995 2220 2026 IN
2243 1996 2386 2028 BELLO

1223 2075 1255 2100 111
1275 2075 1372 2105 Ethic„

297 2172 361 2209 Ee*
403 2188 450 2217 «q
477 2173 500 2198 n
520 2171 685 2204 Quini-um
708 2171 763 2197 stc
786 2170 1030 2197 Paocamrun.
1055 2157 1217 2194 Videtur
1234 2156 1342 2206 quod
1369 2154 1370 2204 j

316 2209 346 2266 27¹¹
397 2201 457 2271 ⁵53
477 2213 659 2252 fortitudo
708 2225 787 2250 non
830 2211 1010 2250 consistat
1046 2210 1200 2260 proprie
1243 2209 1343 2246 circa
1368 2211 1370 2251 ,³

285 2297 303 2313 Ι,
324 2268 327 2270 ’
345 2313 356 2320 .
383 2314 390 2319 Ἰ
427 2271 447 2306 (2
476 2267 646 2317 pericula
665 2266 799 2304 mortis
819 2277 919 2315 quae
939 2272 1027 2302 sunt
1045 2264 1083 2301 in
1103 2264 1216 2301 bello.
1240 2263 1342 2300 Mar-

417 2311 578 2370 ‘tyres
627 2320 729 2358 enim
772 2319 977 2369 praecipue
1029 2319 1077 2356 de
1121 2317 1341 2355 fortitudine

262 2374 597 2414 commendantur.
629 2374 707 2412 Sed
737 2381 923 2422 martyres
952 2385 1032 2410 non
1064 2371 1342 2409 commendan-
1368 2388 1370 2421 ᾗ

261 2437 323 2467 tur
341 2429 390 2466 de
406 2429 521 2466 rebus
550 2427 704 2465 bellicis.
735 2428 839 2476 Ergo
869 2427 1051 2464 fortitudo
1080 2438 1159 2463 non
1187 2425 1341 2474 proprie
1368 2431 1370 2443 ³

261 2482 433 2520 consistit
461 2482 560 2519 circa
588 2481 757 2531 pericula
787 2481 920 2518 mortis
954 2492 1054 2530 quae
1083 2488 1171 2517 sunt
1199 2479 1237 2516 in
1262 2479 1341 2516 bel·
1369 2502 1370 2505 =

262 2536 343 2574 licis
364 2541 393 2574 ⁸.
1369 2533 1370 2563 I

319 2602 354 2627 2.
376 2591 612 2636 Pammam,
637 2587 878 2626 'Ambrosius
901 2587 1000 2634 dicit,
1030 2587 1067 2624 in
1093 2587 1168 2624 Ide
1187 2585 1340 2635 offic-*⁷
1369 2591 1371 2631 ξ

265 2643 371 2694 quod
394 2642 579 2690 fortitudo
607 2642 786 2679 dividitur
812 2642 850 2679 in
880 2654 940 2679 res
973 2641 1126 2678 bellicas
1153 2646 1190 2678 et
1214 2641 1342 2677 dome-

261 2697 385 2735 sticas.
415 2696 567 2734 Tullius
596 2696 711 2733 etiam
742 2695 841 2742 dicit,
862 2695 899 2732 in
930 2697 944 2732 1
973 2696 1020 2732 de
1043 2695 1153 2744 Offic.
1173 2694 1204 2741 *‚
1235 2695 1341 2743 quod
1370 2688 1371 2700 ¹

263 2763 354 2792 cum.
374 2751 549 2800 plerique
576 2750 809 2787 arbitrentur
827 2761 887 2786 res
910 2749 1062 2786 bellicas
1080 2749 1245 2785 maiores
1264 2760 1344 2785 esse

263 2817 379 2855 quam
409 2803 815 2850 urbanas,-minuenda
843 2808 899 2840 est
922 2803 1017 2840 haec
1043 2802 1192 2850 opinio:
1219 2803 1286 2839 sed
1311 2802 1345 2839 si

263 2870 353 2897 vere
379 2858 555 2896 volumus
583 2857 764 2903 iudicare,
794 2856 935 2894 multae
963 2868 1023 2893 res
1050 2856 1254 2893 extiterunt
1279 2868 1340 2892 ur-

265 2914 388 2951 banae
415 2912 582 2950 maiores
618 2911 874 2959 clarioresque
906 2921 1023 2958 quam
1058 2908 1224 2947 bellicae.
1264 2909 1342 2947 Sed

266 2966 365 3004 circa
393 2966 542 3003 maiora
570 2964 695 3002 maior
713 2964 895 3002 fortitudo
925 2963 1106 3001 consistit.
1136 2964 1239 3011 Ergo
1263 2975 1343 3000 non

264 3020 419 3070 proprie
449 3019 620 3057 consistit
638 3018 819 3056 fortitudo
840 3017 939 3054 circa
967 3025 1134 3054 mortem
1164 3029 1264 3066 quae
1289 3025 1344 3054 est

266 3073 304 3111 in
333 3073 446 3111 bello.

322 3127 357 3164 3.
382 3128 619 3174 PRAETEREA,
640 3126 741 3163 bella
761 3125 985 3163 ordinantur
1013 3125 1062 3162 acl
1081 3135 1218 3173 pacem
1247 3131 1343 3161 tem-

266 3181 441 3229 poralem
477 3180 710 3230 reipublicae
745 3178 1075 3216 conservandam:
1114 3177 1203 3214 dicit
1239 3177 1341 3214 enim

267 3234 519 3282 Augustinus,
546 3235 638 3271 XIX
665 3234 712 3271 de
743 3233 824 3270 Civ.
853 3233 930 3269 Dei
945 3232 977 3278 ²¹⁶,
1007 3232 1113 3282 quod
1142 3231 1344 3268 intentione

261 3287 371 3336 pacis
407 3287 504 3325 bella
539 3293 712 3338 agn-ntur
730 3285 757 3324 β.
796 3287 873 3324 Sed
901 3299 972 3335 pro
1010 3297 1106 3334 pace
1141 3283 1343 3334 temporali

270 3340 501 3389 reipublicae
537 3353 618 3379 non
644 3341 798 3378 videtur
826 3340 932 3389 quod
961 3339 1097 3388 aliquis
1135 3338 1274 3375 debeat
1302 3350 1342 3374 se
1370 3365 1371 3368 η

268 3394 439 3444 periculo
460 3394 592 3432 mortis
621 3407 835 3444 exponere:
867 3406 955 3431 cum
984 3393 1067 3430 talis
1085 3405 1160 3442 pax
1181 3392 1227 3429 sit
1246 3392 1343 3428 mul·
1369 3415 1371 3436 ξ

324 3527 351 3559 α)
371 3526 479 3552 bellicis.
492 3540 511 3545 -
530 3526 608 3552 rebus
627 3527 726 3552 bellicis
744 3528 776 3557 Α,
794 3527 869 3553 bellis
887 3527 943 3557 GL,
962 3527 1030 3552 bello
1050 3527 1097 3552 Pa.

325 3562 350 3595 β)
369 3565 500 3596 aguntur.
511 3575 530 3581 —
548 3565 684 3595 geruntur
702 3563 750 3588 Pa.

323 3599 350 3631 γ)
369 3598 595 3630 prosequendum.
606 3612 625 3616 —
642 3599 856 3630 consequendum
877 3599 976 3624 PGHa.

1393 2075 1452 2100 lect.
1471 2082 1525 2100 xtv.

1397 2163 1523 2192 tarum
1561 2154 1803 2191 lasciviarum
1839 2154 2005 2191 occasio.
2045 2155 2148 2203 Ergo
2185 2155 2338 2193 videtur
2371 2157 2478 2206 quod

1396 2208 1517 2245 virtus
1546 2208 1774 2246 fortitudinis
1803 2220 1883 2245 non
1909 2209 2089 2246 consistat
2109 2209 2208 2246 circa
2237 2211 2370 2247 mortis
2401 2211 2477 2247 bel-

1368 2273 1370 2316 g
1397 2261 1491 2299 licae
1519 2261 1701 2311 pericula.

1452 2316 1527 2353 SED
1551 2327 1700 2353 CONTRA
1718 2327 1786 2353 EST
1813 2315 1918 2364 quod
1949 2316 2209 2366 Philosophus
2239 2317 2339 2365 dicit,
2362 2319 2397 2354 in
2429 2319 2475 2355 III

1396 2370 1518 2407 Ethic.
1538 2369 1578 2415 ²³²,
1609 2371 1713 2418 quod
1745 2369 1915 2406 maxime
1944 2378 2001 2406 est
2029 2370 2210 2408 fortitudo
2242 2371 2340 2408 circa
2376 2384 2479 2409 mor-

1397 2432 1475 2460 tem
1505 2435 1606 2471 quae
1636 2431 1691 2460 est
1719 2423 1758 2459 in
1787 2423 1900 2460 bello.

1452 2478 1681 2514 Responmso
1708 2488 1892 2514 mcum->um
1922 2477 2040 2526 quod,
2071 2478 2169 2515 sicut
2198 2478 2340 2515 dictum
2371 2487 2427 2516 est
2445 2479 2477 2526 ²¹²,

1397 2530 1579 2568 fortitudo
1610 2531 1815 2568 confirmat
1843 2524 2018 2581 animdm
2046 2531 2215 2569 hominis
2236 2540 2368 2569 contra
2398 2545 2479 2570 ma-

1397 2585 1500 2622 xima
1537 2584 1725 2634 pericula,
1755 2596 1856 2632 quae
1892 2592 1980 2621 sunt
2010 2585 2180 2634 pericula
2217 2586 2362 2623 mortis.
2401 2587 2478 2624 Sed

1398 2638 1487 2688 quia
1516 2638 1697 2676 fortitudo
1726 2638 1846 2675 virtus
1876 2645 1943 2685 est,
1965 2638 2014 2684 ad
2043 2638 2149 2675 cuius
2179 2639 2365 2676 rationem
2394 2652 2478 2689 per-

1397 2693 1490 2730 tinet
1518 2692 1626 2741 quod
1647 2704 1801 2740 semper
1829 2691 1961 2728 tendat
1989 2692 2025 2729 in
2054 2693 2213 2739 bonum,
2236 2705 2477 2743 consequens

1399 2754 1455 2783 est
1482 2755 1523 2783 ut
1542 2746 1663 2783 homo
1692 2745 1861 2794 pericula
1882 2745 2015 2782 mortis
2035 2759 2114 2783 non
2135 2746 2294 2795 refugiat
2321 2755 2478 2797 propter

1398 2800 1552 2849 aliquod
1581 2801 1730 2836 bonurn
1758 2800 2073 2848 prosequendum
2093 2805 2120 2837 Υ.
2151 2801 2324 2837 Pericula
2347 2809 2476 2839 autern

1399 2853 1533 2891 mortis
1561 2866 1662 2902 quae
1691 2861 1747 2890 est
1765 2851 1779 2874 δ
1809 2865 1854 2890 ex
1884 2853 2136 2902 aegritudine,
2166 2855 2229 2891 vel
2258 2867 2302 2891 ex
2317 2862 2477 2906 Ktempe-

1397 2916 1491 2945 state
1520 2907 1648 2954 maris,
1678 2907 1740 2943 vel
1772 2919 1816 2944 ex
1846 2906 2002 2944 incursu
2030 2908 2237 2955 latronum,
2258 2909 2321 2945 vel
2349 2908 2380 2945 si
2400 2922 2477 2957 qua

1399 2962 1472 2999 alia
1500 2969 1588 2999 sunt
1615 2960 1852 3007 huiusmodi,
1882 2973 1962 2997 non
1990 2961 2171 2998 videntur
2200 2961 2340 3000 directe
2365 2963 2475 2999 alicui

1398 3015 1600 3052 imminere
1631 3027 1676 3051 ex
1703 3015 1778 3051 hoc
1808 3015 1911 3063 quod
1941 3023 2197 3064 prosequatur
2224 3015 2379 3064 aliquod
2409 3017 2476 3052 bo-

1399 3081 1504 3107 num.
1536 3069 1613 3106 Sed
1648 3068 1817 3117 pericula
1846 3068 1980 3105 mortis
2018 3081 2117 3117 quae
2147 3076 2203 3105 est
2221 3074 2234 3090 ⁸
2262 3069 2300 3106 in
2334 3069 2475 3106 bellicis

1399 3123 1540 3160 directe
1570 3121 1773 3159 imminent
1791 3122 1941 3159 homini
1960 3130 2118 3172 propter
2137 3122 2292 3171 aliquod
2313 3123 2474 3161 bonurn:

1398 3177 1626 3224 inquantum
1648 3175 1788 3212 scilicet
1807 3175 1975 3213 defendit
1999 3176 2146 3212 bonum
2169 3188 2377 3213 commune
2406 3189 2477 3226 per

2507 2381 2585 2430 ’,Εἲς
2594 2387 2626 2408 vt,
2636 2388 2659 2403 n.
2671 2388 2704 2403 ιο.
2712 2393 2721 2398 -

2506 2409 2531 2430 S.
2581 2423 2588 2431 .
2602 2409 2657 2431 lect.
2671 2415 2722 2430 xiv.

2507 2488 2514 2496 ·
2533 2486 2586 2508 Art.
2611 2485 2720 2514 praeced.

1398 3230 1540 3267 iustum
1556 3230 1712 3266 bellum.
1728 3251 1753 3257 -
1768 3230 1899 3266 Potest
1918 3236 2047 3268 autem
2064 3229 2218 3278 aliquod
2234 3241 2317 3266 esse
2332 3230 2474 3267 iustum
2524 3266 2529 3272 ,

1398 3284 1541 3320 bellum
1556 3282 1772 3331 dupliciter.
1793 3283 1882 3320 Uno
1903 3282 2036 3328 modo,
2053 3283 2246 3330 generale:
2268 3283 2365 3321 sicut
2385 3297 2474 3321 cum

1398 3336 1516 3385 aliqui
1545 3335 1740 3373 decertant
1767 3336 1806 3372 in
1835 3335 1927 3372 acie.
1961 3335 2048 3372 Alio
2077 3337 2209 3384 modo,
2229 3337 2474 3386 particulare:

1397 3398 1490 3439 puta
1519 3402 1608 3427 cum
1638 3389 1772 3438 aliquis
1801 3389 1936 3435 iudex,
1965 3390 2029 3426 vel
2060 3389 2174 3427 etiam
2203 3390 2352 3439 privata
2390 3404 2474 3440 per—

1453 3523 1478 3556 δ)
1499 3528 1546 3549 est.
1560 3538 1580 3543 -
1597 3527 1661 3549 sunt
1679 3523 1823 3553 PEGHLa,
1842 3523 2004 3557 contingunt
2022 3523 2041 3548 Ι.

1453 3561 1475 3593 ε)
1496 3563 1543 3585 est.
1558 3575 1576 3579 -
1594 3563 1659 3585 sunt
1677 3559 1808 3584 PAHILa.
