2768 4198
25 867 122 890 ‘Num
135 867 170 890 16.

23 951 171 982 ‘Nunym

25 1849 242 1901 {arez-‚st

193 2284 196 2293 ,
237 2278 241 2282 .
270 2253 363 2297 quod
380 2251 548 2293 responsio
572 2250 722 2282 Auctoris
738 2257 799 2282 stat
822 2250 935 2286 solida,
953 2256 984 2281 et
1006 2249 1202 2280 satisfaciens
1226 2249 1350 2290 optime
1377 2252 1379 2261 ⁴

945 248 1216 295 QUAESTIO
1248 248 1424 294 CXXIII,
1455 249 1756 286 ARTICULUS
1786 250 1835 286 Ill

264 331 436 363 contrarias
451 330 547 360 habet
562 328 773 364 conditiones,
798 327 918 359 scilicet
933 328 1167 359 subiectionem
1184 328 1346 368 potentiae

263 383 294 408 et
323 376 419 415 longe
447 383 538 410 esse·,
557 383 638 414 quas
669 372 871 404 conditiones
902 382 968 403 non
997 382 1065 404 esse
1094 373 1127 403 in
1151 383 1198 409 re,
1227 373 1282 403 sed
1313 373 1346 403 in

263 419 528 462 apprehensione,
553 424 687 449 constat.
1028 452 1037 459 ·

315 463 426 495 Differt
449 472 582 504 quoque
607 462 772 493 obiectum
789 461 940 492 audaciae
959 463 998 492 ab
1016 462 1143 493 obiecto
1168 462 1293 493 timoris
1310 472 1347 492 ex

262 516 351 550 parte
374 507 650 549 apprehensionis,
668 517 726 547 per
740 506 886 537 accidens
907 514 1027 543 tamen,
1050 507 1127 548 quia
1151 507 1269 538 scilicet
1292 517 1344 547 pe-

262 553 402 585 riculum
425 551 677 593 apprehenditur
699 561 766 582 non
791 551 901 581 solum
925 559 960 582 ut
984 552 1163 592 superabile
1185 559 1216 582 et
1238 552 1345 592 longe,

262 599 318 629 sed
341 597 592 638 apprehenditur
614 596 828 627 coniunctum
851 595 911 626 sibi
936 597 1062 627 bonum
1078 596 1229 627 victoriae
1253 606 1347 636 supe·
1372 612 1374 630 1

263 643 364 673 rando
387 642 468 673 illud
484 642 618 672 malum.
643 641 685 671 Et
701 641 741 671 ad
764 641 827 671 tale
844 641 969 671 bonum
990 651 1057 671 non
1081 641 1180 672 fertur
1204 641 1344 677 audacia,
1372 642 1374 666 ἰ

263 687 318 718 sed
341 697 425 728 spes,
449 696 533 727 quae
558 692 604 716 est
628 692 730 716 mater
753 685 918 716 audaciae:
944 696 982 716 ex
1005 686 1067 716 hoc
1092 695 1232 727 namque
1256 686 1346 727 quod

264 739 369 773 sperat
391 731 464 773 quis
494 731 637 767 bonum,
662 730 760 761 audet
783 730 911 771 aggredi
936 731 1060 762 malum
1083 730 1215 772 periculi
1244 730 1347 761 bellici

264 776 386 812 mortis,
411 782 715 817 quantumcumque
739 785 776 806 ex
801 782 890 816 parte
906 776 950 806 rei
967 776 1007 806 sit
1021 775 1198 806 maximum
1216 782 1254 806 ‘et
1273 785 1347 816 pro-

264 910 441 946 causaliter,
466 910 543 951 quia
566 917 613 940 est
636 910 787 941 audaciae
812 919 917 946 causa,
942 917 979 940 ut
1002 910 1124 941 dictum
1148 916 1205 940 est.

317 955 356 986 V.
381 955 429 986 Ex
452 954 502 985 his
525 954 623 994 igitur
639 955 679 985 ad
694 964 731 985 ea
747 965 830 995 quae
850 954 956 995 primo
981 954 1178 985 obiiciuntur
1188 953 1215 990 *,
1233 953 1347 984 dicitur

264 1000 355 1041 quod
379 999 544 1030 obiectum
566 999 692 1030 timoris
716 1005 748 1029 et
762 999 924 1035 audaciae,
949 1009 987 1030 ex
1002 1006 1090 1039 parte
1114 999 1168 1034 rei,
1191 1006 1256 1029 tam
1282 1007 1347 1028 rea-

264 1044 336 1076 liter
351 1055 452 1086 quam
467 1044 644 1075 formaliter
661 1051 709 1075 est
724 1044 825 1074 idem:
849 1044 904 1074 sed
921 1054 958 1074 ex
974 1050 1062 1084 parte
1085 1041 1348 1083 apprehensionis

264 1089 473 1130 distinguitur
496 1089 684 1120 formaliter.
709 1089 750 1119 Et
769 1089 846 1130 quia
862 1089 942 1119 ratio
959 1088 1034 1118 mali
1058 1097 1092 1118 se
1107 1093 1194 1118 tenet
1207 1096 1245 1117 ex
1261 1093 1347 1127 parte

265 1135 396 1166 rationis
427 1134 571 1164 formalis
601 1143 639 1164 ex
666 1141 755 1174 parte
778 1133 838 1170 rei,
862 1133 936 1164 ideo
966 1132 1089 1172 optime
1118 1131 1196 1162 dixit
1224 1133 1348 1161 Auctor
1372 1141 1374 1146 ⁴

265 1180 356 1220 quod
380 1179 478 1210 timor
501 1185 532 1209 et
555 1178 687 1209 audacia
711 1188 778 1208 non
802 1183 1015 1218 opponuntur
1042 1186 1080 1207 ex
1108 1182 1197 1216 parte
1220 1174 1346 1211 obiecti,

265 1275 388 1300 nuntur
411 1268 510 1311 timor
531 1274 568 1300 et
585 1276 676 1308 spes:
700 1267 779 1308 quia
794 1266 854 1298 ista
870 1273 918 1297 est
933 1273 1079 1306 respectu
1104 1265 1192 1295 boni.
1217 1264 1258 1295 Et
1273 1274 1347 1304 pro-

265 1312 558 1355 pterea‘distinctio
582 1311 726 1342 formalis
749 1321 787 1342 ex
810 1317 899 1351 parte
916 1309 1180 1352 apprehensionis
1197 1308 1276 1339 nihil
1292 1309 1348 1339 ob·
1372 1319 1374 1339 1

265 1365 328 1390 stat
350 1358 489 1394 litterae,
521 1363 634 1397 utpote
657 1355 867 1397 impertinens
894 1354 1073 1396 proposito.
1107 1355 1242 1394 Propter
1265 1353 1348 1384 hanc

265 1404 354 1435 enim
377 1402 592 1434 diversitatem
608 1410 646 1432 ex
669 1407 759 1441 parte
782 1398 1058 1441 apprehensionis,
1075 1398 1262 1430 Aristoteles
1286 1398 1348 1428 dis-

265 1447 384 1490 tinguit
412 1446 548 1478 ausibile
571 1452 602 1476 et
624 1445 822 1481 timendum,
853 1452 883 1476 et
906 1444 983 1476 dicit
1006 1454 1075 1475 esse
1105 1443 1279 1474 contraria:
1312 1450 1348 1474 ut

223 1497 225 1499 ’
265 1492 407 1525 secunda
435 1491 610 1522 inducebat
638 1489 800 1522 instantia.
823 1506 845 1513 -
869 1490 921 1520 Ad
943 1489 1070 1521 tertiam
1093 1495 1202 1520 autem
1233 1487 1349 1519 dicitur

265 1537 356 1582 qnod
378 1536 497 1568 falsum
520 1541 568 1566 est
587 1535 679 1575 quod
695 1534 840 1570 ausibile‚
857 1535 1053 1575 inquantum
1077 1533 1276 1569 huiusmodi,
1293 1533 1348 1564 ha-

265 1583 339 1615 bat
360 1581 520 1613 rationem
543 1579 631 1611 boni.
666 1579 835 1618 Quoniam
859 1589 927 1610 non
957 1579 1054 1609 habet
1082 1578 1240 1609 rationem
1270 1578 1348 1609 boni

265 1625 326 1659 nini
348 1635 407 1668 per
429 1625 518 1656 aliud
540 1625 745 1661 adiunctum,
770 1624 891 1655 scilicet
914 1624 1039 1655 bonurn
1075 1623 1167 1664 quod
1190 1630 1238 1654 est
1261 1623 1348 1654 obie-
1374 1666 1375 1670 Ἰ

265 1678 356 1705 etam
377 1680 446 1702 non
464 1669 632 1706 audaciae,
656 1670 712 1700 sed
736 1669 805 1710 spei
829 1668 989 1700 causantis
1012 1668 1191 1700 audaciam.

319 1716 372 1748 Ad
400 1715 434 1746 id
463 1724 541 1746 vero
571 1715 663 1756 quod
695 1721 807 1745 contra
836 1713 1088 1745 satisfactionem
1128 1712 1348 1753 responsionis
1374 1697 1375 1700 Ἴ

265 1760 427 1803 arguitur,
451 1759 569 1791 dicitur
598 1759 690 1801 quod
722 1758 890 1790 manifeste
920 1758 1040 1789 falsum
1070 1765 1119 1789 est
1143 1757 1234 1799 quod
1265 1757 1349 1788 ausi·
1374 1753 1375 1764 ¹

265 1805 328 1838 bile
358 1805 496 1836 abducat
525 1805 608 1835 sicut
630 1804 787 1840 terribile,
811 1803 838 1834 si
870 1804 954 1835 sicut
982 1810 1074 1834 notet
1103 1802 1347 1843 aequalitatem:

267 1857 305 1882 ut
319 1857 406 1892 patet
421 1860 459 1881 ex
475 1849 516 1880 111
538 1849 642 1880 Ethic.
655 1847 684 1885 ⁸,
701 1856 733 1880 et
753 1848 946 1890 experientia
967 1854 1110 1878 testatur.
1127 1848 1238 1887 Longe
1262 1847 1349 1878 enim

267 1895 369 1936 magis
401 1894 530 1925 abducit
561 1893 699 1925 terribile
722 1903 822 1934 quam
855 1892 1002 1924 ausibile:
1028 1892 1108 1933 quin
1133 1892 1243 1932 potius
1267 1891 1350 1922 ausi·
1376 1917 1377 1920 ,

267 1940 331 1972 bile
354 1939 478 1970 confert
508 1938 755 1980 quodammodo
779 1938 819 1968 ad
843 1938 968 1968 bonum
993 1937 1205 1972 fortitudinis.
1237 1943 1349 1978 utpote

268 1984 495 2027 propinquius.
520 2001 541 2006 -
574 1983 706 2013 Falsum
738 1992 872 2024 quoque
903 1981 1048 2012 similiter
1078 1988 1126 2012 est
1155 1981 1245 2022 quod
1276 1991 1350 2022 spes

269 2030 406 2062 abducat
430 2039 447 2059 a
479 2027 677 2058 fortitudinis
707 2027 796 2058 bono
821 2027 903 2058 sicut
931 2026 1074 2058 audacia.
1099 2026 1185 2064 Quia
1217 2026 1350 2059 audacia
1376 2035 1378 2047 >

269 2074 399 2106 abducit
422 2073 606 2104 immediate
630 2082 648 2102 a
671 2071 868 2103 fortitudinis
898 2072 1004 2107 bono,
1029 2077 1142 2112 utpote
1172 2077 1350 2102 extremum

269 2119 385 2150 vitium
415 2118 496 2149 circa
526 2117 612 2148 idem
636 2125 808 2158 exurgens:
839 2126 912 2157 spes
936 2122 1044 2147 autem
1069 2115 1199 2146 abducit
1227 2116 1266 2146 ab
1296 2126 1349 2146 eo-
1376 2127 1378 2132 ⁴

270 2165 346 2196 dem
378 2163 538 2194 mediante
569 2161 718 2198 audacia,
748 2161 840 2203 quia,
866 2161 1028 2192 causando
1061 2160 1244 2196 audaciam,
1277 2159 1352 2191 facit

270 2208 440 2241 hominem
472 2206 678 2247 praecipitem
707 2206 740 2236 in
770 2215 931 2246 aggressu.
955 2223 977 2229 -
1001 2205 1042 2236 Et
1065 2211 1234 2245 propterea
1265 2211 1352 2245 patet

275 2344 278 2346 ’
323 2303 581 2374 Ἲῗείιιξοὲοάεω
604 2339 740 2371 articulo
764 2339 891 2370 adverte
914 2338 1004 2380 quod
1021 2337 1178 2370 fortitudo
1203 2345 1250 2369 est
1269 2338 1351 2370 circa

270 2387 403 2420 timores
427 2392 458 2417 et
481 2384 629 2416 audacias
652 2390 809 2426 tanquam
832 2384 914 2416 circa
937 2383 1101 2425 propriam
1125 2383 1301 2420 materiam,
1317 2383 1350 2414 in

271 2440 337 2475 qua
359 2430 516 2462 fortitudo
541 2429 634 2471 ponit
649 2439 742 2461 suam
757 2429 996 2460 rectitudinem:
1021 2429 1064 2460 ita
1087 2429 1177 2470 quod
1193 2429 1305 2460 timere
1321 2435 1353 2460 et

262 2477 390 2510 audere
413 2476 495 2507 circa
518 2474 675 2516 pericula,
706 2481 783 2511 etc„
815 2474 947 2516 quando
971 2480 1108 2514 oportet,
1138 2472 1193 2505 ubi
1217 2480 1248 2504 et
1271 2473 1354 2505 sicut

271 2527 419 2565 oportet,
450 2526 526 2551 sunt
548 2526 637 2551 actus
660 2518 856 2550 fortitudinis
885 2518 979 2550 eliciti
1009 2519 1048 2550 ab
1071 2518 1142 2559 ipsa
1164 2518 1351 2550 fortitudine

273 2566 425 2599 existente
448 2563 622 2596 subiective
644 2563 678 2594 in
701 2563 845 2605 appetitu
869 2563 1021 2595 sensitivo
1051 2563 1108 2606 qui
1136 2570 1270 2595 vocatur
1292 2563 1352 2594 ira-

273 2610 401 2643 scibilis.
425 2609 582 2640 Probatur
605 2615 714 2640 autem
730 2608 793 2640 hoc
809 2608 996 2640 auctoritate
1020 2615 1052 2640 et
1072 2608 1205 2639 ratione.
1230 2608 1352 2639 Aristo-

234 2668 247 2673 ·
273 2655 362 2692 teies,
386 2654 420 2685 in
442 2653 484 2685 111
501 2652 646 2690 Ethic.*‚
677 2663 822 2694 expresse
845 2653 909 2684 hoc
932 2653 1024 2690 dicit,
1054 2653 1088 2684 in
1119 2652 1260 2694 capitulo
1284 2652 1350 2690 illo,

278 2699 436 2732 Terribile
458 2704 578 2736 autem,
596 2698 652 2729 ubi
668 2698 764 2729 habet
777 2698 855 2729 haec
877 2698 987 2729 verba:
1015 2698 1082 2736 Qui
1095 2698 1223 2739 quidem
1248 2699 1353 2739 igitur

273 2755 358 2788 quae
379 2749 514 2785 oportet,
539 2749 569 2774 et
593 2743 668 2774 talis
689 2744 813 2784 gratia,
837 2743 975 2774 sustinet
997 2748 1030 2774 et
1052 2744 1141 2774 timet
1168 2748 1204 2774 ut
1227 2748 1352 2783 oportet
1379 2747 1380 2751 ’

273 2796 305 2823 et
327 2789 468 2832 quando,
493 2789 642 2819 similiter
664 2793 772 2819 autem
789 2793 820 2818 et
835 2787 944 2825 audet,
959 2787 1081 2828 fortis:
1103 2788 1279 2819 secundum
1304 2788 1351 2819 di·
1379 2801 1381 2832 ³.

322 2835 431 2866 itatem
447 2834 544 2871 enim,
559 2838 590 2863 et
605 2838 642 2864 ut
659 2834 744 2863 ratio
751 2833 868 2873 poscit,
879 2832 1009 2873 patitur
1025 2837 1056 2863 et
1071 2838 1228 2873 operatur
1235 2831 1350 2874 fortis.

273 2845 338 2912 ffii
362 2877 529 2909 manifeste
552 2877 740 2908 Aristoteles
764 2877 841 2908 dicit
864 2884 895 2907 et
911 2877 1026 2917 probat
1041 2876 1130 2918 quod
1154 2876 1244 2908 fortis
1261 2876 1353 2908 timet

274 2930 307 2956 et
329 2923 426 2955 audet
449 2923 581 2964 quando
609 2928 754 2963 oportet,
786 2929 817 2953 et
840 2928 972 2962 propter
994 2921 1084 2962 quod
1114 2927 1259 2962 oportet,
1291 2928 1350 2954 etc.

275 2969 411 3002 Certum
433 2974 481 2998 est
504 2967 592 2998 enim
614 2967 704 3008 quod
727 2966 873 3008 loquitur
897 2966 936 2997 de
951 2965 1027 2997 forti
1041 2965 1235 3007 inquantum
1250 2965 1351 3004 fortis,

275 3020 308 3046 et
330 3013 371 3044 de
393 3012 517 3044 actibus
539 3011 631 3043 fortis
653 3011 848 3053 inquantum
871 3010 976 3042 fortis:
1009 3017 1045 3042 ut
1067 3017 1155 3051 patet
1177 3021 1215 3042 ex
1237 3012 1352 3050 proba-

276 3058 365 3091 tione
380 3057 485 3097 allata,
501 3056 634 3088 scilicet:
655 3056 832 3088 secundum
848 3056 1040 3097 dignitatem
1057 3056 1154 3094 enim,
1170 3061 1201 3087 et
1217 3060 1252 3086 ut
1268 3057 1353 3088 ratio

270 3103 388 3144 poscit,
406 3103 536 3144 patitur
559 3107 590 3133 et
612 3106 768 3143 operatur
781 3101 895 3142 fortis.

330 3146 425 3178 Ratio
449 3145 547 3178 etiam
575 3146 616 3177 ad
644 3145 706 3177 hoc
730 3145 827 3177 ducit.
859 3145 1025 3183 Quoniam
1055 3144 1137 3175 sicut
1167 3145 1355 3186 prudentiae

279 3198 368 3223 actus
391 3197 439 3223 est
459 3190 640 3232 praecipere
663 3197 756 3228 recte,
773 3189 931 3232 quoniam
946 3190 1056 3230 ipsum
1078 3195 1285 3230 praeceptum
1308 3196 1356 3220 est

278 3235 408 3277 propria
429 3235 531 3276 ipsius
546 3235 688 3272 materia,
709 3245 810 3276 quam
825 3235 858 3266 in
873 3233 1006 3276 proprio
1030 3234 1174 3265 subiecto
1191 3233 1353 3271 rectificare

280 3287 311 3312 et
333 3279 477 3312 similiter
498 3280 637 3312 iustitiae
660 3287 749 3312 actus
773 3286 820 3311 est
842 3280 924 3311 velle
938 3279 1069 3310 reddere
1091 3279 1142 3310 ius
1161 3289 1260 3310 suum
1283 3279 1355 3310 uni-

280 3325 407 3366 cuique,
419 3325 576 3366 quoniam
590 3325 779 3356 huiusmodi
795 3325 876 3356 velle
893 3331 940 3355 est
955 3324 1084 3365 propria
1097 3323 1238 3360 materia,
1255 3333 1355 3364 quam

279 3370 312 3400 in
336 3368 469 3411 proprio
485 3369 628 3401 subiecto
644 3369 810 3407 rectificat;
835 3376 866 3400 et
881 3369 1098 3400 universaliter
1113 3368 1276 3410 quaelibet
1295 3368 1355 3399 vir-

279 3421 332 3445 tus
355 3413 452 3444 habet
473 3423 532 3454 pro
557 3421 629 3445 actu
651 3421 770 3446 rectam
794 3413 1015 3455 operationem
1041 3423 1124 3455 quae
1155 3413 1189 3444 in
1213 3413 1356 3454 potentia
1382 3409 1383 3415 ¹

279 3459 313 3489 in
337 3468 402 3500 qua
425 3465 472 3488 est
495 3459 666 3498 respondet
687 3459 734 3490 illi
758 3465 794 3490 ut
817 3458 947 3500 propria
970 3458 1101 3489 materia
1124 3457 1293 3489 rectificata
1316 3458 1355 3488 ab

281 3512 333 3534 ea:
358 3503 402 3534 ita
425 3509 554 3542 oportet
576 3509 612 3533 ut
635 3502 802 3540 fortitudo,
826 3513 909 3544 quae
933 3510 980 3534 est
998 3503 1171 3534 subiective
1195 3503 1227 3533 in
1251 3503 1356 3533 irasci-

280 3548 346 3584 bili,
370 3547 484 3578 habeat
507 3557 566 3587 pro
581 3555 652 3578 actu
669 3547 742 3578 illos
757 3548 920 3578 irascibilis
937 3555 1045 3579 motus
1065 3547 1122 3589 qui
1137 3554 1214 3578 sunt
1227 3547 1357 3588 propria

281 3592 412 3623 materia
434 3591 535 3632 ipsius
558 3591 762 3623 fortitudinis.
786 3593 862 3623 Non
878 3592 1155 3634 qualitercumque
1179 3599 1288 3623 autem
1302 3592 1357 3622 ha-

281 3638 335 3668 bet
357 3636 513 3667 fortitudo
536 3646 596 3676 pro
620 3635 742 3666 actibus
766 3636 843 3667 tales
867 3643 986 3673 motus,
1011 3638 1066 3667 sed
1090 3636 1286 3668 rectificatos.
1312 3637 1358 3667 Ita

425 3698 536 3723 Sumam:
555 3697 657 3722 Timor..
678 3697 708 3721 D.
722 3696 838 3722 Tnouaa
857 3697 889 3722 T.
909 3697 963 3722 Vll.

2454 261 2476 296 9

1400 330 1490 370 quod
1514 329 1625 360 timere
1649 339 1741 370 quae,
1766 336 1798 360 et
1821 329 1967 370 quando,
1993 336 2023 359 et
2047 328 2138 359 cuius
2161 327 2260 368 gratia
2285 336 2422 368 oportet,
2448 336 2478 359 et

1400 374 1545 405 similiter
1567 374 1694 410 audere,
1719 381 1795 405 sunt
1817 380 1906 404 actus
1930 373 2024 404 eliciti
2046 383 2064 403 a
2081 372 2276 404 fortitudinis
2300 373 2431 409 virtute;
2449 380 2479 404 et

1400 426 1475 449 sunt
1498 418 1596 450 etiam
1611 425 1700 449 actus
1717 418 1904 459 prudentiae
1920 417 2092 458 regulantis
2109 417 2340 453 fortitudinem,
2366 425 2401 448 ut
2420 418 2479 447 im—

1401 463 1499 504 perati
1524 474 1541 493 a
1565 463 1750 504 prudentia;
1776 470 1806 494 et
1829 470 1905 494 sunt
1928 470 2017 493 actus
2033 461 2208 493 voluntatis
2233 462 2417 493 naturaliter
2433 462 2479 492 in-

1401 508 1534 539 clinatae
1556 508 1597 538 ad
1621 508 1745 538 bonum
1769 507 1976 543 fortitudinis,
2001 507 2146 538 similiter
2170 513 2206 537 ut
2222 506 2368 546 imperati
2391 517 2408 537 a
2424 517 2479 537 vo-

1401 553 1532 584 luntate.

1455 598 1523 628 VII.
1549 597 1590 627 Et
1613 597 1770 638 quoniam
1786 596 1952 633 Martinus,
1970 597 2002 627 in
2020 595 2102 626 dicta
2126 595 2314 637 quaestione
2325 595 2352 631 *,
2377 605 2480 636 oppo—

1400 642 1498 673 situm
1523 648 1658 672 conatur
1680 642 1832 682 probare,
1865 642 2004 672 tenendo
2029 641 2119 682 quod
2151 640 2308 671 fortitudo
2340 650 2405 670 non
2435 647 2481 671 est

1372 712 1374 727 ἶ
1401 687 1482 718 circa
1505 686 1561 717 has
1586 686 1749 727 passiones
1773 694 1809 717 ut
1833 693 1931 722 actus,
1957 686 2012 716 sed
2036 693 2072 716 ut
2095 685 2218 716 obiecta
2236 684 2379 726 partialia
2402 684 2480 716 inte-

1372 762 1375 775 ἱ
1401 731 1492 762 rioris
1524 731 1573 762 sui
1604 738 1710 767 actus;
1742 738 1772 761 et
1802 730 1946 771 primum
1976 730 2098 761 dictum
2130 740 2227 760 suum
2261 739 2327 760 non
2355 730 2480 770 probat,

1372 782 1374 809 i
1401 783 1432 807 et
1456 782 1670 806 monstratum
1695 775 1771 806 est*
1794 785 1862 806 esse
1885 775 2020 811 falsum;
2050 775 2230 805 secundum
2254 771 2362 811 etiam,
2387 775 2481 804 abso·

264 820 436 862 pinquum.
452 820 493 851 Et
509 826 640 860 propter
656 820 719 850 hoc
735 820 922 851 Aristoteles
938 820 1047 861 posuit
1061 830 1147 861 spem
1166 819 1298 859 (ibidem
1310 818 1346 857 *)
1372 817 1374 834 ”

263 865 460 897 salutarium
485 875 552 895 esse
576 865 755 901 audaciam,
780 875 846 895 non
864 865 989 896 realiter
1004 875 1062 896 nec
1081 865 1267 901 formaliter,
1293 865 1347 895 sed
1372 880 1374 889 ι

1400 822 1466 852 lute
1489 820 1667 861 loquendo,
1692 827 1739 851 est
1762 820 1890 857 falsum,
1915 820 1988 851 licet
2012 819 2115 860 possit
2136 819 2175 850 ad
2191 819 2333 860 aliquem
2357 820 2482 850 bonum

1401 875 1531 896 sensum
1563 865 1687 895 reduci:
1719 864 1793 894 ideo
1817 871 1879 895 tres
1903 875 1976 895 suas
2010 865 2149 895 rationes
2180 864 2314 894 intendo
2346 864 2481 900 solvere,

1401 911 1595 951 inquantum
1619 909 1757 939 militant
1781 916 1891 940 contra
1915 909 2115 949 superiorem
2139 908 2328 939 doctrinam.

1458 954 1566 984 Primo
1583 963 1658 993 ergo
1676 954 1790 993 probat
1806 953 1849 983 sic
1865 953 1892 983 *.
1918 953 2034 984 Omnis
2050 954 2150 984 virtus
2167 963 2250 994 quae
2265 961 2312 984 est
2329 953 2410 984 circa
2427 953 2483 984 ali-

1401 1008 1500 1040 quem
1522 1004 1646 1034 actum,
1672 1005 1728 1033 est,
1754 1005 1908 1038 tanquam
1932 998 2013 1028 circa
2038 998 2169 1038 partiale
2194 997 2376 1034 obiectum,
2402 998 2484 1029 circa

1401 1053 1499 1074 omne
1515 1042 1595 1072 illud
1612 1042 1701 1083 quod
1718 1041 1834 1072 scitum
1848 1049 1895 1072 est
1912 1052 1980 1072 esse
1996 1042 2268 1082 impedimentum
2280 1042 2366 1072 illius
2382 1051 2483 1074 actus·

1400 1087 1463 1118 Sed
1487 1086 1578 1117 fortis
1595 1086 1653 1118 scit
1676 1086 1766 1126 quod
1790 1086 1888 1117 timor
1912 1094 1943 1117 et
1967 1086 2099 1117 audacia
2123 1094 2199 1117 sunt
2221 1087 2409 1126 impeditiva
2434 1087 2483 1118 sui

1400 1139 1500 1162 actus.
1526 1131 1622 1170 Ergo.
1638 1148 1659 1154 -
1676 1130 1780 1161 Maior
1804 1138 1904 1171 patet:
1930 1131 2006 1172 quia
2028 1138 2188 1172 quantum
2212 1130 2368 1162 fortitudo
2391 1132 2483 1162 incli-

711 1225 744 1253 ἡ
821 1229 857 1253 tu
935 1221 956 1252 l·
993 1221 1014 1251 S
1034 1221 1055 1251 d
1072 1221 1091 1251 b
1192 1219 1199 1226 ⁶
1372 1170 1374 1237 ἶ
1401 1183 1456 1207 nat
1485 1176 1525 1206 ad
1549 1183 1657 1207 actum
1681 1185 1789 1212 suum,
1806 1182 1935 1206 tanturn
1950 1175 2082 1206 inclinat
2106 1176 2145 1205 ad
2170 1176 2404 1206 removendum
2424 1176 2485 1206 im·

265 1234 326 1266 pro
349 1231 473 1265 quanto
498 1230 632 1264 uterque
649 1230 697 1254 est
745 1231 820 1263 spec
881 1231 934 1252 ma
948 1231 968 1252 x.
1016 1230 1034 1251 e
1094 1230 1152 1251 ene
1176 1229 1220 1250 sic
1244 1229 1348 1260 oppo-
1372 1251 1373 1256 ¹

1425 1220 1596 1251 edimenta.

1402 1231 1423 1261 p
1454 1265 1614 1296 Secundo.
1647 1264 1816 1305 Quidquid
1841 1271 1888 1295 est
1912 1265 2076 1295 obiectum
2100 1263 2290 1304 prudentiae
2316 1264 2485 1295 directivae

1399 1309 1606 1346 fortitudinis,
1631 1309 1711 1339 illud
1735 1316 1782 1340 est
1805 1309 1971 1340 obiectum
1995 1309 2204 1340 fortitudinis.
2229 1308 2290 1339 Sed
2316 1310 2486 1349 prudentia

1399 1355 1471 1386 talis
1503 1354 1598 1385 habet
1626 1354 1683 1384 has
1713 1353 1878 1394 passiones
1902 1364 1962 1395 pro
1987 1354 2130 1385 obiectis.
2161 1353 2259 1393 Ergo.
2283 1371 2304 1376 —
2329 1354 2488 1385 Probatur

1372 1424 1374 1440 ,r
1401 1399 1521 1430 maior:
1553 1398 1629 1440 quia
1659 1399 1736 1429 alias
1768 1408 1834 1429 non
1859 1406 1942 1430 esset
1972 1406 2062 1430 actus
2085 1398 2262 1429 voluntatis
2294 1398 2488 1430 sufficienter

1401 1443 1579 1476 conformis
1602 1443 1687 1474 actui
1712 1443 1856 1474 rationis.

1453 1488 1578 1520 Tertio.
1603 1488 1662 1518 Per
1685 1495 1776 1519 actus
1800 1488 2000 1519 fortitudinis
2019 1488 2118 1519 timor
2133 1495 2165 1518 et
2180 1487 2314 1518 audacia
2329 1495 2405 1519 sunt
2430 1498 2488 1518 no-

1399 1534 1457 1570 liti,
1482 1532 1659 1564 formaliter
1681 1533 1732 1563 vel
1749 1533 1999 1574 aequivalenter.
2025 1533 2111 1573 Ergo
2129 1539 2205 1563 sunt
2221 1532 2357 1564 obiecta.
2374 1550 2396 1556 —
2412 1533 2488 1564 Pro—

1401 1580 1496 1610 batur
1519 1578 1664 1619 sequela:
1692 1578 1769 1618 quia
1793 1577 1935 1608 nolitum
1963 1585 2011 1608 est
2040 1577 2206 1608 obiectum
2235 1584 2326 1608 actus
2350 1588 2418 1619 quo
2443 1585 2490 1609 est

1402 1623 1556 1655 nolitum.

1455 1668 1539 1699 VIII.
1561 1667 1612 1698 Ad
1636 1667 1733 1698 huius
1753 1666 1798 1697 rei
1813 1667 2009 1708 ampliorem
2025 1666 2233 1702 evidentiam,
2251 1667 2418 1698 sciendum
2443 1674 2490 1697 est

1401 1713 1493 1755 quod
1506 1712 1618 1744 tollere
1634 1712 1866 1752 impedimenta
1882 1719 1971 1743 actus
1988 1722 2055 1743 non
2070 1721 2136 1743 uno
2149 1711 2250 1742 modo
2263 1711 2396 1742 dicitur:
2415 1721 2490 1742 nam

1401 1757 1576 1799 aliquando
1601 1756 1716 1788 dicitur
1732 1757 1885 1793 effective,
1901 1757 2078 1798 aliquando
2096 1755 2284 1787 formaliter.
2309 1756 2405 1787 Verbi
2425 1766 2491 1796 gra-

1402 1803 1455 1839 tia,
1469 1801 1601 1844 quando
1619 1802 1860 1832 combustivum
1877 1801 1955 1842 ligni
1972 1801 2056 1833 tollit
2072 1802 2287 1843 aquositatem
2303 1811 2386 1842 quae
2399 1809 2446 1832 est
2458 1801 2490 1831 in

1401 1847 1501 1888 ligno,
1526 1846 1643 1877 dicitur
1666 1846 1779 1877 tollere
1803 1846 2074 1887 impedimentum
2099 1846 2256 1878 effective:
2289 1853 2319 1876 et
2343 1846 2405 1876 tale
2428 1846 2488 1876 irn-

1390 1891 1627 1932 .pedimentum
1650 1890 1747 1921 habet
1771 1901 1803 1921 se
1828 1899 1864 1922 ut
1888 1891 2053 1922 obiectum
2077 1891 2226 1931 partiale,
2252 1891 2490 1921 excludendum

1375 1968 1377 1974 A
1402 1943 1521 1967 tamen.
1547 1935 1689 1974 Quando
1714 1945 1790 1966 vero
1815 1935 1985 1976 prudentia
2010 1936 2163 1976 praecipit
2187 1936 2320 1978 quando
2349 1942 2490 1976 oportet,

1403 1989 1434 2012 et
1457 1981 1547 2023 quod
1563 1986 1703 2022 oportet,
1721 1987 1791 2017 etc„
1809 1980 2036 2022 praecipiendo
2052 1980 2156 2012 aufert
2179 1980 2345 2012 actualiter
2361 1980 2400 2010 ab
2417 1986 2489 2011 actu

1404 2025 1618 2067 praecipiendi
1643 2025 1846 2056 conditiones
1871 2025 2048 2066 oppositas,
2075 2025 2200 2056 nonita
2217 2025 2308 2066 quod
2332 2024 2491 2055 conditio-

1405 2081 1460 2102 nes
1484 2069 1655 2111 oppositae
1678 2079 1762 2110 quae
1785 2069 2000 2101 excluduntur
2024 2070 2087 2101 sint
2111 2071 2235 2101 obiecta
2257 2076 2348 2100 actus
2372 2069 2491 2110 praeci-

1405 2115 1529 2157 piendi;
1555 2115 1611 2145 sed
1635 2114 1717 2145 sicut
1740 2121 1830 2145 actus
1853 2114 2070 2155 praecipiendi
2095 2115 2211 2145 dicitur
2235 2114 2358 2145 elicitus
2383 2125 2400 2144 a
2416 2124 2491 2155 pru-

1403 2159 1523 2196 dentia,
1548 2159 1591 2190 ita
1615 2158 1816 2190 conditiones
1841 2158 1909 2190 eius
1933 2166 2009 2190 sunt
2032 2159 2153 2190 elicitae
2177 2159 2266 2189 velut
2290 2158 2491 2189 conditiones

1405 2212 1494 2236 actus
1517 2203 1629 2240 eliciti;
1654 2210 1686 2234 et
1709 2203 1753 2234 sic
1778 2210 1867 2234 actus
1891 2203 2084 2235 informatus
2107 2204 2226 2235 talibus
2248 2203 2491 2234 conditionibus

1405 2248 1544 2280 excludit
1569 2247 1745 2279 formaliter
1768 2248 1935 2289 oppositas
1959 2248 2179 2285 conditiones,
2211 2248 2293 2278 sicut
2318 2248 2434 2278 albedo
2458 2248 2491 2278 in

1378 2296 1379 2309 ³
1405 2293 1549 2330 subiecto
1574 2292 1713 2324 excludit
1729 2292 1906 2324 formaliter
1922 2293 2123 2334 nigredinem
2140 2294 2179 2324 ab
2196 2292 2314 2324 eodem
2333 2292 2491 2324 subiecto.

1405 2339 1457 2371 Sic
1480 2344 1590 2369 autem
1621 2337 1733 2368 tollere
1758 2338 1915 2369 contraria
1947 2338 2179 2379 impedimenta
2209 2347 2275 2368 non
2304 2345 2352 2368 est
2374 2337 2492 2368 habere

1405 2383 1635 2425 impedimenta
1652 2392 1712 2423 pro
1729 2382 1857 2414 obiecto
1881 2390 1986 2414 actus:
2012 2384 2067 2414 sed
2090 2393 2151 2423 pro
2175 2381 2340 2413 contrariis
2355 2391 2412 2414 seu
2429 2382 2492 2423 pri-

1405 2428 1589 2460 vationibus
1603 2427 1706 2468 ipsius
1721 2434 1810 2458 actus
1835 2427 1921 2459 recti.
1946 2428 1988 2459 Et
2004 2428 2163 2469 quoniam
2187 2427 2386 2458 fortitudinis
2401 2433 2492 2458 actus

1406 2484 1472 2505 non
1497 2473 1603 2514 primo
1628 2473 1739 2509 modo,
1765 2473 1820 2503 sed
1837 2473 1991 2510 secundo,
2016 2473 2101 2504 tollit
2115 2472 2350 2513 impedimenta
2366 2471 2492 2504 timoris

1406 2526 1438 2550 et
1460 2517 1630 2554 audaciae;
1654 2516 1728 2548 ideo
1752 2517 1851 2548 timor
1867 2524 1898 2548 et
1914 2518 2058 2555 audacia,
2075 2525 2111 2549 ut
2127 2524 2345 2558 opponuntur
2366 2517 2492 2548 fortitu-

1378 2571 1380 2594 ὲ
1406 2563 1483 2599 dini,
1508 2562 1668 2594 tolluntur
1691 2563 1730 2592 ab
1755 2562 1823 2593 eius
1847 2570 1919 2594 actu
1945 2573 2010 2593 non
2036 2569 2071 2594 ut
2095 2562 2220 2593 obiecta
2240 2561 2387 2602 partialia
2411 2561 2490 2598 eius,

1406 2608 1462 2639 sed
1486 2607 1662 2638 formaliter
1685 2613 1722 2638 ut
1745 2607 1902 2638 contraria
1926 2617 1982 2638 seu
2007 2607 2202 2649 privationes
2226 2607 2305 2637 eius.
2337 2607 2412 2637 Hoc
2435 2616 2491 2637 au-

1406 2661 1473 2685 tem
1496 2651 1532 2684 fit
1554 2651 1763 2683 manifestum
1787 2662 1824 2682 ex
1839 2661 1879 2682 eo
1895 2652 1985 2693 quod
2002 2651 2086 2683 actui
2110 2651 2308 2683 fortitudinis
2330 2661 2397 2682 non
2414 2661 2492 2682 con-

1406 2698 1553 2730 trariatur
1576 2697 1644 2738 ipse
1668 2697 1766 2728 timor
1789 2704 1845 2727 aut
1872 2697 1941 2737 ipsa
1968 2697 2102 2728 audacia
2125 2697 2414 2737 qualitercumque,
2435 2697 2491 2726 sed

1406 2743 1515 2774 solum
1539 2742 1564 2773 si
1589 2742 1833 2773 deordinatione
1865 2742 1997 2773 rationis
2020 2742 2204 2773 vestiantur.
2238 2741 2305 2771 lam
2333 2741 2421 2772 enim
2445 2741 2490 2771 di-

1407 2796 1495 2820 ctum
1521 2786 1596 2818 est*
1619 2787 1709 2828 quod
1734 2786 1825 2818 fortis
1849 2794 1880 2817 et
1903 2786 1995 2818 timet
2020 2794 2050 2817 et
2070 2787 2182 2817 audet:
2208 2786 2262 2816 sed
2287 2786 2320 2816 in
2345 2786 2407 2816 hoc
2425 2796 2490 2816 me-

1407 2833 1479 2863 dius
1504 2839 1550 2862 est
1574 2832 1656 2862 inter
1672 2831 1823 2862 timidum
1840 2838 1871 2862 et
1885 2831 2052 2868 audacem,
2076 2831 2152 2872 quia
2169 2831 2341 2862 contrarias
2359 2830 2490 2862 extremi

1407 2877 1526 2908 habent
1557 2876 1759 2908 conditiones
1783 2876 1816 2906 in
1839 2876 1918 2916 ipsis
1942 2876 2081 2912 actibus;
2113 2876 2167 2906 ille
2196 2875 2287 2906 timet
2316 2885 2383 2906 non
2407 2885 2491 2917 quae

1407 2929 1464 2953 aut
1493 2921 1625 2963 quando
1660 2928 1716 2952 aut
1746 2927 1878 2962 propter
1907 2921 1998 2962 quod
2029 2927 2173 2962 oportet,
2206 2928 2236 2952 et
2269 2919 2366 2951 simili
2390 2920 2490 2950 modo

1407 2967 1486 2998 alter
1510 2967 1622 3003 audet;
1648 2966 1739 2997 fortis
1762 2973 1873 2997 autem
1896 2973 1927 2996 et
1949 2966 2041 2997 timet
2065 2973 2096 2997 et
2119 2965 2216 2996 audet
2240 2965 2390 3006 quando,
2422 2964 2490 3003 ubi,

1407 3021 1501 3053 quae,
1526 3011 1607 3042 sicut
1631 3017 1663 3041 et
1686 3018 1818 3051 propter
1840 3010 1931 3052 quod
1958 3017 2097 3051 oportet.
2122 3010 2308 3041 Exercendo
2334 3019 2409 3049 ergo
2426 3009 2489 3039 for-

1407 3056 1553 3088 titudinis
1577 3062 1687 3086 actum
1710 3055 1801 3086 fortis
1825 3055 1909 3086 tollit
1931 3055 2083 3086 timorem
2106 3062 2138 3086 et
2153 3055 2321 3086 audaciam
2345 3063 2412 3084 non
2429 3053 2490 3084 tol-

1406 3101 1505 3132 lendo
1529 3100 1618 3141 ipsos
1642 3106 1749 3136 actus,
1780 3100 1836 3130 sed
1859 3099 2005 3131 tollendo
2029 3110 2144 3131 eorum
2171 3098 2390 3134 conditiones,
2423 3108 2490 3128 non

1409 3145 1498 3176 aliter
1520 3155 1619 3186 quam
1644 3145 1798 3186 ponendo
1822 3144 1972 3185 primaria
1994 3144 2171 3175 intentione
2193 3154 2266 3174 suas
2289 3142 2490 3174 conditiones

1409 3197 1440 3221 et
1463 3200 1501 3221 ex
1524 3189 1734 3230 consequenti
1749 3189 1938 3230 expellendo
1955 3189 2138 3220 contrarias.
2162 3188 2205 3218 Et
2227 3187 2303 3228 quia
2319 3194 2409 3219 actus
2425 3187 2490 3218 for-

1409 3234 1554 3266 titudinis
1578 3234 1721 3274 seipsum
1744 3244 1820 3265 cum
1844 3234 1910 3265 suis
1934 3233 2191 3269 conditionibus,
2216 3232 2335 3263 scilicet
2358 3232 2490 3273 quando

1410 3285 1548 3320 oportet,
1573 3285 1643 3315 etc„
1667 3279 1760 3319 ponit
1783 3278 1968 3314 formaliter,
1993 3277 2264 3309 ideo'contrarias
2288 3276 2491 3308 conditiones

1410 3323 1494 3355 tollit
1517 3323 1701 3354 formaliter.

1465 3368 1517 3399 IX.
1542 3367 1583 3398 Et
1606 3367 1650 3398 sic
1674 3373 1761 3408 patet
1784 3366 1874 3408 quod
1898 3366 1976 3397 falsa
2000 3373 2046 3398 est
2069 3366 2174 3397 maior
2189 3366 2311 3407 primae
2336 3365 2490 3397 obiectio-

1411 3413 1459 3443 nis
1471 3412 1498 3450 *,
1523 3411 1657 3443 scilicet:
1683 3411 1800 3442 Omnis
1822 3411 1923 3442 virtus
1947 3421 2030 3452 quae
2047 3418 2094 3442 est
2110 3411 2191 3442 circa
2213 3410 2354 3452 aliquem
2371 3417 2489 3446 actum,

1411 3464 1468 3494 est,
1496 3464 1650 3498 tanquam
1677 3456 1758 3487 circa
1788 3455 1919 3496 partiale
1951 3456 2132 3492 obiectum,
2165 3456 2246 3487 circa
2279 3466 2376 3486 omne
2407 3455 2488 3485 illud

1411 3502 1501 3544 quod
1521 3502 1638 3532 scitum
1654 3508 1701 3532 est
1720 3511 1787 3531 esse
1807 3500 2076 3541 impedimentum
2093 3501 2178 3532 illius
2198 3508 2298 3531 actus.
2324 3500 2490 3538 Quoniam

1411 3554 1472 3578 stat
1495 3547 1585 3587 quod
1610 3546 1649 3576 sit
1673 3546 1754 3576 circa
1777 3545 2001 3586 impeditivum
2025 3553 2180 3586 tanquam
2197 3546 2278 3576 circa
2295 3544 2490 3575 contrarium

1412 3601 1468 3622 seu
1500 3591 1713 3632 privationem
1744 3590 1921 3621 formaliter
1950 3590 2035 3621 illius
2066 3590 2141 3621 recti
2169 3597 2269 3621 actus.
2294 3607 2315 3612 -
2339 3588 2488 3619 Probatio

1412 3643 1520 3667 autem
1536 3635 1664 3666 maioris
1682 3635 1760 3665 nihil
1776 3634 1940 3666 concludit
1955 3635 1986 3665 in
2004 3635 2193 3675 oppositum
2210 3634 2379 3665 dictorum.
2397 3634 2489 3670 Quo-

2509 603 2517 612 ·
2526 603 2637 625 Conclus.
2649 609 2664 629 ι,
2675 609 2695 629 2,
2702 610 2722 632 3.

2510 778 2519 787 ·
2530 776 2601 798 Num.
2618 776 2724 804 praeced.

2512 955 2520 965 ⁸
2534 954 2648 976 Conclus.
2662 960 2684 983 3.

2519 2793 2528 2803 ·
2543 2791 2615 2815 Num.
2629 2798 2658 2814 νι.

2519 3423 2528 3432 ·
2542 3422 2614 3443 Num.
2629 3427 2668 3442 vu.
