<?xml version="1.0" encoding="UTF-8"?>
<!DOCTYPE html PUBLIC "-//W3C//DTD XHTML 1.0 Transitional//EN"
    "http://www.w3.org/TR/xhtml1/DTD/xhtml1-transitional.dtd">
<html xmlns="http://www.w3.org/1999/xhtml" xml:lang="en" lang="en">
 <head>
  <title>
</title>
<meta http-equiv="Content-Type" content="text/html;charset=utf-8" />
  <meta name='ocr-system' content='tesseract 3.04.00' />
  <meta name='ocr-capabilities' content='ocr_page ocr_carea ocr_par ocr_line ocrx_word'/>
</head>
<body>
  <div class='ocr_page' id='page_1' title='image "./operaomniaiussui10thom_0506.png"; bbox 0 0 2768 4198; ppageno 0'>
   <div class='ocr_carea' id='block_1_1' title="bbox 40 509 252 612">
    <p class='ocr_par' dir='ltr' id='par_1_1' title="bbox 40 509 252 612">
     <span class='ocr_line' id='line_1_1' title="bbox 42 509 252 532; baseline -0.014 0"><span class='ocrx_word' id='word_1_1' title='bbox 42 513 50 519; x_wconf 78' lang='grc'><em>·</em></span> <span class='ocrx_word' id='word_1_2' title='bbox 66 511 162 532; x_wconf 77' lang='lat' dir='ltr'>Aristot.</span> <span class='ocrx_word' id='word_1_3' title='bbox 176 509 252 530; x_wconf 80' lang='lat' dir='ltr'>Ethic.</span> 
     </span>
     <span class='ocr_line' id='line_1_2' title="bbox 40 537 252 561; baseline -0.009 -3"><span class='ocrx_word' id='word_1_4' title='bbox 40 538 80 558; x_wconf 87' lang='lat' dir='ltr'>lib.</span> <span class='ocrx_word' id='word_1_5' title='bbox 96 537 112 560; x_wconf 85' lang='grc' dir='ltr'>Ι,</span> <span class='ocrx_word' id='word_1_6' title='bbox 129 543 154 558; x_wconf 82' lang='lat' dir='ltr'>ca</span> <span class='ocrx_word' id='word_1_7' title='bbox 174 542 215 561; x_wconf 84' lang='lat' dir='ltr'>.n,</span> <span class='ocrx_word' id='word_1_8' title='bbox 231 542 252 556; x_wconf 87' lang='lat' dir='ltr'>n.</span> 
     </span>
     <span class='ocr_line' id='line_1_3' title="bbox 41 543 252 585; baseline -0.014 0"><span class='ocrx_word' id='word_1_9' title='bbox 41 564 61 585; x_wconf 79' lang='lat'>8.</span> <span class='ocrx_word' id='word_1_10' title='bbox 78 574 88 579; x_wconf 91' lang='lat'><em>—</em></span> <span class='ocrx_word' id='word_1_11' title='bbox 103 564 126 585; x_wconf 79' lang='lat' dir='ltr'>S.</span> <span class='ocrx_word' id='word_1_12' title='bbox 141 543 185 584; x_wconf 71' lang='lat' dir='ltr'>&#39;lph-</span> <span class='ocrx_word' id='word_1_13' title='bbox 202 563 252 583; x_wconf 86' lang='lat' dir='ltr'>lect.</span> 
     </span>
     <span class='ocr_line' id='line_1_4' title="bbox 42 597 65 612; baseline 0 -1"><span class='ocrx_word' id='word_1_14' title='bbox 42 597 65 612; x_wconf 89' lang='lat' dir='ltr'>u.</span> 
     </span>
    </p>
   </div>
   <div class='ocr_carea' id='block_1_2' title="bbox 42 732 226 753">
    <p class='ocr_par' dir='ltr' id='par_1_2' title="bbox 42 732 226 753">
     <span class='ocr_line' id='line_1_5' title="bbox 42 732 226 753; baseline -0.011 0"><span class='ocrx_word' id='word_1_15' title='bbox 42 736 52 745; x_wconf 73' lang='lat'>⁸</span> <span class='ocrx_word' id='word_1_16' title='bbox 66 732 100 753; x_wconf 78' lang='lat' dir='ltr'>Cf.</span> <span class='ocrx_word' id='word_1_17' title='bbox 117 738 178 753; x_wconf 89' lang='lat' dir='ltr'>nurn.</span> <span class='ocrx_word' id='word_1_18' title='bbox 196 737 226 752; x_wconf 90' lang='lat' dir='ltr'>1x.</span> 
     </span>
    </p>
   </div>
   <div class='ocr_carea' id='block_1_3' title="bbox 41 821 253 897">
    <p class='ocr_par' dir='ltr' id='par_1_3' title="bbox 41 821 253 897">
     <span class='ocr_line' id='line_1_6' title="bbox 43 821 253 849; baseline -0.01 -5"><span class='ocrx_word' id='word_1_19' title='bbox 43 824 51 833; x_wconf 78' lang='lat'>⁸</span> <span class='ocrx_word' id='word_1_20' title='bbox 59 823 93 844; x_wconf 77' lang='lat' dir='ltr'>Cf.</span> <span class='ocrx_word' id='word_1_21' title='bbox 105 823 200 849; x_wconf 66' lang='lat' dir='ltr'>Dionys</span> <span class='ocrx_word' id='word_1_22' title='bbox 210 821 253 842; x_wconf 88' lang='lat' dir='ltr'>Ec-</span> 
     </span>
     <span class='ocr_line' id='line_1_7' title="bbox 41 849 253 875; baseline -0.005 -5"><span class='ocrx_word' id='word_1_23' title='bbox 41 849 94 870; x_wconf 80' lang='lat' dir='ltr'>cles.</span> <span class='ocrx_word' id='word_1_24' title='bbox 111 849 192 874; x_wconf 65' lang='lat' dir='ltr'>Hier„</span> <span class='ocrx_word' id='word_1_25' title='bbox 203 854 253 875; x_wconf 84' lang='lat' dir='ltr'>cap.</span> 
     </span>
     <span class='ocr_line' id='line_1_8' title="bbox 42 883 62 897; baseline -0.05 0"><span class='ocrx_word' id='word_1_26' title='bbox 42 883 62 897; x_wconf 87' lang='lat' dir='ltr'>v.</span> 
     </span>
    </p>
   </div>
   <div class='ocr_carea' id='block_1_4' title="bbox 42 999 214 1021">
    <p class='ocr_par' dir='ltr' id='par_1_4' title="bbox 42 999 214 1021">
     <span class='ocr_line' id='line_1_9' title="bbox 42 999 214 1021; baseline -0.012 0"><span class='ocrx_word' id='word_1_27' title='bbox 42 1000 51 1010; x_wconf 78' lang='lat'>⁸</span> <span class='ocrx_word' id='word_1_28' title='bbox 65 999 98 1021; x_wconf 57' lang='lat' dir='ltr'>Cf.</span> <span class='ocrx_word' id='word_1_29' title='bbox 115 1005 176 1019; x_wconf 86' lang='lat' dir='ltr'>num.</span> <span class='ocrx_word' id='word_1_30' title='bbox 192 1004 214 1019; x_wconf 83' lang='lat' dir='ltr'>x.</span> 
     </span>
    </p>
   </div>
   <div class='ocr_carea' id='block_1_5' title="bbox 43 1621 254 1701">
    <p class='ocr_par' dir='ltr' id='par_1_5' title="bbox 43 1621 254 1701">
     <span class='ocr_line' id='line_1_10' title="bbox 44 1621 254 1648; baseline -0.005 -6"><span class='ocrx_word' id='word_1_31' title='bbox 44 1621 254 1648; x_wconf 73' lang='lat' dir='ltr'>‘Matth.cap.xxiv‚</span> 
     </span>
     <span class='ocr_line' id='line_1_11' title="bbox 43 1647 253 1674; baseline -0.005 -6"><span class='ocrx_word' id='word_1_32' title='bbox 43 1654 101 1668; x_wconf 86' lang='lat' dir='ltr'>vers.</span> <span class='ocrx_word' id='word_1_33' title='bbox 110 1654 149 1674; x_wconf 80' lang='lat'>40.</span> <span class='ocrx_word' id='word_1_34' title='bbox 158 1653 191 1673; x_wconf 76' lang='lat'>4¹3</span> <span class='ocrx_word' id='word_1_35' title='bbox 198 1647 253 1669; x_wconf 84' lang='lat' dir='ltr'>Luc.</span> 
     </span>
     <span class='ocr_line' id='line_1_12' title="bbox 43 1680 254 1701; baseline -0.005 -6"><span class='ocrx_word' id='word_1_36' title='bbox 43 1680 91 1701; x_wconf 87' lang='lat' dir='ltr'>cap.</span> <span class='ocrx_word' id='word_1_37' title='bbox 117 1680 163 1695; x_wconf 85' lang='lat' dir='ltr'>xvu</span> <span class='ocrx_word' id='word_1_38' title='bbox 174 1691 179 1699; x_wconf 73' lang='lat'>,</span> <span class='ocrx_word' id='word_1_39' title='bbox 196 1680 254 1695; x_wconf 85' lang='lat' dir='ltr'>vers.</span> 
     </span>
    </p>
   </div>
   <div class='ocr_carea' id='block_1_6' title="bbox 42 1707 119 1730">
    <p class='ocr_par' dir='ltr' id='par_1_6' title="bbox 42 1707 119 1730">
     <span class='ocr_line' id='line_1_13' title="bbox 42 1707 119 1730; baseline -0.026 0"><span class='ocrx_word' id='word_1_40' title='bbox 42 1707 78 1730; x_wconf 80' lang='lat'>34·</span> <span class='ocrx_word' id='word_1_41' title='bbox 88 1707 119 1729; x_wconf 78' lang='lat'>35-</span> 
     </span>
    </p>
   </div>
   <div class='ocr_carea' id='block_1_7' title="bbox 43 2292 255 2314">
    <p class='ocr_par' dir='ltr' id='par_1_7' title="bbox 43 2292 255 2314">
     <span class='ocr_line' id='line_1_14' title="bbox 43 2292 255 2314; baseline -0.005 0"><span class='ocrx_word' id='word_1_42' title='bbox 43 2294 52 2303; x_wconf 79' lang='grc'><strong><em>·</em></strong></span> <span class='ocrx_word' id='word_1_43' title='bbox 67 2294 103 2314; x_wconf 78' lang='lat' dir='ltr'>Au</span> <span class='ocrx_word' id='word_1_44' title='bbox 122 2309 126 2313; x_wconf 95' lang='lat'>.</span> <span class='ocrx_word' id='word_1_45' title='bbox 147 2292 176 2313; x_wconf 79' lang='lat' dir='ltr'>de</span> <span class='ocrx_word' id='word_1_46' title='bbox 197 2292 255 2313; x_wconf 80' lang='lat' dir='ltr'>Gen.</span> 
     </span>
    </p>
   </div>
   <div class='ocr_carea' id='block_1_8' title="bbox 43 2299 256 2374">
    <p class='ocr_par' dir='ltr' id='par_1_8' title="bbox 43 2299 256 2374">
     <span class='ocr_line' id='line_1_15' title="bbox 43 2299 256 2342; baseline 0.005 -1"><span class='ocrx_word' id='word_1_47' title='bbox 43 2319 76 2341; x_wconf 83' lang='lat' dir='ltr'>ad</span> <span class='ocrx_word' id='word_1_48' title='bbox 90 2299 132 2340; x_wconf 53' lang='grc' dir='ltr'><em>[ἤι’.</em></span> <span class='ocrx_word' id='word_1_49' title='bbox 149 2318 189 2340; x_wconf 82' lang='lat' dir='ltr'>lib.</span> <span class='ocrx_word' id='word_1_50' title='bbox 205 2318 256 2342; x_wconf 85' lang='lat' dir='ltr'>xn.</span> 
     </span>
     <span class='ocr_line' id='line_1_16' title="bbox 44 2345 256 2374; baseline -0.009 -6"><span class='ocrx_word' id='word_1_51' title='bbox 44 2352 93 2374; x_wconf 80' lang='lat' dir='ltr'>cap.</span> <span class='ocrx_word' id='word_1_52' title='bbox 123 2352 170 2366; x_wconf 79' lang='lat' dir='ltr'>xvr.</span> <span class='ocrx_word' id='word_1_53' title='bbox 186 2357 195 2362; x_wconf 94' lang='lat'>-</span> <span class='ocrx_word' id='word_1_54' title='bbox 220 2345 256 2367; x_wconf 82' lang='lat' dir='ltr'>Cf.</span> 
     </span>
    </p>
   </div>
   <div class='ocr_carea' id='block_1_9' title="bbox 16 2371 257 2394">
    <p class='ocr_par' dir='ltr' id='par_1_9' title="bbox 16 2371 257 2394">
     <span class='ocr_line' id='line_1_17' title="bbox 16 2371 257 2394; baseline -0.004 0"><span class='ocrx_word' id='word_1_55' title='bbox 16 2371 19 2375; x_wconf 92' lang='lat'>&#39;</span> <span class='ocrx_word' id='word_1_56' title='bbox 44 2373 141 2394; x_wconf 79' lang='lat' dir='ltr'>Aristot.</span> <span class='ocrx_word' id='word_1_57' title='bbox 158 2372 187 2394; x_wconf 85' lang='lat' dir='ltr'>de</span> <span class='ocrx_word' id='word_1_58' title='bbox 202 2372 257 2394; x_wconf 80' lang='lat' dir='ltr'>Am·-</span> 
     </span>
    </p>
   </div>
   <div class='ocr_carea' id='block_1_10' title="bbox 44 2399 256 2502">
    <p class='ocr_par' dir='ltr' id='par_1_10' title="bbox 44 2399 256 2474">
     <span class='ocr_line' id='line_1_18' title="bbox 45 2399 256 2426; baseline 0 -6"><span class='ocrx_word' id='word_1_59' title='bbox 45 2406 90 2423; x_wconf 70' lang='grc' dir='ltr'>ητα,</span> <span class='ocrx_word' id='word_1_60' title='bbox 105 2399 144 2420; x_wconf 86' lang='lat' dir='ltr'>lib.</span> <span class='ocrx_word' id='word_1_61' title='bbox 156 2399 195 2426; x_wconf 84' lang='lat'>111,</span> <span class='ocrx_word' id='word_1_62' title='bbox 206 2405 232 2420; x_wconf 86' lang='lat' dir='ltr'>ca</span> <span class='ocrx_word' id='word_1_63' title='bbox 252 2416 256 2419; x_wconf 91' lang='lat'>.</span> 
     </span>
     <span class='ocr_line' id='line_1_19' title="bbox 45 2425 255 2451; baseline 0.005 -5"><span class='ocrx_word' id='word_1_64' title='bbox 45 2433 67 2451; x_wconf 74' lang='lat' dir='ltr'>v,</span> <span class='ocrx_word' id='word_1_65' title='bbox 90 2432 111 2447; x_wconf 91' lang='lat' dir='ltr'>n.</span> <span class='ocrx_word' id='word_1_66' title='bbox 134 2432 159 2449; x_wconf 79' lang='lat'>2:</span> <span class='ocrx_word' id='word_1_67' title='bbox 179 2432 197 2447; x_wconf 89' lang='lat' dir='ltr'>s.</span> <span class='ocrx_word' id='word_1_68' title='bbox 212 2425 234 2447; x_wconf 83' lang='lat' dir='ltr'>T</span> <span class='ocrx_word' id='word_1_69' title='bbox 252 2442 255 2446; x_wconf 96' lang='lat'>.</span> 
     </span>
     <span class='ocr_line' id='line_1_20' title="bbox 44 2453 132 2474; baseline 0 0"><span class='ocrx_word' id='word_1_70' title='bbox 44 2453 95 2474; x_wconf 88' lang='lat' dir='ltr'>lect.</span> <span class='ocrx_word' id='word_1_71' title='bbox 110 2459 132 2474; x_wconf 83' lang='lat' dir='ltr'>x.</span> 
     </span>
    </p>

    <p class='ocr_par' dir='ltr' id='par_1_11' title="bbox 45 2479 240 2502">
     <span class='ocr_line' id='line_1_21' title="bbox 45 2479 240 2502; baseline 0 -2"><span class='ocrx_word' id='word_1_72' title='bbox 45 2481 54 2491; x_wconf 67' lang='lat'>⁸</span> <span class='ocrx_word' id='word_1_73' title='bbox 69 2479 104 2502; x_wconf 90' lang='lat' dir='ltr'>Cf.</span> <span class='ocrx_word' id='word_1_74' title='bbox 120 2485 183 2501; x_wconf 91' lang='lat' dir='ltr'>num.</span> <span class='ocrx_word' id='word_1_75' title='bbox 200 2485 240 2501; x_wconf 85' lang='lat' dir='ltr'>vn.</span> 
     </span>
    </p>
   </div>
   <div class='ocr_carea' id='block_1_11' title="bbox 48 2914 259 3016">
    <p class='ocr_par' dir='ltr' id='par_1_12' title="bbox 48 2914 259 3016">
     <span class='ocr_line' id='line_1_22' title="bbox 50 2914 259 2942; baseline 0 -6"><span class='ocrx_word' id='word_1_76' title='bbox 50 2916 58 2924; x_wconf 76' lang='lat'>⁸</span> <span class='ocrx_word' id='word_1_77' title='bbox 65 2915 159 2936; x_wconf 73' lang='lat' dir='ltr'>Aristot.</span> <span class='ocrx_word' id='word_1_78' title='bbox 167 2914 259 2942; x_wconf 72' lang='lat' dir='ltr'>Physlc.</span> 
     </span>
     <span class='ocr_line' id='line_1_23' title="bbox 48 2942 259 2970; baseline 0 -8"><span class='ocrx_word' id='word_1_79' title='bbox 48 2942 87 2963; x_wconf 80' lang='lat' dir='ltr'>lib.</span> <span class='ocrx_word' id='word_1_80' title='bbox 111 2942 138 2968; x_wconf 74' lang='lat'>11,</span> <span class='ocrx_word' id='word_1_81' title='bbox 161 2948 210 2970; x_wconf 89' lang='lat' dir='ltr'>cap.</span> <span class='ocrx_word' id='word_1_82' title='bbox 234 2948 259 2966; x_wconf 78' lang='lat' dir='ltr'>u.</span> 
     </span>
     <span class='ocr_line' id='line_1_24' title="bbox 50 2968 259 3016; baseline 0 0"><span class='ocrx_word' id='word_1_83' title='bbox 50 2974 146 3016; x_wconf 55' lang='grc' dir='ltr'>Γεωῗῆνῖ</span> <span class='ocrx_word' id='word_1_84' title='bbox 167 2968 191 2990; x_wconf 62' lang='lat'>³*</span> <span class='ocrx_word' id='word_1_85' title='bbox 215 2968 259 2990; x_wconf 66' lang='lat' dir='ltr'>n,</span> 
     </span>
    </p>
   </div>
   <div class='ocr_carea' id='block_1_12' title="bbox 52 3318 262 3393">
    <p class='ocr_par' dir='ltr' id='par_1_13' title="bbox 52 3318 262 3393">
     <span class='ocr_line' id='line_1_25' title="bbox 54 3318 262 3340; baseline -0.005 0"><span class='ocrx_word' id='word_1_86' title='bbox 54 3320 61 3328; x_wconf 86' lang='grc'><em>·</em></span> <span class='ocrx_word' id='word_1_87' title='bbox 78 3318 138 3340; x_wconf 79' lang='lat' dir='ltr'>Lect.</span> <span class='ocrx_word' id='word_1_88' title='bbox 155 3325 195 3340; x_wconf 85' lang='lat' dir='ltr'>n.-</span> <span class='ocrx_word' id='word_1_89' title='bbox 211 3318 262 3340; x_wconf 90' lang='lat' dir='ltr'>Did.</span> 
     </span>
     <span class='ocr_line' id='line_1_26' title="bbox 52 3345 262 3393; baseline 0.005 -27"><span class='ocrx_word' id='word_1_90' title='bbox 52 3345 151 3393; x_wconf 37' lang='lat' dir='ltr'>iilmzlv&#39;</span> <span class='ocrx_word' id='word_1_91' title='bbox 171 3351 220 3373; x_wconf 85' lang='lat' dir='ltr'>cap.</span> <span class='ocrx_word' id='word_1_92' title='bbox 238 3351 262 3368; x_wconf 85' lang='lat' dir='ltr'>n.</span> 
     </span>
    </p>
   </div>
   <div class='ocr_carea' id='block_1_13' title="bbox 53 3411 264 3465">
    <p class='ocr_par' dir='ltr' id='par_1_14' title="bbox 53 3411 264 3465">
     <span class='ocr_line' id='line_1_27' title="bbox 54 3411 264 3439; baseline -0.005 -6"><span class='ocrx_word' id='word_1_93' title='bbox 54 3411 192 3439; x_wconf 63' lang='lat' dir='ltr'>’Sufficienh</span> <span class='ocrx_word' id='word_1_94' title='bbox 200 3411 239 3433; x_wconf 86' lang='lat' dir='ltr'>lib.</span> <span class='ocrx_word' id='word_1_95' title='bbox 248 3411 264 3437; x_wconf 84' lang='lat' dir='ltr'>l,</span> 
     </span>
     <span class='ocr_line' id='line_1_28' title="bbox 53 3444 137 3465; baseline 0.012 -6"><span class='ocrx_word' id='word_1_96' title='bbox 53 3444 103 3465; x_wconf 80' lang='lat' dir='ltr'>cap.</span> <span class='ocrx_word' id='word_1_97' title='bbox 115 3445 137 3460; x_wconf 89' lang='lat' dir='ltr'>x.</span> 
     </span>
    </p>
   </div>
   <div class='ocr_carea' id='block_1_14' title="bbox 53 3543 134 3565">
    <p class='ocr_par' dir='ltr' id='par_1_15' title="bbox 53 3543 134 3565">
     <span class='ocr_line' id='line_1_29' title="bbox 53 3543 134 3565; baseline 0.012 -1"><span class='ocrx_word' id='word_1_98' title='bbox 53 3545 61 3553; x_wconf 81' lang='lat'>⁸</span> <span class='ocrx_word' id='word_1_99' title='bbox 77 3543 134 3565; x_wconf 66' lang='lat' dir='ltr'>ibid.</span> 
     </span>
    </p>
   </div>
   <div class='ocr_carea' id='block_1_15' title="bbox 278 255 362 301">
    <p class='ocr_par' dir='ltr' id='par_1_16' title="bbox 278 255 362 301">
     <span class='ocr_line' id='line_1_30' title="bbox 278 255 362 301; baseline 0 0"><span class='ocrx_word' id='word_1_100' title='bbox 278 255 362 301; x_wconf 84' lang='lat'>464</span> 
     </span>
    </p>
   </div>
   <div class='ocr_carea' id='block_1_16' title="bbox 279 330 1378 681">
    <p class='ocr_par' dir='ltr' id='par_1_17' title="bbox 279 330 1378 681">
     <span class='ocr_line' id='line_1_31' title="bbox 279 330 1376 373; baseline -0.005 -10"><span class='ocrx_word' id='word_1_101' title='bbox 279 333 343 363; x_wconf 90' lang='lat' dir='ltr'>rius</span> <span class='ocrx_word' id='word_1_102' title='bbox 367 343 465 373; x_wconf 90' lang='lat' dir='ltr'>quam</span> <span class='ocrx_word' id='word_1_103' title='bbox 489 342 589 372; x_wconf 88' lang='lat' dir='ltr'>genus</span> <span class='ocrx_word' id='word_1_104' title='bbox 613 331 717 371; x_wconf 90' lang='lat' dir='ltr'>operis</span> <span class='ocrx_word' id='word_1_105' title='bbox 741 338 885 371; x_wconf 89' lang='lat' dir='ltr'>spectans</span> <span class='ocrx_word' id='word_1_106' title='bbox 909 330 948 359; x_wconf 87' lang='lat' dir='ltr'>ad</span> <span class='ocrx_word' id='word_1_107' title='bbox 965 335 1126 359; x_wconf 85' lang='lat' dir='ltr'>curatum:</span> <span class='ocrx_word' id='word_1_108' title='bbox 1153 335 1188 358; x_wconf 93' lang='lat' dir='ltr'>ut</span> <span class='ocrx_word' id='word_1_109' title='bbox 1210 334 1296 368; x_wconf 87' lang='lat' dir='ltr'>patet</span> <span class='ocrx_word' id='word_1_110' title='bbox 1312 337 1349 358; x_wconf 88' lang='lat' dir='ltr'>ex</span> <span class='ocrx_word' id='word_1_111' title='bbox 1375 330 1376 344; x_wconf 65' lang='lat'>¹</span> 
     </span>
     <span class='ocr_line' id='line_1_32' title="bbox 280 374 1349 418; baseline -0.007 -10"><span class='ocrx_word' id='word_1_112' title='bbox 280 377 341 408; x_wconf 93' lang='lat' dir='ltr'>hoc</span> <span class='ocrx_word' id='word_1_113' title='bbox 365 378 454 418; x_wconf 90' lang='lat' dir='ltr'>quod</span> <span class='ocrx_word' id='word_1_114' title='bbox 478 387 561 416; x_wconf 93' lang='lat' dir='ltr'>opus</span> <span class='ocrx_word' id='word_1_115' title='bbox 585 376 721 416; x_wconf 86' lang='lat' dir='ltr'>religiosi</span> <span class='ocrx_word' id='word_1_116' title='bbox 746 382 791 405; x_wconf 93' lang='lat' dir='ltr'>est</span> <span class='ocrx_word' id='word_1_117' title='bbox 815 374 863 404; x_wconf 90' lang='lat' dir='ltr'>sui</span> <span class='ocrx_word' id='word_1_118' title='bbox 883 374 983 413; x_wconf 91' lang='lat' dir='ltr'>ipsius</span> <span class='ocrx_word' id='word_1_119' title='bbox 1008 379 1133 403; x_wconf 88' lang='lat' dir='ltr'>tantum</span> <span class='ocrx_word' id='word_1_120' title='bbox 1150 382 1240 408; x_wconf 90' lang='lat' dir='ltr'>cura,</span> <span class='ocrx_word' id='word_1_121' title='bbox 1266 382 1349 412; x_wconf 89' lang='lat' dir='ltr'>opus</span> 
     </span>
     <span class='ocr_line' id='line_1_33' title="bbox 281 416 1350 456; baseline -0.006 -4"><span class='ocrx_word' id='word_1_122' title='bbox 281 430 387 452; x_wconf 91' lang='lat' dir='ltr'>autem</span> <span class='ocrx_word' id='word_1_123' title='bbox 411 421 509 452; x_wconf 89' lang='lat' dir='ltr'>curati</span> <span class='ocrx_word' id='word_1_124' title='bbox 534 427 580 451; x_wconf 92' lang='lat' dir='ltr'>est</span> <span class='ocrx_word' id='word_1_125' title='bbox 599 420 777 450; x_wconf 84' lang='lat' dir='ltr'>animarum</span> <span class='ocrx_word' id='word_1_126' title='bbox 793 428 877 449; x_wconf 87' lang='lat' dir='ltr'>cura.</span> <span class='ocrx_word' id='word_1_127' title='bbox 902 418 974 447; x_wconf 94' lang='lat' dir='ltr'>Hoc</span> <span class='ocrx_word' id='word_1_128' title='bbox 991 424 1099 448; x_wconf 89' lang='lat' dir='ltr'>autern</span> <span class='ocrx_word' id='word_1_129' title='bbox 1116 423 1239 447; x_wconf 83' lang='lat' dir='ltr'>constat</span> <span class='ocrx_word' id='word_1_130' title='bbox 1254 416 1350 456; x_wconf 88' lang='lat' dir='ltr'>longe</span> 
     </span>
     <span class='ocr_line' id='line_1_34' title="bbox 281 461 1348 505; baseline -0.006 -9"><span class='ocrx_word' id='word_1_131' title='bbox 281 476 348 496; x_wconf 91' lang='lat' dir='ltr'>esse</span> <span class='ocrx_word' id='word_1_132' title='bbox 364 466 587 505; x_wconf 83' lang='lat' dir='ltr'>praestantius:</span> <span class='ocrx_word' id='word_1_133' title='bbox 609 464 763 505; x_wconf 91' lang='lat' dir='ltr'>quoniam</span> <span class='ocrx_word' id='word_1_134' title='bbox 779 463 895 493; x_wconf 90' lang='lat' dir='ltr'>bonum</span> <span class='ocrx_word' id='word_1_135' title='bbox 911 462 1019 502; x_wconf 84' lang='lat' dir='ltr'>gentis</span> <span class='ocrx_word' id='word_1_136' title='bbox 1034 461 1175 492; x_wconf 83' lang='lat' dir='ltr'>divinius</span> <span class='ocrx_word' id='word_1_137' title='bbox 1191 466 1237 491; x_wconf 84' lang='lat' dir='ltr'>est</span> <span class='ocrx_word' id='word_1_138' title='bbox 1252 471 1348 501; x_wconf 83' lang='lat' dir='ltr'>quam</span> 
     </span>
     <span class='ocr_line' id='line_1_35' title="bbox 281 505 1378 547; baseline -0.006 -6"><span class='ocrx_word' id='word_1_139' title='bbox 281 511 396 541; x_wconf 87' lang='lat' dir='ltr'>bonum</span> <span class='ocrx_word' id='word_1_140' title='bbox 422 511 518 540; x_wconf 82' lang='lat' dir='ltr'>unius</span> <span class='ocrx_word' id='word_1_141' title='bbox 533 510 559 539; x_wconf 87' lang='grc'>*.</span> <span class='ocrx_word' id='word_1_142' title='bbox 592 509 632 539; x_wconf 85' lang='lat' dir='ltr'>Et</span> <span class='ocrx_word' id='word_1_143' title='bbox 659 508 702 538; x_wconf 91' lang='lat' dir='ltr'>sic</span> <span class='ocrx_word' id='word_1_144' title='bbox 733 507 835 547; x_wconf 89' lang='lat' dir='ltr'>prima</span> <span class='ocrx_word' id='word_1_145' title='bbox 858 506 978 536; x_wconf 84' lang='lat' dir='ltr'>litterae</span> <span class='ocrx_word' id='word_1_146' title='bbox 1002 505 1080 535; x_wconf 89' lang='lat' dir='ltr'>ratio</span> <span class='ocrx_word' id='word_1_147' title='bbox 1105 515 1195 535; x_wconf 90' lang='lat' dir='ltr'>ruere</span> <span class='ocrx_word' id='word_1_148' title='bbox 1214 505 1350 535; x_wconf 87' lang='lat' dir='ltr'>videtur.</span> <span class='ocrx_word' id='word_1_149' title='bbox 1376 527 1378 540; x_wconf 72' lang='grc'>,</span> 
     </span>
     <span class='ocr_line' id='line_1_36' title="bbox 338 549 1378 586; baseline -0.007 -1"><span class='ocrx_word' id='word_1_150' title='bbox 338 555 389 585; x_wconf 91' lang='grc' dir='ltr'>ΙΙΙ.</span> <span class='ocrx_word' id='word_1_151' title='bbox 414 554 594 584; x_wconf 87' lang='lat' dir='ltr'>Secundum</span> <span class='ocrx_word' id='word_1_152' title='bbox 620 559 666 582; x_wconf 91' lang='lat' dir='ltr'>est</span> <span class='ocrx_word' id='word_1_153' title='bbox 689 552 827 582; x_wconf 88' lang='lat' dir='ltr'>secunda</span> <span class='ocrx_word' id='word_1_154' title='bbox 850 551 971 581; x_wconf 83' lang='lat' dir='ltr'>litterae</span> <span class='ocrx_word' id='word_1_155' title='bbox 998 550 1076 580; x_wconf 82' lang='lat' dir='ltr'>ratio</span> <span class='ocrx_word' id='word_1_156' title='bbox 1101 550 1140 579; x_wconf 89' lang='lat' dir='ltr'>ad</span> <span class='ocrx_word' id='word_1_157' title='bbox 1164 550 1267 586; x_wconf 89' lang='lat' dir='ltr'>idem,</span> <span class='ocrx_word' id='word_1_158' title='bbox 1293 549 1350 579; x_wconf 89' lang='lat' dir='ltr'>sci·</span> <span class='ocrx_word' id='word_1_159' title='bbox 1376 554 1378 558; x_wconf 90' lang='grc'><strong>“</strong></span> 
     </span>
     <span class='ocr_line' id='line_1_37' title="bbox 281 594 1378 636; baseline -0.005 -7"><span class='ocrx_word' id='word_1_160' title='bbox 281 599 366 629; x_wconf 89' lang='lat' dir='ltr'>licet:</span> <span class='ocrx_word' id='word_1_161' title='bbox 395 599 517 628; x_wconf 89' lang='lat' dir='ltr'>Curato</span> <span class='ocrx_word' id='word_1_162' title='bbox 541 607 603 627; x_wconf 93' lang='lat' dir='ltr'>non</span> <span class='ocrx_word' id='word_1_163' title='bbox 620 597 766 636; x_wconf 80' lang='lat' dir='ltr'>competit</span> <span class='ocrx_word' id='word_1_164' title='bbox 782 595 999 636; x_wconf 80' lang='lat' dir='ltr'><em>principalem</em></span> <span class='ocrx_word' id='word_1_165' title='bbox 1017 604 1129 624; x_wconf 86' lang='lat' dir='ltr'>curam</span> <span class='ocrx_word' id='word_1_166' title='bbox 1149 594 1350 625; x_wconf 86' lang='lat' dir='ltr'>subditorum</span> <span class='ocrx_word' id='word_1_167' title='bbox 1376 597 1378 614; x_wconf 65' lang='lat' dir='ltr'>l</span> 
     </span>
     <span class='ocr_line' id='line_1_38' title="bbox 281 639 1351 681; baseline -0.005 -8"><span class='ocrx_word' id='word_1_168' title='bbox 281 643 415 680; x_wconf 83' lang='lat' dir='ltr'>habere,</span> <span class='ocrx_word' id='word_1_169' title='bbox 440 644 523 673; x_wconf 79' lang='lat' dir='ltr'>sicut</span> <span class='ocrx_word' id='word_1_170' title='bbox 552 642 715 681; x_wconf 83' lang='lat' dir='ltr'>episcopo:</span> <span class='ocrx_word' id='word_1_171' title='bbox 747 640 804 671; x_wconf 86' lang='lat' dir='ltr'>sed</span> <span class='ocrx_word' id='word_1_172' title='bbox 833 640 991 679; x_wconf 84' lang='lat' dir='ltr'><strong><em>quaedam</em></strong></span> <span class='ocrx_word' id='word_1_173' title='bbox 1011 639 1232 679; x_wconf 82' lang='lat' dir='ltr'>particularia</span> <span class='ocrx_word' id='word_1_174' title='bbox 1263 639 1351 669; x_wconf 87' lang='lat' dir='ltr'>circa</span> 
     </span>
    </p>
   </div>
   <div class='ocr_carea' id='block_1_17' title="bbox 268 682 1351 725">
    <p class='ocr_par' dir='ltr' id='par_1_18' title="bbox 268 682 1351 725">
     <span class='ocr_line' id='line_1_39' title="bbox 268 682 1351 725; baseline -0.004 -8"><span class='ocrx_word' id='word_1_175' title='bbox 268 697 392 718; x_wconf 69' lang='lat' dir='ltr'>curam</span> <span class='ocrx_word' id='word_1_176' title='bbox 413 687 597 716; x_wconf 90' lang='lat' dir='ltr'>animarum</span> <span class='ocrx_word' id='word_1_177' title='bbox 615 695 725 715; x_wconf 84' lang='lat' dir='ltr'>eorum</span> <span class='ocrx_word' id='word_1_178' title='bbox 743 684 851 725; x_wconf 87' lang='lat' dir='ltr'>officio</span> <span class='ocrx_word' id='word_1_179' title='bbox 867 685 1120 714; x_wconf 86' lang='lat' dir='ltr'>committuntur.</span> <span class='ocrx_word' id='word_1_180' title='bbox 1147 682 1269 714; x_wconf 84' lang='lat' dir='ltr'>Contra</span> <span class='ocrx_word' id='word_1_181' title='bbox 1289 683 1351 713; x_wconf 94' lang='lat' dir='ltr'>hoc</span> 
     </span>
    </p>
   </div>
   <div class='ocr_carea' id='block_1_18' title="bbox 279 817 1361 2292">
    <p class='ocr_par' dir='ltr' id='par_1_19' title="bbox 280 817 1353 939">
     <span class='ocr_line' id='line_1_40' title="bbox 280 817 1353 858; baseline -0.003 -9"><span class='ocrx_word' id='word_1_182' title='bbox 280 820 412 850; x_wconf 85' lang='lat' dir='ltr'>veniunt</span> <span class='ocrx_word' id='word_1_183' title='bbox 436 829 548 849; x_wconf 88' lang='lat' dir='ltr'>omnes</span> <span class='ocrx_word' id='word_1_184' title='bbox 572 826 661 849; x_wconf 88' lang='lat' dir='ltr'>actus</span> <span class='ocrx_word' id='word_1_185' title='bbox 684 818 869 848; x_wconf 81' lang='lat' dir='ltr'>hierarchici</span> <span class='ocrx_word' id='word_1_186' title='bbox 884 818 917 847; x_wconf 72' lang='grc' dir='ltr'>*ε</span> <span class='ocrx_word' id='word_1_187' title='bbox 947 817 1064 848; x_wconf 90' lang='lat' dir='ltr'>scilicet</span> <span class='ocrx_word' id='word_1_188' title='bbox 1087 826 1258 858; x_wconf 80' lang='lat' dir='ltr'>purgare,</span> <span class='ocrx_word' id='word_1_189' title='bbox 1285 826 1353 847; x_wconf 92' lang='lat' dir='ltr'>cor-</span> 
     </span>
     <span class='ocr_line' id='line_1_41' title="bbox 280 862 1353 904; baseline -0.002 -11"><span class='ocrx_word' id='word_1_190' title='bbox 280 864 442 904; x_wconf 87' lang='lat' dir='ltr'>ripiendo;</span> <span class='ocrx_word' id='word_1_191' title='bbox 468 864 665 901; x_wconf 88' lang='lat' dir='ltr'>illuminare,</span> <span class='ocrx_word' id='word_1_192' title='bbox 684 863 845 899; x_wconf 90' lang='lat' dir='ltr'>docend0;</span> <span class='ocrx_word' id='word_1_193' title='bbox 865 862 1036 903; x_wconf 68' lang='lat' dir='ltr'>perficere,</span> <span class='ocrx_word' id='word_1_194' title='bbox 1054 869 1249 892; x_wconf 87' lang='lat' dir='ltr'>sacramenta</span> <span class='ocrx_word' id='word_1_195' title='bbox 1265 871 1353 901; x_wconf 89' lang='lat' dir='ltr'>prae-</span> 
     </span>
     <span class='ocr_line' id='line_1_42' title="bbox 281 909 396 939; baseline 0 -1"><span class='ocrx_word' id='word_1_196' title='bbox 281 909 396 939; x_wconf 91' lang='lat' dir='ltr'>bendo.</span> 
     </span>
    </p>

    <p class='ocr_par' dir='ltr' id='par_1_20' title="bbox 279 950 1357 1619">
     <span class='ocr_line' id='line_1_43' title="bbox 336 950 1354 993; baseline -0.002 -10"><span class='ocrx_word' id='word_1_197' title='bbox 336 953 387 983; x_wconf 92' lang='lat' dir='ltr'>lV.</span> <span class='ocrx_word' id='word_1_198' title='bbox 418 953 561 983; x_wconf 89' lang='lat' dir='ltr'>Tertium</span> <span class='ocrx_word' id='word_1_199' title='bbox 587 959 633 983; x_wconf 89' lang='lat' dir='ltr'>est</span> <span class='ocrx_word' id='word_1_200' title='bbox 656 952 746 993; x_wconf 88' lang='lat' dir='ltr'>quod</span> <span class='ocrx_word' id='word_1_201' title='bbox 769 952 849 983; x_wconf 83' lang='lat' dir='ltr'>haec</span> <span class='ocrx_word' id='word_1_202' title='bbox 864 953 1062 991; x_wconf 85' lang='lat' dir='ltr'>comparatio</span> <span class='ocrx_word' id='word_1_203' title='bbox 1079 950 1290 992; x_wconf 84' lang='lat' dir='ltr'>intelligenda</span> <span class='ocrx_word' id='word_1_204' title='bbox 1308 955 1354 981; x_wconf 88' lang='lat' dir='ltr'>est</span> 
     </span>
     <span class='ocr_line' id='line_1_44' title="bbox 279 995 1354 1038; baseline -0.003 -10"><span class='ocrx_word' id='word_1_205' title='bbox 279 997 454 1028; x_wconf 79' lang='lat' dir='ltr'>secundum</span> <span class='ocrx_word' id='word_1_206' title='bbox 477 1007 584 1038; x_wconf 82' lang='lat' dir='ltr'>genus</span> <span class='ocrx_word' id='word_1_207' title='bbox 604 998 720 1037; x_wconf 81' lang='lat' dir='ltr'>operis.</span> <span class='ocrx_word' id='word_1_208' title='bbox 747 996 868 1028; x_wconf 87' lang='lat' dir='ltr'>Contra</span> <span class='ocrx_word' id='word_1_209' title='bbox 891 996 953 1027; x_wconf 91' lang='lat' dir='ltr'>hoc</span> <span class='ocrx_word' id='word_1_210' title='bbox 970 995 1055 1026; x_wconf 90' lang='lat' dir='ltr'>enim</span> <span class='ocrx_word' id='word_1_211' title='bbox 1071 995 1241 1036; x_wconf 83' lang='lat' dir='ltr'>arguitur*</span> <span class='ocrx_word' id='word_1_212' title='bbox 1264 995 1354 1036; x_wconf 93' lang='lat' dir='ltr'>quod</span> 
     </span>
     <span class='ocr_line' id='line_1_45' title="bbox 280 1040 1355 1083; baseline -0.002 -11"><span class='ocrx_word' id='word_1_213' title='bbox 280 1051 316 1072; x_wconf 87' lang='lat' dir='ltr'>ex</span> <span class='ocrx_word' id='word_1_214' title='bbox 339 1042 401 1072; x_wconf 91' lang='lat' dir='ltr'>hoc</span> <span class='ocrx_word' id='word_1_215' title='bbox 417 1042 488 1082; x_wconf 90' lang='lat' dir='ltr'>ipso</span> <span class='ocrx_word' id='word_1_216' title='bbox 506 1052 600 1072; x_wconf 93' lang='lat' dir='ltr'>sensu</span> <span class='ocrx_word' id='word_1_217' title='bbox 625 1042 721 1072; x_wconf 91' lang='lat' dir='ltr'>huius</span> <span class='ocrx_word' id='word_1_218' title='bbox 739 1041 988 1083; x_wconf 88' lang='lat' dir='ltr'>comparationis</span> <span class='ocrx_word' id='word_1_219' title='bbox 1005 1041 1148 1082; x_wconf 90' lang='lat' dir='ltr'>sequitur</span> <span class='ocrx_word' id='word_1_220' title='bbox 1164 1040 1355 1081; x_wconf 89' lang='lat' dir='ltr'>oppositum</span> 
     </span>
     <span class='ocr_line' id='line_1_46' title="bbox 279 1086 1356 1127; baseline -0.001 -11"><span class='ocrx_word' id='word_1_221' title='bbox 279 1086 390 1117; x_wconf 91' lang='lat' dir='ltr'>intenti</span> <span class='ocrx_word' id='word_1_222' title='bbox 414 1087 453 1117; x_wconf 88' lang='lat' dir='ltr'>ab</span> <span class='ocrx_word' id='word_1_223' title='bbox 477 1090 629 1118; x_wconf 90' lang='lat' dir='ltr'>Auctore.</span> <span class='ocrx_word' id='word_1_224' title='bbox 653 1087 737 1117; x_wconf 89' lang='lat' dir='ltr'>Nam</span> <span class='ocrx_word' id='word_1_225' title='bbox 761 1097 861 1127; x_wconf 88' lang='lat' dir='ltr'>genus</span> <span class='ocrx_word' id='word_1_226' title='bbox 886 1086 992 1126; x_wconf 90' lang='lat' dir='ltr'>operis</span> <span class='ocrx_word' id='word_1_227' title='bbox 1015 1086 1047 1116; x_wconf 91' lang='lat' dir='ltr'>in</span> <span class='ocrx_word' id='word_1_228' title='bbox 1072 1086 1226 1126; x_wconf 88' lang='lat' dir='ltr'>episcopo</span> <span class='ocrx_word' id='word_1_229' title='bbox 1250 1092 1280 1116; x_wconf 92' lang='lat' dir='ltr'>et</span> <span class='ocrx_word' id='word_1_230' title='bbox 1304 1095 1356 1115; x_wconf 91' lang='lat' dir='ltr'>cu-</span> 
     </span>
     <span class='ocr_line' id='line_1_47' title="bbox 279 1130 1355 1168; baseline -0.001 -7"><span class='ocrx_word' id='word_1_231' title='bbox 279 1138 347 1161; x_wconf 89' lang='lat' dir='ltr'>rato</span> <span class='ocrx_word' id='word_1_232' title='bbox 372 1138 418 1162; x_wconf 90' lang='lat' dir='ltr'>est</span> <span class='ocrx_word' id='word_1_233' title='bbox 441 1131 537 1168; x_wconf 90' lang='lat' dir='ltr'>idern,</span> <span class='ocrx_word' id='word_1_234' title='bbox 562 1131 679 1162; x_wconf 90' lang='lat' dir='ltr'>scilicet</span> <span class='ocrx_word' id='word_1_235' title='bbox 703 1142 811 1162; x_wconf 91' lang='lat' dir='ltr'>curam</span> <span class='ocrx_word' id='word_1_236' title='bbox 831 1131 1011 1161; x_wconf 87' lang='lat' dir='ltr'>animarum</span> <span class='ocrx_word' id='word_1_237' title='bbox 1035 1131 1164 1161; x_wconf 87' lang='lat' dir='ltr'>habere:</span> <span class='ocrx_word' id='word_1_238' title='bbox 1189 1130 1261 1160; x_wconf 90' lang='lat' dir='ltr'>licet</span> <span class='ocrx_word' id='word_1_239' title='bbox 1284 1140 1355 1160; x_wconf 90' lang='lat' dir='ltr'>mo-</span> 
     </span>
     <span class='ocr_line' id='line_1_48' title="bbox 280 1175 1354 1217; baseline -0.001 -11"><span class='ocrx_word' id='word_1_240' title='bbox 280 1176 339 1206; x_wconf 93' lang='lat' dir='ltr'>dus</span> <span class='ocrx_word' id='word_1_241' title='bbox 363 1176 527 1207; x_wconf 84' lang='lat' dir='ltr'>exercendi</span> <span class='ocrx_word' id='word_1_242' title='bbox 551 1176 614 1207; x_wconf 90' lang='lat' dir='ltr'>hoc</span> <span class='ocrx_word' id='word_1_243' title='bbox 633 1187 733 1216; x_wconf 88' lang='lat' dir='ltr'>genus</span> <span class='ocrx_word' id='word_1_244' title='bbox 758 1176 864 1217; x_wconf 89' lang='lat' dir='ltr'>operis</span> <span class='ocrx_word' id='word_1_245' title='bbox 883 1182 1064 1216; x_wconf 87' lang='lat' dir='ltr'>acceptetur</span> <span class='ocrx_word' id='word_1_246' title='bbox 1081 1175 1222 1206; x_wconf 93' lang='lat' dir='ltr'>diversus</span> <span class='ocrx_word' id='word_1_247' title='bbox 1238 1175 1270 1205; x_wconf 91' lang='lat' dir='ltr'>in</span> <span class='ocrx_word' id='word_1_248' title='bbox 1288 1175 1354 1215; x_wconf 91' lang='lat' dir='ltr'>epi-</span> 
     </span>
     <span class='ocr_line' id='line_1_49' title="bbox 279 1220 1355 1262; baseline 0 -12"><span class='ocrx_word' id='word_1_249' title='bbox 279 1230 379 1260; x_wconf 89' lang='lat' dir='ltr'>scopo</span> <span class='ocrx_word' id='word_1_250' title='bbox 405 1227 436 1251; x_wconf 93' lang='lat' dir='ltr'>et</span> <span class='ocrx_word' id='word_1_251' title='bbox 459 1228 580 1258; x_wconf 89' lang='lat' dir='ltr'>curato,</span> <span class='ocrx_word' id='word_1_252' title='bbox 604 1228 681 1261; x_wconf 92' lang='lat' dir='ltr'>puta</span> <span class='ocrx_word' id='word_1_253' title='bbox 698 1222 774 1262; x_wconf 89' lang='lat' dir='ltr'>quia</span> <span class='ocrx_word' id='word_1_254' title='bbox 791 1221 961 1261; x_wconf 89' lang='lat' dir='ltr'>episcopus</span> <span class='ocrx_word' id='word_1_255' title='bbox 978 1220 1203 1261; x_wconf 86' lang='lat' dir='ltr'>principaliter,</span> <span class='ocrx_word' id='word_1_256' title='bbox 1228 1226 1355 1250; x_wconf 87' lang='lat' dir='ltr'>curatus</span> 
     </span>
     <span class='ocr_line' id='line_1_50' title="bbox 280 1264 1354 1297; baseline 0.001 -2"><span class='ocrx_word' id='word_1_257' title='bbox 280 1265 467 1296; x_wconf 90' lang='lat' dir='ltr'>secundario</span> <span class='ocrx_word' id='word_1_258' title='bbox 497 1266 593 1296; x_wconf 91' lang='lat' dir='ltr'>habet</span> <span class='ocrx_word' id='word_1_259' title='bbox 621 1273 651 1297; x_wconf 91' lang='lat' dir='ltr'>et</span> <span class='ocrx_word' id='word_1_260' title='bbox 679 1273 799 1296; x_wconf 87' lang='lat' dir='ltr'>exercet</span> <span class='ocrx_word' id='word_1_261' title='bbox 828 1275 937 1296; x_wconf 91' lang='lat' dir='ltr'>curam</span> <span class='ocrx_word' id='word_1_262' title='bbox 962 1265 1151 1296; x_wconf 90' lang='lat' dir='ltr'>animarum.</span> <span class='ocrx_word' id='word_1_263' title='bbox 1188 1264 1354 1296; x_wconf 90' lang='lat' dir='ltr'>Manifeste</span> 
     </span>
     <span class='ocr_line' id='line_1_51' title="bbox 279 1310 1354 1352; baseline -0.001 -12"><span class='ocrx_word' id='word_1_264' title='bbox 279 1310 439 1351; x_wconf 88' lang='lat' dir='ltr'>siquidem</span> <span class='ocrx_word' id='word_1_265' title='bbox 464 1317 550 1350; x_wconf 88' lang='lat' dir='ltr'>patet</span> <span class='ocrx_word' id='word_1_266' title='bbox 573 1311 662 1352; x_wconf 91' lang='lat' dir='ltr'>quod</span> <span class='ocrx_word' id='word_1_267' title='bbox 687 1320 752 1341; x_wconf 91' lang='lat' dir='ltr'>non</span> <span class='ocrx_word' id='word_1_268' title='bbox 771 1317 817 1341; x_wconf 92' lang='lat' dir='ltr'>est</span> <span class='ocrx_word' id='word_1_269' title='bbox 840 1310 891 1341; x_wconf 93' lang='lat' dir='ltr'>hic</span> <span class='ocrx_word' id='word_1_270' title='bbox 915 1310 1090 1341; x_wconf 86' lang='lat' dir='ltr'>differentia</span> <span class='ocrx_word' id='word_1_271' title='bbox 1107 1310 1286 1340; x_wconf 91' lang='lat' dir='ltr'>secundum</span> <span class='ocrx_word' id='word_1_272' title='bbox 1302 1319 1354 1349; x_wconf 87' lang='lat' dir='ltr'>ge-</span> 
     </span>
     <span class='ocr_line' id='line_1_52' title="bbox 280 1354 1356 1395; baseline -0.001 -10"><span class='ocrx_word' id='word_1_273' title='bbox 280 1365 340 1385; x_wconf 92' lang='lat' dir='ltr'>nus</span> <span class='ocrx_word' id='word_1_274' title='bbox 365 1355 488 1395; x_wconf 90' lang='lat' dir='ltr'>operis:</span> <span class='ocrx_word' id='word_1_275' title='bbox 524 1356 578 1385; x_wconf 91' lang='lat' dir='ltr'>sed</span> <span class='ocrx_word' id='word_1_276' title='bbox 609 1356 788 1386; x_wconf 89' lang='lat' dir='ltr'>secundum</span> <span class='ocrx_word' id='word_1_277' title='bbox 812 1356 948 1386; x_wconf 89' lang='lat' dir='ltr'>modurn</span> <span class='ocrx_word' id='word_1_278' title='bbox 974 1354 1113 1385; x_wconf 89' lang='lat' dir='ltr'>habendi</span> <span class='ocrx_word' id='word_1_279' title='bbox 1137 1362 1168 1386; x_wconf 93' lang='lat' dir='ltr'>et</span> <span class='ocrx_word' id='word_1_280' title='bbox 1191 1354 1356 1385; x_wconf 87' lang='lat' dir='ltr'>exercendi</span> 
     </span>
     <span class='ocr_line' id='line_1_53' title="bbox 279 1399 1356 1440; baseline -0.001 -10"><span class='ocrx_word' id='word_1_281' title='bbox 279 1399 368 1431; x_wconf 87' lang='lat' dir='ltr'>illud.</span> <span class='ocrx_word' id='word_1_282' title='bbox 401 1400 495 1430; x_wconf 88' lang='lat' dir='ltr'>Tunc</span> <span class='ocrx_word' id='word_1_283' title='bbox 519 1399 573 1431; x_wconf 92' lang='lat' dir='ltr'>sic.</span> <span class='ocrx_word' id='word_1_284' title='bbox 603 1400 697 1440; x_wconf 91' lang='lat' dir='ltr'>Opus</span> <span class='ocrx_word' id='word_1_285' title='bbox 721 1400 820 1431; x_wconf 89' lang='lat' dir='ltr'>curati</span> <span class='ocrx_word' id='word_1_286' title='bbox 845 1400 1023 1430; x_wconf 87' lang='lat' dir='ltr'>secundum</span> <span class='ocrx_word' id='word_1_287' title='bbox 1046 1409 1148 1440; x_wconf 84' lang='lat' dir='ltr'>genus</span> <span class='ocrx_word' id='word_1_288' title='bbox 1172 1399 1278 1440; x_wconf 89' lang='lat' dir='ltr'>operis</span> <span class='ocrx_word' id='word_1_289' title='bbox 1310 1406 1356 1430; x_wconf 90' lang='lat' dir='ltr'>est</span> 
     </span>
     <span class='ocr_line' id='line_1_54' title="bbox 280 1444 1356 1485; baseline 0 -11"><span class='ocrx_word' id='word_1_290' title='bbox 280 1445 366 1475; x_wconf 90' lang='lat' dir='ltr'>idem</span> <span class='ocrx_word' id='word_1_291' title='bbox 391 1455 465 1475; x_wconf 91' lang='lat' dir='ltr'>cum</span> <span class='ocrx_word' id='word_1_292' title='bbox 490 1454 586 1485; x_wconf 92' lang='lat' dir='ltr'>opere</span> <span class='ocrx_word' id='word_1_293' title='bbox 610 1444 763 1485; x_wconf 88' lang='lat' dir='ltr'>episcopi.</span> <span class='ocrx_word' id='word_1_294' title='bbox 797 1445 882 1484; x_wconf 88' lang='lat' dir='ltr'>Ergo</span> <span class='ocrx_word' id='word_1_295' title='bbox 906 1451 953 1475; x_wconf 91' lang='lat' dir='ltr'>est</span> <span class='ocrx_word' id='word_1_296' title='bbox 983 1445 1153 1485; x_wconf 88' lang='lat' dir='ltr'>perfectius</span> <span class='ocrx_word' id='word_1_297' title='bbox 1178 1444 1356 1475; x_wconf 92' lang='lat' dir='ltr'>secundum</span> 
     </span>
     <span class='ocr_line' id='line_1_55' title="bbox 280 1489 1356 1530; baseline 0 -10"><span class='ocrx_word' id='word_1_298' title='bbox 280 1499 380 1530; x_wconf 89' lang='lat' dir='ltr'>genus</span> <span class='ocrx_word' id='word_1_299' title='bbox 405 1489 510 1529; x_wconf 88' lang='lat' dir='ltr'>operis</span> <span class='ocrx_word' id='word_1_300' title='bbox 540 1499 639 1530; x_wconf 87' lang='lat' dir='ltr'>quam</span> <span class='ocrx_word' id='word_1_301' title='bbox 663 1500 746 1530; x_wconf 92' lang='lat' dir='ltr'>opus</span> <span class='ocrx_word' id='word_1_302' title='bbox 770 1489 966 1530; x_wconf 86' lang='lat' dir='ltr'>religiosum.</span> <span class='ocrx_word' id='word_1_303' title='bbox 991 1508 1012 1513; x_wconf 96' lang='lat'>—</span> <span class='ocrx_word' id='word_1_304' title='bbox 1036 1490 1193 1520; x_wconf 84' lang='lat' dir='ltr'>Probatur</span> <span class='ocrx_word' id='word_1_305' title='bbox 1217 1489 1356 1530; x_wconf 88' lang='lat' dir='ltr'>sequela.</span> 
     </span>
     <span class='ocr_line' id='line_1_56' title="bbox 281 1533 1357 1575; baseline 0 -11"><span class='ocrx_word' id='word_1_306' title='bbox 281 1534 365 1572; x_wconf 83' lang='lat' dir='ltr'>Quia</span> <span class='ocrx_word' id='word_1_307' title='bbox 390 1544 474 1574; x_wconf 88' lang='lat' dir='ltr'>opus</span> <span class='ocrx_word' id='word_1_308' title='bbox 497 1534 638 1574; x_wconf 86' lang='lat' dir='ltr'>episcopi</span> <span class='ocrx_word' id='word_1_309' title='bbox 664 1535 841 1571; x_wconf 87' lang='lat' dir='ltr'>secundum</span> <span class='ocrx_word' id='word_1_310' title='bbox 865 1543 966 1574; x_wconf 88' lang='lat' dir='ltr'>genus</span> <span class='ocrx_word' id='word_1_311' title='bbox 985 1534 1091 1575; x_wconf 89' lang='lat' dir='ltr'>operis</span> <span class='ocrx_word' id='word_1_312' title='bbox 1116 1542 1162 1565; x_wconf 92' lang='lat' dir='ltr'>est</span> <span class='ocrx_word' id='word_1_313' title='bbox 1186 1533 1357 1574; x_wconf 86' lang='lat' dir='ltr'>perfectius</span> 
     </span>
     <span class='ocr_line' id='line_1_57' title="bbox 282 1579 562 1619; baseline -0.004 -10"><span class='ocrx_word' id='word_1_314' title='bbox 282 1589 378 1619; x_wconf 89' lang='lat' dir='ltr'>opere</span> <span class='ocrx_word' id='word_1_315' title='bbox 403 1579 562 1619; x_wconf 89' lang='lat' dir='ltr'>religioso.</span> 
     </span>
    </p>

    <p class='ocr_par' dir='ltr' id='par_1_21' title="bbox 281 1623 1358 1978">
     <span class='ocr_line' id='line_1_58' title="bbox 337 1623 1356 1661; baseline -0.002 -7"><span class='ocrx_word' id='word_1_316' title='bbox 337 1623 378 1653; x_wconf 90' lang='lat' dir='ltr'>Et</span> <span class='ocrx_word' id='word_1_317' title='bbox 401 1623 617 1654; x_wconf 90' lang='lat' dir='ltr'>confirmatur.</span> <span class='ocrx_word' id='word_1_318' title='bbox 643 1623 727 1661; x_wconf 90' lang='lat' dir='ltr'>Quia</span> <span class='ocrx_word' id='word_1_319' title='bbox 751 1624 837 1654; x_wconf 87' lang='lat' dir='ltr'>iuxta</span> <span class='ocrx_word' id='word_1_320' title='bbox 853 1624 1058 1655; x_wconf 88' lang='lat' dir='ltr'>Dominicam</span> <span class='ocrx_word' id='word_1_321' title='bbox 1074 1623 1263 1655; x_wconf 86' lang='lat' dir='ltr'>sententiam</span> <span class='ocrx_word' id='word_1_322' title='bbox 1279 1623 1306 1659; x_wconf 91' lang='lat'>*,</span> <span class='ocrx_word' id='word_1_323' title='bbox 1324 1623 1356 1653; x_wconf 93' lang='lat' dir='ltr'>in</span> 
     </span>
     <span class='ocr_line' id='line_1_59' title="bbox 281 1667 1358 1708; baseline 0 -10"><span class='ocrx_word' id='word_1_324' title='bbox 281 1667 338 1698; x_wconf 85' lang='lat' dir='ltr'>tria</span> <span class='ocrx_word' id='word_1_325' title='bbox 355 1678 469 1707; x_wconf 89' lang='lat' dir='ltr'>genera</span> <span class='ocrx_word' id='word_1_326' title='bbox 486 1668 658 1698; x_wconf 91' lang='lat' dir='ltr'>hominum</span> <span class='ocrx_word' id='word_1_327' title='bbox 675 1668 819 1698; x_wconf 86' lang='lat' dir='ltr'>universa</span> <span class='ocrx_word' id='word_1_328' title='bbox 835 1668 1038 1708; x_wconf 87' lang='lat' dir='ltr'>distinguitur</span> <span class='ocrx_word' id='word_1_329' title='bbox 1060 1668 1213 1699; x_wconf 84' lang='lat' dir='ltr'>Ecclesia:</span> <span class='ocrx_word' id='word_1_330' title='bbox 1240 1667 1358 1698; x_wconf 88' lang='lat' dir='ltr'>scilicet</span> 
     </span>
     <span class='ocr_line' id='line_1_60' title="bbox 281 1712 1356 1753; baseline -0.001 -10"><span class='ocrx_word' id='word_1_331' title='bbox 281 1713 467 1743; x_wconf 87' lang='lat' dir='ltr'>molentium</span> <span class='ocrx_word' id='word_1_332' title='bbox 493 1713 525 1742; x_wconf 85' lang='lat' dir='ltr'>in</span> <span class='ocrx_word' id='word_1_333' title='bbox 546 1713 643 1750; x_wconf 85' lang='lat' dir='ltr'>mola,</span> <span class='ocrx_word' id='word_1_334' title='bbox 668 1714 898 1753; x_wconf 81' lang='lat' dir='ltr'>quiescentium</span> <span class='ocrx_word' id='word_1_335' title='bbox 916 1714 947 1743; x_wconf 89' lang='lat' dir='ltr'>in</span> <span class='ocrx_word' id='word_1_336' title='bbox 966 1714 1058 1750; x_wconf 87' lang='lat' dir='ltr'>lecto,</span> <span class='ocrx_word' id='word_1_337' title='bbox 1083 1720 1114 1743; x_wconf 92' lang='lat' dir='ltr'>et</span> <span class='ocrx_word' id='word_1_338' title='bbox 1137 1712 1356 1744; x_wconf 84' lang='lat' dir='ltr'>laborantium</span> 
     </span>
     <span class='ocr_line' id='line_1_61' title="bbox 281 1756 1357 1798; baseline 0 -11"><span class='ocrx_word' id='word_1_339' title='bbox 281 1759 313 1787; x_wconf 94' lang='lat' dir='ltr'>in</span> <span class='ocrx_word' id='word_1_340' title='bbox 338 1767 432 1798; x_wconf 80' lang='lat' dir='ltr'>agro.</span> <span class='ocrx_word' id='word_1_341' title='bbox 472 1756 608 1787; x_wconf 88' lang='lat' dir='ltr'>Constat</span> <span class='ocrx_word' id='word_1_342' title='bbox 642 1764 750 1787; x_wconf 87' lang='lat' dir='ltr'>autem</span> <span class='ocrx_word' id='word_1_343' title='bbox 780 1758 838 1788; x_wconf 93' lang='lat' dir='ltr'>sub</span> <span class='ocrx_word' id='word_1_344' title='bbox 863 1758 956 1788; x_wconf 92' lang='lat' dir='ltr'>tertio</span> <span class='ocrx_word' id='word_1_345' title='bbox 980 1767 1094 1797; x_wconf 84' lang='lat' dir='ltr'>genere</span> <span class='ocrx_word' id='word_1_346' title='bbox 1119 1757 1224 1797; x_wconf 92' lang='lat' dir='ltr'>operis</span> <span class='ocrx_word' id='word_1_347' title='bbox 1256 1757 1357 1789; x_wconf 90' lang='lat' dir='ltr'>conti-</span> 
     </span>
     <span class='ocr_line' id='line_1_62' title="bbox 282 1801 1356 1844; baseline -0.001 -12"><span class='ocrx_word' id='word_1_348' title='bbox 282 1801 346 1832; x_wconf 89' lang='lat' dir='ltr'>neri</span> <span class='ocrx_word' id='word_1_349' title='bbox 371 1809 437 1832; x_wconf 92' lang='lat' dir='ltr'>tam</span> <span class='ocrx_word' id='word_1_350' title='bbox 461 1801 630 1842; x_wconf 91' lang='lat' dir='ltr'>episcopos</span> <span class='ocrx_word' id='word_1_351' title='bbox 654 1812 753 1842; x_wconf 86' lang='lat' dir='ltr'>quam</span> <span class='ocrx_word' id='word_1_352' title='bbox 770 1809 907 1839; x_wconf 90' lang='lat' dir='ltr'>curatos,</span> <span class='ocrx_word' id='word_1_353' title='bbox 924 1802 980 1844; x_wconf 92' lang='lat' dir='ltr'>qui</span> <span class='ocrx_word' id='word_1_354' title='bbox 999 1802 1145 1832; x_wconf 87' lang='lat' dir='ltr'>laborant</span> <span class='ocrx_word' id='word_1_355' title='bbox 1160 1802 1198 1831; x_wconf 89' lang='lat' dir='ltr'>ad</span> <span class='ocrx_word' id='word_1_356' title='bbox 1217 1801 1356 1834; x_wconf 89' lang='lat' dir='ltr'>fructum</span> 
     </span>
     <span class='ocr_line' id='line_1_63' title="bbox 281 1845 1357 1887; baseline 0 -11"><span class='ocrx_word' id='word_1_357' title='bbox 281 1847 472 1877; x_wconf 85' lang='lat' dir='ltr'>animarum.</span> <span class='ocrx_word' id='word_1_358' title='bbox 503 1846 614 1876; x_wconf 94' lang='lat' dir='ltr'>Unum</span> <span class='ocrx_word' id='word_1_359' title='bbox 638 1856 714 1886; x_wconf 90' lang='lat' dir='ltr'>ergo</span> <span class='ocrx_word' id='word_1_360' title='bbox 739 1853 770 1877; x_wconf 89' lang='lat' dir='ltr'>et</span> <span class='ocrx_word' id='word_1_361' title='bbox 792 1847 878 1877; x_wconf 92' lang='lat' dir='ltr'>idem</span> <span class='ocrx_word' id='word_1_362' title='bbox 903 1854 949 1878; x_wconf 93' lang='lat' dir='ltr'>est</span> <span class='ocrx_word' id='word_1_363' title='bbox 972 1857 1073 1887; x_wconf 90' lang='lat' dir='ltr'>genus</span> <span class='ocrx_word' id='word_1_364' title='bbox 1098 1845 1204 1887; x_wconf 87' lang='lat' dir='ltr'>operis</span> <span class='ocrx_word' id='word_1_365' title='bbox 1234 1847 1267 1877; x_wconf 89' lang='lat' dir='ltr'>in</span> <span class='ocrx_word' id='word_1_366' title='bbox 1291 1846 1357 1887; x_wconf 92' lang='lat' dir='ltr'>epi-</span> 
     </span>
     <span class='ocr_line' id='line_1_64' title="bbox 281 1890 1358 1933; baseline 0 -12"><span class='ocrx_word' id='word_1_367' title='bbox 281 1891 385 1931; x_wconf 88' lang='lat' dir='ltr'>scopis</span> <span class='ocrx_word' id='word_1_368' title='bbox 410 1898 439 1922; x_wconf 92' lang='lat' dir='ltr'>et</span> <span class='ocrx_word' id='word_1_369' title='bbox 456 1890 581 1921; x_wconf 88' lang='lat' dir='ltr'>curatis.</span> <span class='ocrx_word' id='word_1_370' title='bbox 605 1891 691 1931; x_wconf 88' lang='lat' dir='ltr'>Ergo</span> <span class='ocrx_word' id='word_1_371' title='bbox 716 1899 762 1923; x_wconf 90' lang='lat' dir='ltr'>est</span> <span class='ocrx_word' id='word_1_372' title='bbox 786 1892 955 1932; x_wconf 88' lang='lat' dir='ltr'>perfectius</span> <span class='ocrx_word' id='word_1_373' title='bbox 972 1891 1120 1931; x_wconf 88' lang='lat' dir='ltr'>religioso</span> <span class='ocrx_word' id='word_1_374' title='bbox 1136 1901 1242 1931; x_wconf 87' lang='lat' dir='ltr'>opere,</span> <span class='ocrx_word' id='word_1_375' title='bbox 1268 1892 1358 1933; x_wconf 92' lang='lat' dir='ltr'>quod</span> 
     </span>
     <span class='ocr_line' id='line_1_65' title="bbox 282 1935 1357 1978; baseline 0.003 -13"><span class='ocrx_word' id='word_1_376' title='bbox 282 1946 337 1976; x_wconf 88' lang='lat' dir='ltr'>per</span> <span class='ocrx_word' id='word_1_377' title='bbox 353 1935 424 1966; x_wconf 89' lang='lat' dir='ltr'>lecti</span> <span class='ocrx_word' id='word_1_378' title='bbox 441 1935 583 1976; x_wconf 91' lang='lat' dir='ltr'>quietem</span> <span class='ocrx_word' id='word_1_379' title='bbox 599 1935 802 1975; x_wconf 85' lang='lat' dir='ltr'>significatur.</span> <span class='ocrx_word' id='word_1_380' title='bbox 830 1955 845 1959; x_wconf 98' lang='lat'><em>-</em></span> <span class='ocrx_word' id='word_1_381' title='bbox 870 1937 911 1967; x_wconf 90' lang='lat' dir='ltr'>Et</span> <span class='ocrx_word' id='word_1_382' title='bbox 939 1944 1024 1977; x_wconf 89' lang='lat' dir='ltr'>patet</span> <span class='ocrx_word' id='word_1_383' title='bbox 1048 1936 1176 1978; x_wconf 82' lang='lat' dir='ltr'>sequela</span> <span class='ocrx_word' id='word_1_384' title='bbox 1198 1943 1234 1967; x_wconf 93' lang='lat' dir='ltr'>ut</span> <span class='ocrx_word' id='word_1_385' title='bbox 1258 1936 1357 1977; x_wconf 74' lang='lat' dir='ltr'>prius-</span> 
     </span>
    </p>

    <p class='ocr_par' dir='ltr' id='par_1_22' title="bbox 281 1980 1361 2292">
     <span class='ocr_line' id='line_1_66' title="bbox 337 1980 1358 2016; baseline 0.002 -6"><span class='ocrx_word' id='word_1_386' title='bbox 337 1981 515 2016; x_wconf 81' lang='lat' dir='ltr'>Praeterea,</span> <span class='ocrx_word' id='word_1_387' title='bbox 541 1980 640 2011; x_wconf 88' lang='lat' dir='ltr'>curati</span> <span class='ocrx_word' id='word_1_388' title='bbox 671 1988 745 2012; x_wconf 90' lang='lat' dir='ltr'>sunt</span> <span class='ocrx_word' id='word_1_389' title='bbox 770 1981 802 2011; x_wconf 91' lang='lat' dir='ltr'>in</span> <span class='ocrx_word' id='word_1_390' title='bbox 826 1988 909 2012; x_wconf 91' lang='lat' dir='ltr'>statu</span> <span class='ocrx_word' id='word_1_391' title='bbox 940 1992 996 2012; x_wconf 89' lang='lat' dir='ltr'>seu</span> <span class='ocrx_word' id='word_1_392' title='bbox 1021 1981 1052 2011; x_wconf 91' lang='lat' dir='ltr'>in</span> <span class='ocrx_word' id='word_1_393' title='bbox 1078 1981 1184 2012; x_wconf 87' lang='lat' dir='ltr'>officio</span> <span class='ocrx_word' id='word_1_394' title='bbox 1214 1981 1358 2013; x_wconf 88' lang='lat' dir='ltr'>ecclesia-</span> 
     </span>
     <span class='ocr_line' id='line_1_67' title="bbox 281 2024 1358 2067; baseline 0.001 -12"><span class='ocrx_word' id='word_1_395' title='bbox 281 2025 360 2056; x_wconf 91' lang='lat' dir='ltr'>stico</span> <span class='ocrx_word' id='word_1_396' title='bbox 377 2032 413 2056; x_wconf 93' lang='lat' dir='ltr'>ut</span> <span class='ocrx_word' id='word_1_397' title='bbox 429 2024 629 2065; x_wconf 80' lang='lat' dir='ltr'>perfectores,</span> <span class='ocrx_word' id='word_1_398' title='bbox 655 2025 807 2065; x_wconf 79' lang='lat' dir='ltr'>Religiosi</span> <span class='ocrx_word' id='word_1_399' title='bbox 827 2033 902 2057; x_wconf 89' lang='lat' dir='ltr'>sunt</span> <span class='ocrx_word' id='word_1_400' title='bbox 922 2033 958 2057; x_wconf 93' lang='lat' dir='ltr'>ut</span> <span class='ocrx_word' id='word_1_401' title='bbox 973 2026 1113 2067; x_wconf 90' lang='lat' dir='ltr'>perfecti.</span> <span class='ocrx_word' id='word_1_402' title='bbox 1138 2026 1223 2067; x_wconf 86' lang='lat' dir='ltr'>Ergo</span> <span class='ocrx_word' id='word_1_403' title='bbox 1249 2026 1358 2063; x_wconf 88' lang='lat' dir='ltr'>curati,</span> 
     </span>
     <span class='ocr_line' id='line_1_68' title="bbox 281 2070 1359 2112; baseline 0.002 -12"><span class='ocrx_word' id='word_1_404' title='bbox 281 2070 459 2101; x_wconf 90' lang='lat' dir='ltr'>secundum</span> <span class='ocrx_word' id='word_1_405' title='bbox 482 2079 583 2110; x_wconf 89' lang='lat' dir='ltr'>genus</span> <span class='ocrx_word' id='word_1_406' title='bbox 607 2070 722 2110; x_wconf 86' lang='lat' dir='ltr'>operis,</span> <span class='ocrx_word' id='word_1_407' title='bbox 740 2077 816 2101; x_wconf 90' lang='lat' dir='ltr'>sunt</span> <span class='ocrx_word' id='word_1_408' title='bbox 831 2071 1033 2112; x_wconf 86' lang='lat' dir='ltr'>perfectiores</span> <span class='ocrx_word' id='word_1_409' title='bbox 1049 2081 1148 2112; x_wconf 88' lang='lat' dir='ltr'>quam</span> <span class='ocrx_word' id='word_1_410' title='bbox 1169 2071 1317 2111; x_wconf 84' lang='lat' dir='ltr'>religiosi.</span> <span class='ocrx_word' id='word_1_411' title='bbox 1338 2089 1359 2095; x_wconf 88' lang='lat'>-</span> 
     </span>
     <span class='ocr_line' id='line_1_69' title="bbox 282 2115 1359 2158; baseline 0.001 -13"><span class='ocrx_word' id='word_1_412' title='bbox 282 2115 481 2145; x_wconf 89' lang='lat' dir='ltr'>Antecedens</span> <span class='ocrx_word' id='word_1_413' title='bbox 512 2115 674 2155; x_wconf 90' lang='lat' dir='ltr'>probatur.</span> <span class='ocrx_word' id='word_1_414' title='bbox 712 2115 878 2152; x_wconf 86' lang='lat' dir='ltr'>Quoniam</span> <span class='ocrx_word' id='word_1_415' title='bbox 908 2115 1035 2147; x_wconf 89' lang='lat' dir='ltr'>infitiari</span> <span class='ocrx_word' id='word_1_416' title='bbox 1060 2126 1126 2147; x_wconf 91' lang='lat' dir='ltr'>non</span> <span class='ocrx_word' id='word_1_417' title='bbox 1151 2123 1257 2157; x_wconf 91' lang='lat' dir='ltr'>potest</span> <span class='ocrx_word' id='word_1_418' title='bbox 1280 2117 1359 2158; x_wconf 93' lang='lat' dir='ltr'>quin</span> 
     </span>
     <span class='ocr_line' id='line_1_70' title="bbox 283 2159 1359 2202; baseline 0.002 -12"><span class='ocrx_word' id='word_1_419' title='bbox 283 2159 381 2190; x_wconf 88' lang='lat' dir='ltr'>curati</span> <span class='ocrx_word' id='word_1_420' title='bbox 406 2159 556 2190; x_wconf 88' lang='lat' dir='ltr'>officiales</span> <span class='ocrx_word' id='word_1_421' title='bbox 580 2159 642 2190; x_wconf 90' lang='lat' dir='ltr'>sint</span> <span class='ocrx_word' id='word_1_422' title='bbox 666 2159 837 2200; x_wconf 89' lang='lat' dir='ltr'>perfectivi.</span> <span class='ocrx_word' id='word_1_423' title='bbox 863 2161 945 2192; x_wconf 90' lang='lat' dir='ltr'>Sunt</span> <span class='ocrx_word' id='word_1_424' title='bbox 969 2171 1044 2201; x_wconf 87' lang='lat' dir='ltr'>ergo</span> <span class='ocrx_word' id='word_1_425' title='bbox 1069 2161 1107 2192; x_wconf 87' lang='lat' dir='ltr'>de</span> <span class='ocrx_word' id='word_1_426' title='bbox 1123 2161 1235 2192; x_wconf 88' lang='lat' dir='ltr'>ordine</span> <span class='ocrx_word' id='word_1_427' title='bbox 1258 2161 1359 2202; x_wconf 89' lang='lat' dir='ltr'>perfe-</span> 
     </span>
     <span class='ocr_line' id='line_1_71' title="bbox 283 2204 1361 2246; baseline 0.003 -11"><span class='ocrx_word' id='word_1_428' title='bbox 283 2204 422 2236; x_wconf 89' lang='lat' dir='ltr'>ctionem</span> <span class='ocrx_word' id='word_1_429' title='bbox 439 2204 634 2235; x_wconf 78' lang='lat' dir='ltr'>facientium.</span> <span class='ocrx_word' id='word_1_430' title='bbox 652 2205 751 2242; x_wconf 91' lang='lat' dir='ltr'>Quod</span> <span class='ocrx_word' id='word_1_431' title='bbox 764 2205 920 2245; x_wconf 86' lang='lat' dir='ltr'>significat</span> <span class='ocrx_word' id='word_1_432' title='bbox 936 2215 1002 2236; x_wconf 91' lang='lat' dir='ltr'>esse</span> <span class='ocrx_word' id='word_1_433' title='bbox 1020 2206 1221 2246; x_wconf 88' lang='lat' dir='ltr'>perfectores.</span> <span class='ocrx_word' id='word_1_434' title='bbox 1237 2224 1257 2229; x_wconf 97' lang='lat'><em>-</em></span> <span class='ocrx_word' id='word_1_435' title='bbox 1275 2206 1361 2238; x_wconf 93' lang='lat' dir='ltr'>Con-</span> 
     </span>
     <span class='ocr_line' id='line_1_72' title="bbox 284 2249 1361 2292; baseline 0.003 -13"><span class='ocrx_word' id='word_1_436' title='bbox 284 2249 448 2290; x_wconf 83' lang='lat' dir='ltr'>sequentia</span> <span class='ocrx_word' id='word_1_437' title='bbox 472 2249 553 2279; x_wconf 88' lang='lat' dir='ltr'>clara</span> <span class='ocrx_word' id='word_1_438' title='bbox 577 2256 633 2280; x_wconf 90' lang='lat' dir='ltr'>est.</span> <span class='ocrx_word' id='word_1_439' title='bbox 665 2249 831 2287; x_wconf 81' lang='lat' dir='ltr'>Quoniam</span> <span class='ocrx_word' id='word_1_440' title='bbox 855 2260 958 2292; x_wconf 81' lang='lat' dir='ltr'>agens</span> <span class='ocrx_word' id='word_1_441' title='bbox 985 2260 1112 2291; x_wconf 81' lang='lat' dir='ltr'>semper</span> <span class='ocrx_word' id='word_1_442' title='bbox 1135 2252 1361 2292; x_wconf 80' lang='lat' dir='ltr'>praestantius</span> 
     </span>
    </p>
   </div>
   <div class='ocr_carea' id='block_1_19' title="bbox 1377 345 1390 2367">
    <p class='ocr_par' dir='ltr' id='par_1_23' title="bbox 1377 345 1390 2367">
     <span class='ocr_line' id='line_1_73' title="bbox 1377 345 1390 2367; baseline 0 0"><span class='ocrx_word' id='word_1_443' title='bbox 1377 345 1390 2367; x_wconf 95' lang='lat' dir='ltr'> </span> 
     </span>
    </p>
   </div>
   <div class='ocr_carea' id='block_1_20' title="bbox 284 2293 1366 3671">
    <p class='ocr_par' dir='ltr' id='par_1_24' title="bbox 284 2293 1266 2336">
     <span class='ocr_line' id='line_1_74' title="bbox 284 2293 1266 2336; baseline 0.002 -12"><span class='ocrx_word' id='word_1_444' title='bbox 284 2299 331 2324; x_wconf 83' lang='lat' dir='ltr'>est</span> <span class='ocrx_word' id='word_1_445' title='bbox 348 2295 493 2333; x_wconf 84' lang='lat' dir='ltr'>patiente</span> <span class='ocrx_word' id='word_1_446' title='bbox 507 2293 540 2323; x_wconf 74' lang='grc' dir='ltr'>*ι</span> <span class='ocrx_word' id='word_1_447' title='bbox 566 2300 597 2324; x_wconf 90' lang='lat' dir='ltr'>et</span> <span class='ocrx_word' id='word_1_448' title='bbox 620 2293 770 2334; x_wconf 88' lang='lat' dir='ltr'>perficere</span> <span class='ocrx_word' id='word_1_449' title='bbox 794 2294 932 2325; x_wconf 89' lang='lat' dir='ltr'>divinius</span> <span class='ocrx_word' id='word_1_450' title='bbox 957 2302 1003 2325; x_wconf 90' lang='lat' dir='ltr'>est</span> <span class='ocrx_word' id='word_1_451' title='bbox 1026 2305 1124 2336; x_wconf 89' lang='lat' dir='ltr'>quam</span> <span class='ocrx_word' id='word_1_452' title='bbox 1149 2295 1266 2336; x_wconf 87' lang='lat' dir='ltr'>perfici.</span> 
     </span>
    </p>

    <p class='ocr_par' dir='ltr' id='par_1_25' title="bbox 284 2338 1363 2592">
     <span class='ocr_line' id='line_1_75' title="bbox 339 2338 1362 2381; baseline 0.003 -13"><span class='ocrx_word' id='word_1_453' title='bbox 339 2338 379 2369; x_wconf 90' lang='lat' dir='ltr'>V.</span> <span class='ocrx_word' id='word_1_454' title='bbox 404 2338 455 2368; x_wconf 88' lang='lat' dir='ltr'>Ad</span> <span class='ocrx_word' id='word_1_455' title='bbox 479 2338 597 2368; x_wconf 90' lang='lat' dir='ltr'>horum</span> <span class='ocrx_word' id='word_1_456' title='bbox 622 2338 831 2375; x_wconf 86' lang='lat' dir='ltr'>evidentiam,</span> <span class='ocrx_word' id='word_1_457' title='bbox 861 2339 1026 2370; x_wconf 88' lang='lat' dir='ltr'>sciendum</span> <span class='ocrx_word' id='word_1_458' title='bbox 1052 2346 1098 2370; x_wconf 91' lang='lat' dir='ltr'>est</span> <span class='ocrx_word' id='word_1_459' title='bbox 1125 2340 1214 2381; x_wconf 91' lang='lat' dir='ltr'>quod</span> <span class='ocrx_word' id='word_1_460' title='bbox 1238 2341 1362 2371; x_wconf 91' lang='lat' dir='ltr'>Auctor</span> 
     </span>
     <span class='ocr_line' id='line_1_76' title="bbox 285 2382 1361 2425; baseline 0.003 -13"><span class='ocrx_word' id='word_1_461' title='bbox 285 2382 351 2413; x_wconf 93' lang='lat' dir='ltr'>duo</span> <span class='ocrx_word' id='word_1_462' title='bbox 376 2383 414 2413; x_wconf 84' lang='lat' dir='ltr'>de</span> <span class='ocrx_word' id='word_1_463' title='bbox 439 2382 553 2413; x_wconf 81' lang='lat' dir='ltr'>curatis</span> <span class='ocrx_word' id='word_1_464' title='bbox 577 2382 670 2413; x_wconf 89' lang='lat' dir='ltr'>dicit:</span> <span class='ocrx_word' id='word_1_465' title='bbox 702 2383 820 2414; x_wconf 90' lang='lat' dir='ltr'>scilicet</span> <span class='ocrx_word' id='word_1_466' title='bbox 843 2384 932 2424; x_wconf 90' lang='lat' dir='ltr'>quod</span> <span class='ocrx_word' id='word_1_467' title='bbox 957 2395 1022 2415; x_wconf 91' lang='lat' dir='ltr'>non</span> <span class='ocrx_word' id='word_1_468' title='bbox 1047 2384 1280 2425; x_wconf 85' lang='lat' dir='ltr'>principaliter,</span> <span class='ocrx_word' id='word_1_469' title='bbox 1306 2384 1361 2415; x_wconf 91' lang='lat' dir='ltr'>sed</span> 
     </span>
     <span class='ocr_line' id='line_1_77' title="bbox 285 2427 1363 2470; baseline 0.003 -13"><span class='ocrx_word' id='word_1_470' title='bbox 285 2427 473 2458; x_wconf 86' lang='lat' dir='ltr'>secundario</span> <span class='ocrx_word' id='word_1_471' title='bbox 494 2427 611 2457; x_wconf 89' lang='lat' dir='ltr'>habent</span> <span class='ocrx_word' id='word_1_472' title='bbox 635 2437 743 2458; x_wconf 86' lang='lat' dir='ltr'>curam</span> <span class='ocrx_word' id='word_1_473' title='bbox 766 2428 962 2467; x_wconf 78' lang='lat' dir='ltr'>animarum3</span> <span class='ocrx_word' id='word_1_474' title='bbox 987 2435 1018 2460; x_wconf 91' lang='lat' dir='ltr'>et</span> <span class='ocrx_word' id='word_1_475' title='bbox 1041 2429 1131 2470; x_wconf 92' lang='lat' dir='ltr'>quod</span> <span class='ocrx_word' id='word_1_476' title='bbox 1155 2439 1220 2460; x_wconf 89' lang='lat' dir='ltr'>non</span> <span class='ocrx_word' id='word_1_477' title='bbox 1245 2429 1363 2460; x_wconf 88' lang='lat' dir='ltr'>habent</span> 
     </span>
     <span class='ocr_line' id='line_1_78' title="bbox 286 2471 1361 2515; baseline 0.002 -13"><span class='ocrx_word' id='word_1_478' title='bbox 286 2471 494 2512; x_wconf 85' lang='lat' dir='ltr'>principalem</span> <span class='ocrx_word' id='word_1_479' title='bbox 519 2481 628 2502; x_wconf 87' lang='lat' dir='ltr'>curam</span> <span class='ocrx_word' id='word_1_480' title='bbox 652 2472 833 2503; x_wconf 78' lang='lat' dir='ltr'>animarum</span> <span class='ocrx_word' id='word_1_481' title='bbox 849 2473 876 2504; x_wconf 84' lang='lat'>*.</span> <span class='ocrx_word' id='word_1_482' title='bbox 911 2474 952 2504; x_wconf 91' lang='lat' dir='ltr'>Et</span> <span class='ocrx_word' id='word_1_483' title='bbox 975 2474 1131 2515; x_wconf 88' lang='lat' dir='ltr'>quoniam</span> <span class='ocrx_word' id='word_1_484' title='bbox 1156 2485 1194 2506; x_wconf 90' lang='lat' dir='ltr'>ex</span> <span class='ocrx_word' id='word_1_485' title='bbox 1217 2474 1266 2505; x_wconf 92' lang='lat' dir='ltr'>his</span> <span class='ocrx_word' id='word_1_486' title='bbox 1290 2473 1361 2504; x_wconf 90' lang='lat' dir='ltr'>uni-</span> 
     </span>
     <span class='ocr_line' id='line_1_79' title="bbox 284 2516 1360 2560; baseline 0.003 -14"><span class='ocrx_word' id='word_1_487' title='bbox 284 2527 373 2547; x_wconf 86' lang='lat' dir='ltr'>versa</span> <span class='ocrx_word' id='word_1_488' title='bbox 403 2516 549 2557; x_wconf 84' lang='lat' dir='ltr'>quaestio</span> <span class='ocrx_word' id='word_1_489' title='bbox 574 2516 708 2557; x_wconf 85' lang='lat' dir='ltr'>pendet,</span> <span class='ocrx_word' id='word_1_490' title='bbox 739 2517 922 2557; x_wconf 88' lang='lat' dir='ltr'>diligentius</span> <span class='ocrx_word' id='word_1_491' title='bbox 950 2525 1125 2560; x_wconf 91' lang='lat' dir='ltr'>utrumque</span> <span class='ocrx_word' id='word_1_492' title='bbox 1154 2518 1360 2550; x_wconf 86' lang='lat' dir='ltr'>manifestan-</span> 
     </span>
     <span class='ocr_line' id='line_1_80' title="bbox 286 2561 445 2592; baseline 0 -1"><span class='ocrx_word' id='word_1_493' title='bbox 286 2561 364 2592; x_wconf 89' lang='lat' dir='ltr'>dum</span> <span class='ocrx_word' id='word_1_494' title='bbox 390 2567 445 2592; x_wconf 88' lang='lat' dir='ltr'>est.</span> 
     </span>
    </p>

    <p class='ocr_par' dir='ltr' id='par_1_26' title="bbox 286 2605 1364 3182">
     <span class='ocr_line' id='line_1_81' title="bbox 342 2605 1362 2649; baseline 0.004 -14"><span class='ocrx_word' id='word_1_495' title='bbox 342 2606 459 2643; x_wconf 84' lang='lat' dir='ltr'>Quoad</span> <span class='ocrx_word' id='word_1_496' title='bbox 483 2605 625 2646; x_wconf 87' lang='lat' dir='ltr'>primurn</span> <span class='ocrx_word' id='word_1_497' title='bbox 648 2606 753 2647; x_wconf 90' lang='lat' dir='ltr'>igitur,</span> <span class='ocrx_word' id='word_1_498' title='bbox 779 2606 857 2638; x_wconf 90' lang='lat' dir='ltr'>scito</span> <span class='ocrx_word' id='word_1_499' title='bbox 877 2607 967 2648; x_wconf 93' lang='lat' dir='ltr'>quod</span> <span class='ocrx_word' id='word_1_500' title='bbox 982 2606 1042 2638; x_wconf 85' lang='lat' dir='ltr'>alia</span> <span class='ocrx_word' id='word_1_501' title='bbox 1059 2613 1106 2638; x_wconf 93' lang='lat' dir='ltr'>est</span> <span class='ocrx_word' id='word_1_502' title='bbox 1120 2608 1280 2639; x_wconf 88' lang='lat' dir='ltr'>distinctio</span> <span class='ocrx_word' id='word_1_503' title='bbox 1298 2618 1362 2649; x_wconf 92' lang='lat' dir='ltr'>qua</span> 
     </span>
     <span class='ocr_line' id='line_1_82' title="bbox 286 2650 1361 2691; baseline 0.003 -11"><span class='ocrx_word' id='word_1_504' title='bbox 286 2650 491 2690; x_wconf 87' lang='lat' dir='ltr'>distinguitur</span> <span class='ocrx_word' id='word_1_505' title='bbox 514 2660 610 2690; x_wconf 87' lang='lat' dir='ltr'>agens</span> <span class='ocrx_word' id='word_1_506' title='bbox 634 2651 666 2681; x_wconf 91' lang='lat' dir='ltr'>in</span> <span class='ocrx_word' id='word_1_507' title='bbox 687 2651 834 2691; x_wconf 85' lang='lat' dir='ltr'>superius</span> <span class='ocrx_word' id='word_1_508' title='bbox 859 2658 889 2683; x_wconf 92' lang='lat' dir='ltr'>et</span> <span class='ocrx_word' id='word_1_509' title='bbox 911 2651 1062 2683; x_wconf 87' lang='lat' dir='ltr'>inferius:</span> <span class='ocrx_word' id='word_1_510' title='bbox 1088 2658 1118 2683; x_wconf 91' lang='lat' dir='ltr'>et</span> <span class='ocrx_word' id='word_1_511' title='bbox 1142 2652 1203 2683; x_wconf 89' lang='lat' dir='ltr'>alia</span> <span class='ocrx_word' id='word_1_512' title='bbox 1225 2659 1272 2683; x_wconf 87' lang='lat' dir='ltr'>est</span> <span class='ocrx_word' id='word_1_513' title='bbox 1299 2653 1361 2683; x_wconf 92' lang='lat' dir='ltr'>dis-</span> 
     </span>
     <span class='ocr_line' id='line_1_83' title="bbox 286 2695 1361 2737; baseline 0.003 -12"><span class='ocrx_word' id='word_1_514' title='bbox 286 2695 396 2726; x_wconf 86' lang='lat' dir='ltr'>tinctio</span> <span class='ocrx_word' id='word_1_515' title='bbox 428 2705 492 2736; x_wconf 91' lang='lat' dir='ltr'>qua</span> <span class='ocrx_word' id='word_1_516' title='bbox 524 2695 729 2735; x_wconf 87' lang='lat' dir='ltr'>distinguitur</span> <span class='ocrx_word' id='word_1_517' title='bbox 759 2705 855 2736; x_wconf 87' lang='lat' dir='ltr'>agens</span> <span class='ocrx_word' id='word_1_518' title='bbox 886 2696 918 2727; x_wconf 91' lang='lat' dir='ltr'>in</span> <span class='ocrx_word' id='word_1_519' title='bbox 950 2696 1124 2737; x_wconf 85' lang='lat' dir='ltr'>principale</span> <span class='ocrx_word' id='word_1_520' title='bbox 1152 2703 1186 2728; x_wconf 87' lang='lat' dir='ltr'>et</span> <span class='ocrx_word' id='word_1_521' title='bbox 1206 2697 1361 2729; x_wconf 87' lang='lat' dir='ltr'>secunda-</span> 
     </span>
     <span class='ocr_line' id='line_1_84' title="bbox 286 2739 1363 2783; baseline 0.003 -13"><span class='ocrx_word' id='word_1_522' title='bbox 286 2739 379 2770; x_wconf 91' lang='lat' dir='ltr'>rium.</span> <span class='ocrx_word' id='word_1_523' title='bbox 411 2740 496 2770; x_wconf 89' lang='lat' dir='ltr'>Nam</span> <span class='ocrx_word' id='word_1_524' title='bbox 525 2739 647 2780; x_wconf 84' lang='lat' dir='ltr'>primae</span> <span class='ocrx_word' id='word_1_525' title='bbox 671 2739 882 2772; x_wconf 89' lang='lat' dir='ltr'>distinctionis</span> <span class='ocrx_word' id='word_1_526' title='bbox 906 2748 1079 2783; x_wconf 91' lang='lat' dir='ltr'>utrumque</span> <span class='ocrx_word' id='word_1_527' title='bbox 1108 2743 1292 2773; x_wconf 89' lang='lat' dir='ltr'>membrum</span> <span class='ocrx_word' id='word_1_528' title='bbox 1316 2749 1363 2774; x_wconf 92' lang='lat' dir='ltr'>est</span> 
     </span>
     <span class='ocr_line' id='line_1_85' title="bbox 286 2784 1362 2828; baseline 0.004 -14"><span class='ocrx_word' id='word_1_529' title='bbox 286 2794 381 2824; x_wconf 87' lang='lat' dir='ltr'>agens</span> <span class='ocrx_word' id='word_1_530' title='bbox 406 2784 589 2825; x_wconf 86' lang='lat' dir='ltr'>principale,</span> <span class='ocrx_word' id='word_1_531' title='bbox 614 2785 733 2816; x_wconf 89' lang='lat' dir='ltr'>scilicet</span> <span class='ocrx_word' id='word_1_532' title='bbox 763 2791 828 2816; x_wconf 86' lang='lat' dir='ltr'>tam</span> <span class='ocrx_word' id='word_1_533' title='bbox 852 2795 948 2826; x_wconf 87' lang='lat' dir='ltr'>agens</span> <span class='ocrx_word' id='word_1_534' title='bbox 971 2787 1119 2826; x_wconf 86' lang='lat' dir='ltr'>superius</span> <span class='ocrx_word' id='word_1_535' title='bbox 1143 2797 1242 2828; x_wconf 89' lang='lat' dir='ltr'>quam</span> <span class='ocrx_word' id='word_1_536' title='bbox 1266 2797 1362 2828; x_wconf 83' lang='lat' dir='ltr'>agens</span> 
     </span>
     <span class='ocr_line' id='line_1_86' title="bbox 286 2828 1362 2872; baseline 0.004 -13"><span class='ocrx_word' id='word_1_537' title='bbox 286 2828 433 2866; x_wconf 86' lang='lat' dir='ltr'>inferius,</span> <span class='ocrx_word' id='word_1_538' title='bbox 459 2829 514 2860; x_wconf 90' lang='lat' dir='ltr'>sed</span> <span class='ocrx_word' id='word_1_539' title='bbox 538 2839 642 2860; x_wconf 90' lang='lat' dir='ltr'>unum</span> <span class='ocrx_word' id='word_1_540' title='bbox 666 2836 712 2860; x_wconf 89' lang='lat' dir='ltr'>est</span> <span class='ocrx_word' id='word_1_541' title='bbox 736 2839 831 2870; x_wconf 89' lang='lat' dir='ltr'>agens</span> <span class='ocrx_word' id='word_1_542' title='bbox 851 2830 1039 2867; x_wconf 88' lang='lat' dir='ltr'>universale,</span> <span class='ocrx_word' id='word_1_543' title='bbox 1064 2831 1151 2862; x_wconf 89' lang='lat' dir='ltr'>aliud</span> <span class='ocrx_word' id='word_1_544' title='bbox 1167 2842 1243 2863; x_wconf 91' lang='lat' dir='ltr'>vero</span> <span class='ocrx_word' id='word_1_545' title='bbox 1267 2831 1362 2872; x_wconf 87' lang='lat' dir='ltr'>parti-</span> 
     </span>
     <span class='ocr_line' id='line_1_87' title="bbox 286 2874 1360 2917; baseline 0.003 -13"><span class='ocrx_word' id='word_1_546' title='bbox 286 2874 407 2910; x_wconf 87' lang='lat' dir='ltr'>culare;</span> <span class='ocrx_word' id='word_1_547' title='bbox 433 2880 469 2904; x_wconf 93' lang='lat' dir='ltr'>ut</span> <span class='ocrx_word' id='word_1_548' title='bbox 492 2884 567 2904; x_wconf 89' lang='lat' dir='ltr'>cum</span> <span class='ocrx_word' id='word_1_549' title='bbox 583 2874 698 2905; x_wconf 91' lang='lat' dir='ltr'>dicitur</span> <span class='ocrx_word' id='word_1_550' title='bbox 721 2875 810 2915; x_wconf 92' lang='lat' dir='ltr'>quod</span> <span class='ocrx_word' id='word_1_551' title='bbox 833 2876 883 2905; x_wconf 85' lang='lat' dir='ltr'>sol</span> <span class='ocrx_word' id='word_1_552' title='bbox 906 2881 937 2906; x_wconf 85' lang='lat' dir='ltr'>et</span> <span class='ocrx_word' id='word_1_553' title='bbox 959 2875 1053 2906; x_wconf 86' lang='lat' dir='ltr'>homo</span> <span class='ocrx_word' id='word_1_554' title='bbox 1075 2882 1239 2917; x_wconf 83' lang='lat' dir='ltr'>generant</span> <span class='ocrx_word' id='word_1_555' title='bbox 1261 2877 1360 2907; x_wconf 86' lang='lat' dir='ltr'>homi-</span> 
     </span>
     <span class='ocr_line' id='line_1_88' title="bbox 287 2918 1364 2961; baseline 0.004 -13"><span class='ocrx_word' id='word_1_556' title='bbox 287 2928 359 2949; x_wconf 85' lang='lat' dir='ltr'>nem</span> <span class='ocrx_word' id='word_1_557' title='bbox 375 2918 409 2954; x_wconf 89' lang='lat'>*;</span> <span class='ocrx_word' id='word_1_558' title='bbox 444 2925 618 2960; x_wconf 91' lang='lat' dir='ltr'>utrumque</span> <span class='ocrx_word' id='word_1_559' title='bbox 649 2918 735 2949; x_wconf 91' lang='lat' dir='ltr'>enim</span> <span class='ocrx_word' id='word_1_560' title='bbox 765 2929 861 2959; x_wconf 85' lang='lat' dir='ltr'>agens</span> <span class='ocrx_word' id='word_1_561' title='bbox 886 2927 932 2951; x_wconf 91' lang='lat' dir='ltr'>est</span> <span class='ocrx_word' id='word_1_562' title='bbox 956 2920 1146 2961; x_wconf 86' lang='lat' dir='ltr'>principale,</span> <span class='ocrx_word' id='word_1_563' title='bbox 1174 2921 1230 2952; x_wconf 88' lang='lat' dir='ltr'>sed</span> <span class='ocrx_word' id='word_1_564' title='bbox 1253 2921 1302 2952; x_wconf 91' lang='lat' dir='ltr'>sol</span> <span class='ocrx_word' id='word_1_565' title='bbox 1327 2928 1364 2952; x_wconf 92' lang='lat' dir='ltr'>ut</span> 
     </span>
     <span class='ocr_line' id='line_1_89' title="bbox 287 2963 1363 3005; baseline 0.004 -12"><span class='ocrx_word' id='word_1_566' title='bbox 287 2972 382 2994; x_wconf 87' lang='lat' dir='ltr'>causa</span> <span class='ocrx_word' id='word_1_567' title='bbox 405 2963 609 3000; x_wconf 85' lang='lat' dir='ltr'>universalis,</span> <span class='ocrx_word' id='word_1_568' title='bbox 635 2970 665 2994; x_wconf 91' lang='lat' dir='ltr'>et</span> <span class='ocrx_word' id='word_1_569' title='bbox 688 2964 789 2994; x_wconf 89' lang='lat' dir='ltr'>homo</span> <span class='ocrx_word' id='word_1_570' title='bbox 814 2970 850 2995; x_wconf 91' lang='lat' dir='ltr'>ut</span> <span class='ocrx_word' id='word_1_571' title='bbox 873 2974 967 2995; x_wconf 86' lang='lat' dir='ltr'>causa</span> <span class='ocrx_word' id='word_1_572' title='bbox 990 2965 1196 3005; x_wconf 87' lang='lat' dir='ltr'>particularis.</span> <span class='ocrx_word' id='word_1_573' title='bbox 1232 2965 1274 2996; x_wconf 91' lang='lat' dir='ltr'>Et</span> <span class='ocrx_word' id='word_1_574' title='bbox 1301 2965 1363 2997; x_wconf 91' lang='lat' dir='ltr'>hoc</span> 
     </span>
     <span class='ocr_line' id='line_1_90' title="bbox 288 3007 1364 3051; baseline 0.004 -14"><span class='ocrx_word' id='word_1_575' title='bbox 288 3007 387 3038; x_wconf 90' lang='lat' dir='ltr'>modo</span> <span class='ocrx_word' id='word_1_576' title='bbox 418 3017 451 3038; x_wconf 85' lang='lat' dir='ltr'>se</span> <span class='ocrx_word' id='word_1_577' title='bbox 474 3007 592 3039; x_wconf 88' lang='lat' dir='ltr'>habent</span> <span class='ocrx_word' id='word_1_578' title='bbox 621 3007 654 3038; x_wconf 89' lang='lat' dir='ltr'>in</span> <span class='ocrx_word' id='word_1_579' title='bbox 678 3008 890 3040; x_wconf 88' lang='lat' dir='ltr'>ecclesiastico</span> <span class='ocrx_word' id='word_1_580' title='bbox 914 3009 1026 3040; x_wconf 91' lang='lat' dir='ltr'>ordine</span> <span class='ocrx_word' id='word_1_581' title='bbox 1050 3010 1135 3051; x_wconf 88' lang='lat' dir='ltr'>Papa</span> <span class='ocrx_word' id='word_1_582' title='bbox 1168 3017 1199 3041; x_wconf 90' lang='lat' dir='ltr'>et</span> <span class='ocrx_word' id='word_1_583' title='bbox 1229 3010 1364 3051; x_wconf 90' lang='lat' dir='ltr'>quilibet</span> 
     </span>
     <span class='ocr_line' id='line_1_91' title="bbox 287 3051 1364 3094; baseline 0.004 -12"><span class='ocrx_word' id='word_1_584' title='bbox 287 3051 468 3093; x_wconf 89' lang='lat' dir='ltr'>episcopus.</span> <span class='ocrx_word' id='word_1_585' title='bbox 505 3052 641 3094; x_wconf 89' lang='lat' dir='ltr'>Utrique</span> <span class='ocrx_word' id='word_1_586' title='bbox 672 3063 811 3094; x_wconf 92' lang='lat' dir='ltr'>namque</span> <span class='ocrx_word' id='word_1_587' title='bbox 841 3054 990 3085; x_wconf 89' lang='lat' dir='ltr'>convenit</span> <span class='ocrx_word' id='word_1_588' title='bbox 1020 3054 1201 3086; x_wconf 85' lang='lat' dir='ltr'>animarum</span> <span class='ocrx_word' id='word_1_589' title='bbox 1225 3065 1300 3086; x_wconf 84' lang='lat' dir='ltr'>cura</span> <span class='ocrx_word' id='word_1_590' title='bbox 1330 3063 1364 3086; x_wconf 89' lang='lat' dir='ltr'>ut</span> 
     </span>
     <span class='ocr_line' id='line_1_92' title="bbox 287 3096 1364 3141; baseline 0.005 -15"><span class='ocrx_word' id='word_1_591' title='bbox 287 3096 391 3136; x_wconf 83' lang='lat' dir='ltr'>agenti</span> <span class='ocrx_word' id='word_1_592' title='bbox 415 3096 597 3137; x_wconf 85' lang='lat' dir='ltr'>principali:</span> <span class='ocrx_word' id='word_1_593' title='bbox 623 3097 678 3128; x_wconf 91' lang='lat' dir='ltr'>sed</span> <span class='ocrx_word' id='word_1_594' title='bbox 701 3098 806 3138; x_wconf 81' lang='lat' dir='ltr'>Papae</span> <span class='ocrx_word' id='word_1_595' title='bbox 829 3104 866 3128; x_wconf 89' lang='lat' dir='ltr'>ut</span> <span class='ocrx_word' id='word_1_596' title='bbox 884 3098 1052 3130; x_wconf 90' lang='lat' dir='ltr'>universali</span> <span class='ocrx_word' id='word_1_597' title='bbox 1070 3099 1185 3140; x_wconf 88' lang='lat' dir='ltr'>agenti,</span> <span class='ocrx_word' id='word_1_598' title='bbox 1211 3099 1364 3141; x_wconf 88' lang='lat' dir='ltr'>episcopo</span> 
     </span>
     <span class='ocr_line' id='line_1_93' title="bbox 289 3141 671 3182; baseline 0.003 -11"><span class='ocrx_word' id='word_1_599' title='bbox 289 3147 396 3171; x_wconf 88' lang='lat' dir='ltr'>autem</span> <span class='ocrx_word' id='word_1_600' title='bbox 421 3147 456 3172; x_wconf 90' lang='lat' dir='ltr'>ut</span> <span class='ocrx_word' id='word_1_601' title='bbox 479 3141 671 3182; x_wconf 87' lang='lat' dir='ltr'>particulari.</span> 
     </span>
    </p>

    <p class='ocr_par' dir='ltr' id='par_1_27' title="bbox 289 3186 1366 3671">
     <span class='ocr_line' id='line_1_94' title="bbox 344 3186 1366 3226; baseline 0.004 -10"><span class='ocrx_word' id='word_1_602' title='bbox 344 3186 482 3217; x_wconf 83' lang='lat' dir='ltr'>Alterius</span> <span class='ocrx_word' id='word_1_603' title='bbox 505 3195 581 3217; x_wconf 86' lang='lat' dir='ltr'>vero</span> <span class='ocrx_word' id='word_1_604' title='bbox 606 3186 818 3218; x_wconf 88' lang='lat' dir='ltr'>distinctionis</span> <span class='ocrx_word' id='word_1_605' title='bbox 842 3197 945 3218; x_wconf 90' lang='lat' dir='ltr'>unum</span> <span class='ocrx_word' id='word_1_606' title='bbox 969 3189 1152 3219; x_wconf 88' lang='lat' dir='ltr'>membrum</span> <span class='ocrx_word' id='word_1_607' title='bbox 1176 3195 1312 3226; x_wconf 85' lang='lat' dir='ltr'>tanturn,</span> <span class='ocrx_word' id='word_1_608' title='bbox 1329 3195 1366 3220; x_wconf 92' lang='lat' dir='ltr'>ut</span> 
     </span>
     <span class='ocr_line' id='line_1_95' title="bbox 289 3228 1364 3274; baseline 0.005 -15"><span class='ocrx_word' id='word_1_609' title='bbox 289 3228 356 3269; x_wconf 85' lang='lat' dir='ltr'>ipsa</span> <span class='ocrx_word' id='word_1_610' title='bbox 381 3230 476 3261; x_wconf 88' lang='lat' dir='ltr'>verba</span> <span class='ocrx_word' id='word_1_611' title='bbox 495 3231 678 3268; x_wconf 86' lang='lat' dir='ltr'>ostendunt,</span> <span class='ocrx_word' id='word_1_612' title='bbox 703 3238 751 3262; x_wconf 88' lang='lat' dir='ltr'>est</span> <span class='ocrx_word' id='word_1_613' title='bbox 773 3241 868 3272; x_wconf 84' lang='lat' dir='ltr'>agens</span> <span class='ocrx_word' id='word_1_614' title='bbox 893 3232 1083 3273; x_wconf 85' lang='lat' dir='ltr'>principale:</span> <span class='ocrx_word' id='word_1_615' title='bbox 1108 3233 1267 3274; x_wconf 90' lang='lat' dir='ltr'>reliquum</span> <span class='ocrx_word' id='word_1_616' title='bbox 1288 3243 1364 3265; x_wconf 89' lang='lat' dir='ltr'>vero</span> 
     </span>
     <span class='ocr_line' id='line_1_96' title="bbox 291 3275 1363 3319; baseline 0.006 -15"><span class='ocrx_word' id='word_1_617' title='bbox 291 3283 386 3312; x_wconf 83' lang='lat' dir='ltr'>agens</span> <span class='ocrx_word' id='word_1_618' title='bbox 403 3275 638 3307; x_wconf 86' lang='lat' dir='ltr'>secundarium.</span> <span class='ocrx_word' id='word_1_619' title='bbox 663 3276 704 3307; x_wconf 89' lang='lat' dir='ltr'>Et</span> <span class='ocrx_word' id='word_1_620' title='bbox 728 3282 764 3307; x_wconf 90' lang='lat' dir='ltr'>ut</span> <span class='ocrx_word' id='word_1_621' title='bbox 786 3283 874 3317; x_wconf 84' lang='lat' dir='ltr'>patet</span> <span class='ocrx_word' id='word_1_622' title='bbox 897 3277 936 3308; x_wconf 88' lang='lat' dir='ltr'>ab</span> <span class='ocrx_word' id='word_1_623' title='bbox 952 3279 1102 3315; x_wconf 83' lang='lat' dir='ltr'>Auctore,</span> <span class='ocrx_word' id='word_1_624' title='bbox 1121 3278 1148 3309; x_wconf 93' lang='lat' dir='ltr'>V</span> <span class='ocrx_word' id='word_1_625' title='bbox 1163 3279 1363 3319; x_wconf 71' lang='lat' dir='ltr'>Metaphys„</span> 
     </span>
     <span class='ocr_line' id='line_1_97' title="bbox 291 3319 1365 3364; baseline 0.006 -16"><span class='ocrx_word' id='word_1_626' title='bbox 291 3326 359 3358; x_wconf 84' lang='lat' dir='ltr'>cap.</span> <span class='ocrx_word' id='word_1_627' title='bbox 375 3319 414 3350; x_wconf 87' lang='lat' dir='ltr'>de</span> <span class='ocrx_word' id='word_1_628' title='bbox 432 3319 548 3351; x_wconf 83' lang='lat' dir='ltr'>Causis</span> <span class='ocrx_word' id='word_1_629' title='bbox 561 3320 588 3357; x_wconf 85' lang='lat'>*,</span> <span class='ocrx_word' id='word_1_630' title='bbox 613 3329 709 3361; x_wconf 85' lang='lat' dir='ltr'>agens</span> <span class='ocrx_word' id='word_1_631' title='bbox 725 3321 898 3362; x_wconf 81' lang='lat' dir='ltr'>principale</span> <span class='ocrx_word' id='word_1_632' title='bbox 915 3329 962 3353; x_wconf 86' lang='lat' dir='ltr'>est</span> <span class='ocrx_word' id='word_1_633' title='bbox 984 3322 1024 3352; x_wconf 92' lang='lat' dir='ltr'>ad</span> <span class='ocrx_word' id='word_1_634' title='bbox 1048 3322 1138 3364; x_wconf 89' lang='lat' dir='ltr'>quod</span> <span class='ocrx_word' id='word_1_635' title='bbox 1162 3322 1278 3354; x_wconf 85' lang='lat' dir='ltr'>directe</span> <span class='ocrx_word' id='word_1_636' title='bbox 1294 3333 1365 3364; x_wconf 88' lang='lat' dir='ltr'>spe-</span> 
     </span>
     <span class='ocr_line' id='line_1_98' title="bbox 292 3362 1364 3408; baseline 0.007 -16"><span class='ocrx_word' id='word_1_637' title='bbox 292 3368 354 3393; x_wconf 88' lang='lat' dir='ltr'>ctat</span> <span class='ocrx_word' id='word_1_638' title='bbox 368 3362 516 3395; x_wconf 88' lang='lat' dir='ltr'>inducere</span> <span class='ocrx_word' id='word_1_639' title='bbox 533 3364 671 3395; x_wconf 86' lang='lat' dir='ltr'>formam</span> <span class='ocrx_word' id='word_1_640' title='bbox 687 3375 770 3406; x_wconf 91' lang='lat' dir='ltr'>quae</span> <span class='ocrx_word' id='word_1_641' title='bbox 786 3372 833 3397; x_wconf 89' lang='lat' dir='ltr'>est</span> <span class='ocrx_word' id='word_1_642' title='bbox 849 3367 1125 3407; x_wconf 88' lang='lat' dir='ltr'>complementum</span> <span class='ocrx_word' id='word_1_643' title='bbox 1141 3367 1364 3408; x_wconf 83' lang='lat' dir='ltr'>generationis,</span> 
     </span>
     <span class='ocr_line' id='line_1_99' title="bbox 293 3407 1365 3454; baseline 0.008 -18"><span class='ocrx_word' id='word_1_644' title='bbox 293 3407 383 3447; x_wconf 89' lang='lat' dir='ltr'>quod</span> <span class='ocrx_word' id='word_1_645' title='bbox 407 3407 469 3438; x_wconf 86' lang='lat' dir='ltr'>alio</span> <span class='ocrx_word' id='word_1_646' title='bbox 494 3409 624 3440; x_wconf 89' lang='lat' dir='ltr'>nomine</span> <span class='ocrx_word' id='word_1_647' title='bbox 647 3417 779 3441; x_wconf 84' lang='lat' dir='ltr'>vocatur</span> <span class='ocrx_word' id='word_1_648' title='bbox 807 3411 846 3441; x_wconf 84' lang='lat' dir='ltr'>ab</span> <span class='ocrx_word' id='word_1_649' title='bbox 869 3411 1032 3442; x_wconf 84' lang='lat' dir='ltr'>Avicenna</span> <span class='ocrx_word' id='word_1_650' title='bbox 1047 3411 1065 3431; x_wconf 84' lang='grc'>*</span> <span class='ocrx_word' id='word_1_651' title='bbox 1087 3421 1191 3454; x_wconf 81' lang='lat' dir='ltr'>agens</span> <span class='ocrx_word' id='word_1_652' title='bbox 1210 3418 1247 3444; x_wconf 78' lang='lat' dir='ltr'>ut</span> <span class='ocrx_word' id='word_1_653' title='bbox 1263 3413 1365 3454; x_wconf 73' lang='lat' dir='ltr'>perfi-</span> 
     </span>
     <span class='ocr_line' id='line_1_100' title="bbox 292 3451 1365 3497; baseline 0.007 -16"><span class='ocrx_word' id='word_1_654' title='bbox 292 3451 400 3482; x_wconf 85' lang='lat' dir='ltr'>ciens:</span> <span class='ocrx_word' id='word_1_655' title='bbox 430 3453 653 3484; x_wconf 83' lang='lat' dir='ltr'>secundarium</span> <span class='ocrx_word' id='word_1_656' title='bbox 677 3463 752 3485; x_wconf 88' lang='lat' dir='ltr'>vero</span> <span class='ocrx_word' id='word_1_657' title='bbox 783 3464 878 3495; x_wconf 86' lang='lat' dir='ltr'>agens</span> <span class='ocrx_word' id='word_1_658' title='bbox 902 3462 948 3487; x_wconf 84' lang='lat' dir='ltr'>est</span> <span class='ocrx_word' id='word_1_659' title='bbox 970 3456 1003 3486; x_wconf 92' lang='lat' dir='ltr'>id</span> <span class='ocrx_word' id='word_1_660' title='bbox 1027 3457 1116 3497; x_wconf 92' lang='lat' dir='ltr'>quod</span> <span class='ocrx_word' id='word_1_661' title='bbox 1140 3457 1204 3497; x_wconf 82' lang='lat' dir='ltr'>agit</span> <span class='ocrx_word' id='word_1_662' title='bbox 1227 3457 1267 3488; x_wconf 83' lang='lat' dir='ltr'>ad</span> <span class='ocrx_word' id='word_1_663' title='bbox 1291 3457 1365 3488; x_wconf 86' lang='lat' dir='ltr'>alie-</span> 
     </span>
     <span class='ocr_line' id='line_1_101' title="bbox 292 3494 1365 3541; baseline 0.007 -16"><span class='ocrx_word' id='word_1_664' title='bbox 292 3505 373 3526; x_wconf 91' lang='lat' dir='ltr'>num</span> <span class='ocrx_word' id='word_1_665' title='bbox 396 3494 503 3532; x_wconf 87' lang='lat' dir='ltr'>finem,</span> <span class='ocrx_word' id='word_1_666' title='bbox 528 3496 590 3528; x_wconf 90' lang='lat' dir='ltr'>hoc</span> <span class='ocrx_word' id='word_1_667' title='bbox 613 3504 660 3529; x_wconf 86' lang='lat' dir='ltr'>est</span> <span class='ocrx_word' id='word_1_668' title='bbox 683 3498 722 3528; x_wconf 86' lang='lat' dir='ltr'>ad</span> <span class='ocrx_word' id='word_1_669' title='bbox 746 3498 843 3530; x_wconf 87' lang='lat' dir='ltr'>finem</span> <span class='ocrx_word' id='word_1_670' title='bbox 867 3500 988 3539; x_wconf 83' lang='lat' dir='ltr'>agentis</span> <span class='ocrx_word' id='word_1_671' title='bbox 1011 3500 1216 3541; x_wconf 85' lang='lat' dir='ltr'>perficientis;</span> <span class='ocrx_word' id='word_1_672' title='bbox 1248 3507 1279 3532; x_wconf 92' lang='lat' dir='ltr'>et</span> <span class='ocrx_word' id='word_1_673' title='bbox 1302 3501 1365 3532; x_wconf 88' lang='lat' dir='ltr'>hoc</span> 
     </span>
     <span class='ocr_line' id='line_1_102' title="bbox 292 3539 1361 3586; baseline 0.007 -16"><span class='ocrx_word' id='word_1_674' title='bbox 292 3539 355 3570; x_wconf 89' lang='lat' dir='ltr'>alio</span> <span class='ocrx_word' id='word_1_675' title='bbox 384 3540 516 3571; x_wconf 89' lang='lat' dir='ltr'>nomine</span> <span class='ocrx_word' id='word_1_676' title='bbox 544 3548 675 3572; x_wconf 89' lang='lat' dir='ltr'>vocatur</span> <span class='ocrx_word' id='word_1_677' title='bbox 705 3543 743 3573; x_wconf 84' lang='lat' dir='ltr'>ab</span> <span class='ocrx_word' id='word_1_678' title='bbox 774 3543 936 3574; x_wconf 83' lang='lat' dir='ltr'>Avicenna</span> <span class='ocrx_word' id='word_1_679' title='bbox 953 3544 971 3563; x_wconf 79' lang='lat'>‘⁸‘</span> <span class='ocrx_word' id='word_1_680' title='bbox 1003 3554 1107 3586; x_wconf 80' lang='lat' dir='ltr'>agens</span> <span class='ocrx_word' id='word_1_681' title='bbox 1133 3550 1169 3576; x_wconf 83' lang='lat' dir='ltr'>ut</span> <span class='ocrx_word' id='word_1_682' title='bbox 1191 3545 1361 3577; x_wconf 73' lang='lat' dir='ltr'>adiuvans.</span> 
     </span>
     <span class='ocr_line' id='line_1_103' title="bbox 292 3584 1363 3627; baseline 0.006 -12"><span class='ocrx_word' id='word_1_683' title='bbox 292 3584 380 3615; x_wconf 91' lang='lat' dir='ltr'>Sicut</span> <span class='ocrx_word' id='word_1_684' title='bbox 402 3584 435 3615; x_wconf 91' lang='lat' dir='ltr'>in</span> <span class='ocrx_word' id='word_1_685' title='bbox 451 3584 587 3616; x_wconf 82' lang='lat' dir='ltr'>exercitu</span> <span class='ocrx_word' id='word_1_686' title='bbox 611 3591 677 3616; x_wconf 89' lang='lat' dir='ltr'>tam</span> <span class='ocrx_word' id='word_1_687' title='bbox 698 3586 762 3617; x_wconf 89' lang='lat' dir='ltr'>dux</span> <span class='ocrx_word' id='word_1_688' title='bbox 777 3597 877 3627; x_wconf 86' lang='lat' dir='ltr'>quam</span> <span class='ocrx_word' id='word_1_689' title='bbox 893 3588 1009 3619; x_wconf 85' lang='lat' dir='ltr'>milites</span> <span class='ocrx_word' id='word_1_690' title='bbox 1024 3588 1166 3620; x_wconf 89' lang='lat' dir='ltr'>efficiunt</span> <span class='ocrx_word' id='word_1_691' title='bbox 1180 3589 1363 3620; x_wconf 84' lang='lat' dir='ltr'>victoriam:</span> 
     </span>
     <span class='ocr_line' id='line_1_104' title="bbox 293 3629 1364 3671; baseline 0.005 -12"><span class='ocrx_word' id='word_1_692' title='bbox 293 3629 347 3659; x_wconf 86' lang='lat' dir='ltr'>sed</span> <span class='ocrx_word' id='word_1_693' title='bbox 371 3629 436 3660; x_wconf 87' lang='lat' dir='ltr'>dux</span> <span class='ocrx_word' id='word_1_694' title='bbox 459 3636 495 3660; x_wconf 92' lang='lat' dir='ltr'>ut</span> <span class='ocrx_word' id='word_1_695' title='bbox 518 3639 613 3670; x_wconf 86' lang='lat' dir='ltr'>agens</span> <span class='ocrx_word' id='word_1_696' title='bbox 637 3629 819 3671; x_wconf 81' lang='lat' dir='ltr'>principale,</span> <span class='ocrx_word' id='word_1_697' title='bbox 840 3631 955 3662; x_wconf 90' lang='lat' dir='ltr'>milites</span> <span class='ocrx_word' id='word_1_698' title='bbox 970 3642 1045 3663; x_wconf 89' lang='lat' dir='ltr'>vero</span> <span class='ocrx_word' id='word_1_699' title='bbox 1070 3640 1105 3664; x_wconf 92' lang='lat' dir='ltr'>ut</span> <span class='ocrx_word' id='word_1_700' title='bbox 1122 3633 1308 3664; x_wconf 85' lang='lat' dir='ltr'>adiuvantes</span> <span class='ocrx_word' id='word_1_701' title='bbox 1324 3633 1364 3664; x_wconf 89' lang='lat' dir='ltr'>ad</span> 
     </span>
    </p>
   </div>
   <div class='ocr_carea' id='block_1_21' title="bbox 1386 2628 1393 3460">
    <p class='ocr_par' dir='ltr' id='par_1_28' title="bbox 1386 2628 1393 3460">
     <span class='ocr_line' id='line_1_105' title="bbox 1386 2628 1393 3460; baseline 0 0"><span class='ocrx_word' id='word_1_702' title='bbox 1386 2628 1393 3460; x_wconf 95' lang='lat' dir='ltr'> </span> 
     </span>
    </p>
   </div>
   <div class='ocr_carea' id='block_1_22' title="bbox 881 249 1880 299">
    <p class='ocr_par' dir='ltr' id='par_1_29' title="bbox 881 249 1880 299">
     <span class='ocr_line' id='line_1_106' title="bbox 881 249 1880 299; baseline -0.001 -10"><span class='ocrx_word' id='word_1_703' title='bbox 881 251 1150 299; x_wconf 88' lang='lat' dir='ltr'>QUAESTIO</span> <span class='ocrx_word' id='word_1_704' title='bbox 1186 249 1436 297; x_wconf 85' lang='lat' dir='ltr'>CLXXXIV,</span> <span class='ocrx_word' id='word_1_705' title='bbox 1465 251 1765 289; x_wconf 86' lang='lat' dir='ltr'>ARTICULUS</span> <span class='ocrx_word' id='word_1_706' title='bbox 1795 252 1880 288; x_wconf 88' lang='lat' dir='ltr'>VIII</span> 
     </span>
    </p>
   </div>
   <div class='ocr_carea' id='block_1_23' title="bbox 1403 330 2484 506">
    <p class='ocr_par' dir='ltr' id='par_1_30' title="bbox 1403 330 2484 506">
     <span class='ocr_line' id='line_1_107' title="bbox 1403 330 2484 373; baseline 0.003 -13"><span class='ocrx_word' id='word_1_707' title='bbox 1403 331 1573 370; x_wconf 85' lang='lat' dir='ltr'>proprium</span> <span class='ocrx_word' id='word_1_708' title='bbox 1596 330 1694 361; x_wconf 88' lang='lat' dir='ltr'>finem</span> <span class='ocrx_word' id='word_1_709' title='bbox 1718 331 1839 371; x_wconf 86' lang='lat' dir='ltr'>agentis</span> <span class='ocrx_word' id='word_1_710' title='bbox 1863 331 2055 372; x_wconf 89' lang='lat' dir='ltr'>principalis,</span> <span class='ocrx_word' id='word_1_711' title='bbox 2081 331 2138 373; x_wconf 93' lang='lat' dir='ltr'>qui</span> <span class='ocrx_word' id='word_1_712' title='bbox 2161 338 2208 363; x_wconf 92' lang='lat' dir='ltr'>est</span> <span class='ocrx_word' id='word_1_713' title='bbox 2230 331 2376 369; x_wconf 81' lang='lat' dir='ltr'>victoria,</span> <span class='ocrx_word' id='word_1_714' title='bbox 2401 342 2484 373; x_wconf 89' lang='lat' dir='ltr'>quae</span> 
     </span>
     <span class='ocr_line' id='line_1_108' title="bbox 1405 375 2484 417; baseline 0.003 -12"><span class='ocrx_word' id='word_1_715' title='bbox 1405 382 1451 406; x_wconf 94' lang='lat' dir='ltr'>est</span> <span class='ocrx_word' id='word_1_716' title='bbox 1475 375 1590 406; x_wconf 92' lang='lat' dir='ltr'>directe</span> <span class='ocrx_word' id='word_1_717' title='bbox 1614 375 1741 406; x_wconf 86' lang='lat' dir='ltr'>effectus</span> <span class='ocrx_word' id='word_1_718' title='bbox 1766 375 1873 413; x_wconf 83' lang='lat' dir='ltr'>ducis;</span> <span class='ocrx_word' id='word_1_719' title='bbox 1905 375 1987 406; x_wconf 92' lang='lat' dir='ltr'>sicut</span> <span class='ocrx_word' id='word_1_720' title='bbox 2014 375 2119 406; x_wconf 80' lang='lat' dir='ltr'>forma</span> <span class='ocrx_word' id='word_1_721' title='bbox 2149 386 2231 417; x_wconf 86' lang='lat' dir='ltr'>quae</span> <span class='ocrx_word' id='word_1_722' title='bbox 2255 384 2302 408; x_wconf 89' lang='lat' dir='ltr'>est</span> <span class='ocrx_word' id='word_1_723' title='bbox 2329 378 2484 408; x_wconf 89' lang='lat' dir='ltr'>terminus</span> 
     </span>
     <span class='ocr_line' id='line_1_109' title="bbox 1404 419 2484 461; baseline 0.003 -12"><span class='ocrx_word' id='word_1_724' title='bbox 1404 419 1633 459; x_wconf 79' lang='lat' dir='ltr'>generationiS‚</span> <span class='ocrx_word' id='word_1_725' title='bbox 1666 426 1712 450; x_wconf 93' lang='lat' dir='ltr'>est</span> <span class='ocrx_word' id='word_1_726' title='bbox 1741 419 1856 450; x_wconf 89' lang='lat' dir='ltr'>directe</span> <span class='ocrx_word' id='word_1_727' title='bbox 1885 419 1957 450; x_wconf 88' lang='lat' dir='ltr'>finis</span> <span class='ocrx_word' id='word_1_728' title='bbox 1982 420 2102 460; x_wconf 88' lang='lat' dir='ltr'>agentis</span> <span class='ocrx_word' id='word_1_729' title='bbox 2126 420 2320 461; x_wconf 61' lang='lat' dir='ltr'>principali&amp;</span> <span class='ocrx_word' id='word_1_730' title='bbox 2358 421 2399 452; x_wconf 93' lang='lat' dir='ltr'>Et</span> <span class='ocrx_word' id='word_1_731' title='bbox 2422 422 2484 453; x_wconf 90' lang='lat' dir='ltr'>hoc</span> 
     </span>
     <span class='ocr_line' id='line_1_110' title="bbox 1406 463 2483 506; baseline 0.003 -13"><span class='ocrx_word' id='word_1_732' title='bbox 1406 464 1506 494; x_wconf 90' lang='lat' dir='ltr'>modo</span> <span class='ocrx_word' id='word_1_733' title='bbox 1523 463 1660 494; x_wconf 91' lang='lat' dir='ltr'>intendit</span> <span class='ocrx_word' id='word_1_734' title='bbox 1674 466 1798 494; x_wconf 90' lang='lat' dir='ltr'>Auctor</span> <span class='ocrx_word' id='word_1_735' title='bbox 1814 465 1903 504; x_wconf 92' lang='lat' dir='ltr'>quod</span> <span class='ocrx_word' id='word_1_736' title='bbox 1921 475 1954 495; x_wconf 90' lang='lat' dir='ltr'>se</span> <span class='ocrx_word' id='word_1_737' title='bbox 1971 465 2089 496; x_wconf 89' lang='lat' dir='ltr'>habent</span> <span class='ocrx_word' id='word_1_738' title='bbox 2104 465 2275 506; x_wconf 89' lang='lat' dir='ltr'>episcopus</span> <span class='ocrx_word' id='word_1_739' title='bbox 2293 472 2323 496; x_wconf 93' lang='lat' dir='ltr'>et</span> <span class='ocrx_word' id='word_1_740' title='bbox 2340 473 2483 497; x_wconf 91' lang='lat' dir='ltr'>curatus:</span> 
     </span>
    </p>
   </div>
   <div class='ocr_carea' id='block_1_24' title="bbox 1376 508 2486 595">
    <p class='ocr_par' dir='ltr' id='par_1_31' title="bbox 1376 508 2486 595">
     <span class='ocr_line' id='line_1_111' title="bbox 1376 508 2484 551; baseline 0.004 -14"><span class='ocrx_word' id='word_1_741' title='bbox 1376 541 1378 551; x_wconf 22' lang='lat' dir='ltr'><em>X</em></span> <span class='ocrx_word' id='word_1_742' title='bbox 1405 508 1448 538; x_wconf 91' lang='lat' dir='ltr'>ita</span> <span class='ocrx_word' id='word_1_743' title='bbox 1480 508 1570 549; x_wconf 91' lang='lat' dir='ltr'>quod</span> <span class='ocrx_word' id='word_1_744' title='bbox 1601 508 1771 549; x_wconf 88' lang='lat' dir='ltr'>episcopus</span> <span class='ocrx_word' id='word_1_745' title='bbox 1802 515 1848 539; x_wconf 89' lang='lat' dir='ltr'>est</span> <span class='ocrx_word' id='word_1_746' title='bbox 1879 519 1975 549; x_wconf 86' lang='lat' dir='ltr'>agens</span> <span class='ocrx_word' id='word_1_747' title='bbox 2007 510 2182 550; x_wconf 89' lang='lat' dir='ltr'>principale</span> <span class='ocrx_word' id='word_1_748' title='bbox 2214 517 2358 551; x_wconf 91' lang='lat' dir='ltr'>respectu</span> <span class='ocrx_word' id='word_1_749' title='bbox 2391 520 2484 542; x_wconf 85' lang='lat' dir='ltr'>curae</span> 
     </span>
     <span class='ocr_line' id='line_1_112' title="bbox 1376 552 2486 595; baseline 0.003 -12"><span class='ocrx_word' id='word_1_750' title='bbox 1376 566 1378 584; x_wconf 75' lang='lat' dir='ltr'>t</span> <span class='ocrx_word' id='word_1_751' title='bbox 1406 552 1597 588; x_wconf 88' lang='lat' dir='ltr'>animarum,</span> <span class='ocrx_word' id='word_1_752' title='bbox 1623 560 1654 583; x_wconf 91' lang='lat' dir='ltr'>et</span> <span class='ocrx_word' id='word_1_753' title='bbox 1673 560 1800 583; x_wconf 86' lang='lat' dir='ltr'>curatus</span> <span class='ocrx_word' id='word_1_754' title='bbox 1816 560 1863 584; x_wconf 87' lang='lat' dir='ltr'>est</span> <span class='ocrx_word' id='word_1_755' title='bbox 1878 563 1974 593; x_wconf 86' lang='lat' dir='ltr'>agens</span> <span class='ocrx_word' id='word_1_756' title='bbox 1991 554 2215 585; x_wconf 89' lang='lat' dir='ltr'>secundarium</span> <span class='ocrx_word' id='word_1_757' title='bbox 2231 561 2376 595; x_wconf 91' lang='lat' dir='ltr'>respectu</span> <span class='ocrx_word' id='word_1_758' title='bbox 2392 565 2486 586; x_wconf 87' lang='lat' dir='ltr'>curae</span> 
     </span>
    </p>
   </div>
   <div class='ocr_carea' id='block_1_25' title="bbox 1406 597 2486 685">
    <p class='ocr_par' dir='ltr' id='par_1_32' title="bbox 1406 597 2486 685">
     <span class='ocr_line' id='line_1_113' title="bbox 1406 597 2486 639; baseline 0.003 -12"><span class='ocrx_word' id='word_1_759' title='bbox 1406 597 1596 627; x_wconf 88' lang='lat' dir='ltr'>animarum.</span> <span class='ocrx_word' id='word_1_760' title='bbox 1634 597 1675 627; x_wconf 85' lang='lat' dir='ltr'>Et</span> <span class='ocrx_word' id='word_1_761' title='bbox 1704 605 1872 637; x_wconf 88' lang='lat' dir='ltr'>propterea</span> <span class='ocrx_word' id='word_1_762' title='bbox 1903 599 2074 639; x_wconf 90' lang='lat' dir='ltr'>episcopus</span> <span class='ocrx_word' id='word_1_763' title='bbox 2103 600 2143 630; x_wconf 84' lang='lat' dir='ltr'>ad</span> <span class='ocrx_word' id='word_1_764' title='bbox 2171 610 2281 631; x_wconf 89' lang='lat' dir='ltr'>curam</span> <span class='ocrx_word' id='word_1_765' title='bbox 2304 600 2486 631; x_wconf 85' lang='lat' dir='ltr'>animarum</span> 
     </span>
     <span class='ocr_line' id='line_1_114' title="bbox 1407 641 2486 685; baseline 0.003 -14"><span class='ocrx_word' id='word_1_766' title='bbox 1407 642 1507 672; x_wconf 90' lang='lat' dir='ltr'>tendit</span> <span class='ocrx_word' id='word_1_767' title='bbox 1540 649 1575 672; x_wconf 93' lang='lat' dir='ltr'>ut</span> <span class='ocrx_word' id='word_1_768' title='bbox 1607 641 1646 671; x_wconf 88' lang='lat' dir='ltr'>ad</span> <span class='ocrx_word' id='word_1_769' title='bbox 1677 641 1845 681; x_wconf 89' lang='lat' dir='ltr'>proprium</span> <span class='ocrx_word' id='word_1_770' title='bbox 1869 641 1986 679; x_wconf 88' lang='lat' dir='ltr'>finem,</span> <span class='ocrx_word' id='word_1_771' title='bbox 2011 651 2042 674; x_wconf 89' lang='lat' dir='ltr'>et</span> <span class='ocrx_word' id='word_1_772' title='bbox 2064 644 2168 685; x_wconf 84' lang='lat' dir='ltr'>ipsam</span> <span class='ocrx_word' id='word_1_773' title='bbox 2192 644 2265 676; x_wconf 88' lang='lat' dir='ltr'>facit</span> <span class='ocrx_word' id='word_1_774' title='bbox 2288 652 2324 675; x_wconf 92' lang='lat' dir='ltr'>ut</span> <span class='ocrx_word' id='word_1_775' title='bbox 2347 644 2486 676; x_wconf 88' lang='lat' dir='ltr'>formam</span> 
     </span>
    </p>
   </div>
   <div class='ocr_carea' id='block_1_26' title="bbox 1378 685 2485 726">
    <p class='ocr_par' dir='ltr' id='par_1_33' title="bbox 1378 685 2485 726">
     <span class='ocr_line' id='line_1_115' title="bbox 1378 685 2485 726; baseline 0.002 -8"><span class='ocrx_word' id='word_1_776' title='bbox 1378 685 1379 718; x_wconf 61' lang='grc' dir='ltr'><strong>ἶ</strong></span> <span class='ocrx_word' id='word_1_777' title='bbox 1407 686 1626 726; x_wconf 89' lang='lat' dir='ltr'>complentem</span> <span class='ocrx_word' id='word_1_778' title='bbox 1645 686 1898 726; x_wconf 83' lang='lat' dir='ltr'>generationem:</span> <span class='ocrx_word' id='word_1_779' title='bbox 1925 694 2052 718; x_wconf 86' lang='lat' dir='ltr'>curatus</span> <span class='ocrx_word' id='word_1_780' title='bbox 2069 699 2144 720; x_wconf 92' lang='lat' dir='ltr'>vero</span> <span class='ocrx_word' id='word_1_781' title='bbox 2161 690 2291 720; x_wconf 86' lang='lat' dir='ltr'>adiuvat</span> <span class='ocrx_word' id='word_1_782' title='bbox 2307 690 2347 720; x_wconf 86' lang='lat' dir='ltr'>ad</span> <span class='ocrx_word' id='word_1_783' title='bbox 2364 690 2485 720; x_wconf 89' lang='lat' dir='ltr'>dictum</span> 
     </span>
    </p>
   </div>
   <div class='ocr_carea' id='block_1_27' title="bbox 282 727 2398 773">
    <p class='ocr_par' dir='ltr' id='par_1_34' title="bbox 282 727 2398 773">
     <span class='ocr_line' id='line_1_116' title="bbox 282 727 2398 773; baseline 0 -12"><span class='ocrx_word' id='word_1_784' title='bbox 282 731 366 762; x_wconf 86' lang='lat' dir='ltr'>enim</span> <span class='ocrx_word' id='word_1_785' title='bbox 390 731 523 761; x_wconf 90' lang='lat' dir='ltr'>instatur</span> <span class='ocrx_word' id='word_1_786' title='bbox 538 729 569 759; x_wconf 62' lang='lat'>²¹5:</span> <span class='ocrx_word' id='word_1_787' title='bbox 596 729 684 770; x_wconf 92' lang='lat' dir='ltr'>quod</span> <span class='ocrx_word' id='word_1_788' title='bbox 710 729 828 759; x_wconf 90' lang='lat' dir='ltr'>scilicet</span> <span class='ocrx_word' id='word_1_789' title='bbox 847 727 1129 768; x_wconf 89' lang='lat' dir='ltr'>proportionaliter</span> <span class='ocrx_word' id='word_1_790' title='bbox 1145 734 1254 758; x_wconf 85' lang='lat' dir='ltr'>curato</span> <span class='ocrx_word' id='word_1_791' title='bbox 1272 727 1354 758; x_wconf 88' lang='lat' dir='ltr'>sicut</span> <span class='ocrx_word' id='word_1_792' title='bbox 1378 729 1380 766; x_wconf 57' lang='grc' dir='ltr'>ξ</span> <span class='ocrx_word' id='word_1_793' title='bbox 1406 730 1505 761; x_wconf 88' lang='lat' dir='ltr'>finem</span> <span class='ocrx_word' id='word_1_794' title='bbox 1529 737 1560 761; x_wconf 93' lang='lat' dir='ltr'>et</span> <span class='ocrx_word' id='word_1_795' title='bbox 1583 730 1733 767; x_wconf 86' lang='lat' dir='ltr'>formam,</span> <span class='ocrx_word' id='word_1_796' title='bbox 1759 737 1790 761; x_wconf 92' lang='lat' dir='ltr'>et</span> <span class='ocrx_word' id='word_1_797' title='bbox 1813 731 1858 761; x_wconf 91' lang='lat' dir='ltr'>sic</span> <span class='ocrx_word' id='word_1_798' title='bbox 1882 732 1946 771; x_wconf 86' lang='lat' dir='ltr'>agit</span> <span class='ocrx_word' id='word_1_799' title='bbox 1969 739 2101 773; x_wconf 90' lang='lat' dir='ltr'>propter</span> <span class='ocrx_word' id='word_1_800' title='bbox 2125 733 2266 765; x_wconf 85' lang='lat' dir='ltr'>alienum</span> <span class='ocrx_word' id='word_1_801' title='bbox 2291 734 2398 765; x_wconf 85' lang='lat' dir='ltr'>finem.</span> 
     </span>
    </p>
   </div>
   <div class='ocr_carea' id='block_1_28' title="bbox 281 773 1352 815">
    <p class='ocr_par' dir='ltr' id='par_1_35' title="bbox 281 770 1380 815">
     <span class='ocr_line' id='line_1_117' title="bbox 281 773 1352 815; baseline -0.003 -10"><span class='ocrx_word' id='word_1_802' title='bbox 281 775 432 815; x_wconf 90' lang='lat' dir='ltr'>episcopo</span> <span class='ocrx_word' id='word_1_803' title='bbox 457 774 613 804; x_wconf 89' lang='lat' dir='ltr'>incumbit</span> <span class='ocrx_word' id='word_1_804' title='bbox 637 784 711 804; x_wconf 90' lang='lat' dir='ltr'>cura</span> <span class='ocrx_word' id='word_1_805' title='bbox 735 773 926 803; x_wconf 88' lang='lat' dir='ltr'>animarum.</span> <span class='ocrx_word' id='word_1_806' title='bbox 952 773 1118 810; x_wconf 87' lang='lat' dir='ltr'>Quoniam</span> <span class='ocrx_word' id='word_1_807' title='bbox 1142 779 1252 803; x_wconf 86' lang='lat' dir='ltr'>curato</span> <span class='ocrx_word' id='word_1_808' title='bbox 1277 782 1352 802; x_wconf 91' lang='lat' dir='ltr'>con·</span> 
     </span>
    </p>
   </div>
   <div class='ocr_carea' id='block_1_29' title="bbox 1407 775 2494 3674">
    <p class='ocr_par' dir='ltr' id='par_1_36' title="bbox 1407 775 2491 1444">
     <span class='ocr_line' id='line_1_118' title="bbox 1464 775 2487 819; baseline 0.005 -14"><span class='ocrx_word' id='word_1_809' title='bbox 1464 775 1517 806; x_wconf 91' lang='lat' dir='ltr'>Vl.</span> <span class='ocrx_word' id='word_1_810' title='bbox 1543 775 1584 805; x_wconf 92' lang='lat' dir='ltr'>Et</span> <span class='ocrx_word' id='word_1_811' title='bbox 1607 775 1763 816; x_wconf 88' lang='lat' dir='ltr'>quoniam</span> <span class='ocrx_word' id='word_1_812' title='bbox 1788 785 1854 806; x_wconf 92' lang='lat' dir='ltr'>non</span> <span class='ocrx_word' id='word_1_813' title='bbox 1871 776 1987 807; x_wconf 89' lang='lat' dir='ltr'>sufficit</span> <span class='ocrx_word' id='word_1_814' title='bbox 2004 777 2106 808; x_wconf 93' lang='lat' dir='ltr'>dicere</span> <span class='ocrx_word' id='word_1_815' title='bbox 2123 778 2167 809; x_wconf 87' lang='lat' dir='ltr'>sic</span> <span class='ocrx_word' id='word_1_816' title='bbox 2183 789 2261 815; x_wconf 90' lang='lat' dir='ltr'>esse,</span> <span class='ocrx_word' id='word_1_817' title='bbox 2286 780 2342 810; x_wconf 90' lang='lat' dir='ltr'>sed</span> <span class='ocrx_word' id='word_1_818' title='bbox 2358 785 2487 819; x_wconf 88' lang='lat' dir='ltr'>oportet</span> 
     </span>
     <span class='ocr_line' id='line_1_119' title="bbox 1409 820 2487 863; baseline 0.006 -14"><span class='ocrx_word' id='word_1_819' title='bbox 1409 820 1543 860; x_wconf 90' lang='lat' dir='ltr'>probare</span> <span class='ocrx_word' id='word_1_820' title='bbox 1568 821 1657 860; x_wconf 92' lang='lat' dir='ltr'>quod</span> <span class='ocrx_word' id='word_1_821' title='bbox 1681 820 1725 850; x_wconf 86' lang='lat' dir='ltr'>sic</span> <span class='ocrx_word' id='word_1_822' title='bbox 1750 827 1806 856; x_wconf 86' lang='lat' dir='ltr'>est,</span> <span class='ocrx_word' id='word_1_823' title='bbox 1831 821 1984 861; x_wconf 88' lang='lat' dir='ltr'>probatur</span> <span class='ocrx_word' id='word_1_824' title='bbox 2007 821 2066 852; x_wconf 83' lang='lat' dir='ltr'>ista</span> <span class='ocrx_word' id='word_1_825' title='bbox 2090 823 2244 863; x_wconf 85' lang='lat' dir='ltr'>negativa,</span> <span class='ocrx_word' id='word_1_826' title='bbox 2270 823 2403 855; x_wconf 83' lang='lat' dir='ltr'>scilicet:</span> <span class='ocrx_word' id='word_1_827' title='bbox 2423 823 2487 854; x_wconf 91' lang='lat' dir='ltr'>Cu—</span> 
     </span>
     <span class='ocr_line' id='line_1_120' title="bbox 1408 865 2485 909; baseline 0.006 -15"><span class='ocrx_word' id='word_1_828' title='bbox 1408 870 1502 895; x_wconf 85' lang='lat' dir='ltr'>ratus</span> <span class='ocrx_word' id='word_1_829' title='bbox 1534 874 1598 895; x_wconf 88' lang='lat' dir='ltr'>non</span> <span class='ocrx_word' id='word_1_830' title='bbox 1628 865 1721 895; x_wconf 85' lang='lat' dir='ltr'>habet</span> <span class='ocrx_word' id='word_1_831' title='bbox 1745 875 1858 896; x_wconf 87' lang='lat' dir='ltr'>curam</span> <span class='ocrx_word' id='word_1_832' title='bbox 1883 867 2069 897; x_wconf 85' lang='lat' dir='ltr'>animarum</span> <span class='ocrx_word' id='word_1_833' title='bbox 2099 872 2136 898; x_wconf 87' lang='lat' dir='ltr'>ut</span> <span class='ocrx_word' id='word_1_834' title='bbox 2158 877 2262 908; x_wconf 79' lang='lat' dir='ltr'>agens</span> <span class='ocrx_word' id='word_1_835' title='bbox 2278 869 2485 909; x_wconf 82' lang='lat' dir='ltr'>principale,</span> 
     </span>
     <span class='ocr_line' id='line_1_121' title="bbox 1407 909 2487 952; baseline 0.006 -13"><span class='ocrx_word' id='word_1_836' title='bbox 1407 919 1477 947; x_wconf 86' lang='lat' dir='ltr'>seu,</span> <span class='ocrx_word' id='word_1_837' title='bbox 1502 909 1588 950; x_wconf 83' lang='lat' dir='ltr'>quod</span> <span class='ocrx_word' id='word_1_838' title='bbox 1611 909 1694 940; x_wconf 85' lang='lat' dir='ltr'>idem</span> <span class='ocrx_word' id='word_1_839' title='bbox 1719 915 1776 948; x_wconf 82' lang='lat' dir='ltr'>est,</span> <span class='ocrx_word' id='word_1_840' title='bbox 1803 915 1838 940; x_wconf 89' lang='lat' dir='ltr'>ut</span> <span class='ocrx_word' id='word_1_841' title='bbox 1860 921 1965 952; x_wconf 82' lang='lat' dir='ltr'>agens</span> <span class='ocrx_word' id='word_1_842' title='bbox 1982 911 2177 952; x_wconf 75' lang='lat' dir='ltr'>perficiens,</span> <span class='ocrx_word' id='word_1_843' title='bbox 2201 912 2256 943; x_wconf 85' lang='lat' dir='ltr'>tali</span> <span class='ocrx_word' id='word_1_844' title='bbox 2281 913 2413 944; x_wconf 88' lang='lat' dir='ltr'>ratione.</span> <span class='ocrx_word' id='word_1_845' title='bbox 2446 914 2487 945; x_wconf 94' lang='lat' dir='ltr'>Et</span> 
     </span>
     <span class='ocr_line' id='line_1_122' title="bbox 1409 954 2488 998; baseline 0.006 -15"><span class='ocrx_word' id='word_1_846' title='bbox 1409 954 1637 994; x_wconf 86' lang='lat' dir='ltr'>supponimus,</span> <span class='ocrx_word' id='word_1_847' title='bbox 1655 955 1744 995; x_wconf 95' lang='lat' dir='ltr'>quod</span> <span class='ocrx_word' id='word_1_848' title='bbox 1770 954 2046 986; x_wconf 88' lang='lat' dir='ltr'>evidentissimum</span> <span class='ocrx_word' id='word_1_849' title='bbox 2063 963 2119 993; x_wconf 92' lang='lat' dir='ltr'>est,</span> <span class='ocrx_word' id='word_1_850' title='bbox 2144 957 2234 998; x_wconf 89' lang='lat' dir='ltr'>quod</span> <span class='ocrx_word' id='word_1_851' title='bbox 2254 957 2279 987; x_wconf 92' lang='lat' dir='ltr'>si</span> <span class='ocrx_word' id='word_1_852' title='bbox 2297 964 2424 989; x_wconf 84' lang='lat' dir='ltr'>curatus</span> <span class='ocrx_word' id='word_1_853' title='bbox 2441 965 2488 989; x_wconf 91' lang='lat' dir='ltr'>est</span> 
     </span>
     <span class='ocr_line' id='line_1_123' title="bbox 1409 998 2487 1042; baseline 0.005 -14"><span class='ocrx_word' id='word_1_854' title='bbox 1409 1006 1445 1029; x_wconf 93' lang='lat' dir='ltr'>ut</span> <span class='ocrx_word' id='word_1_855' title='bbox 1469 1009 1565 1039; x_wconf 88' lang='lat' dir='ltr'>agens</span> <span class='ocrx_word' id='word_1_856' title='bbox 1589 998 1774 1039; x_wconf 86' lang='lat' dir='ltr'>perficiens,</span> <span class='ocrx_word' id='word_1_857' title='bbox 1799 1006 1846 1030; x_wconf 86' lang='lat' dir='ltr'>est</span> <span class='ocrx_word' id='word_1_858' title='bbox 1876 1007 1913 1031; x_wconf 92' lang='lat' dir='ltr'>ut</span> <span class='ocrx_word' id='word_1_859' title='bbox 1940 999 2090 1031; x_wconf 89' lang='lat' dir='ltr'>infimum</span> <span class='ocrx_word' id='word_1_860' title='bbox 2121 1008 2152 1032; x_wconf 91' lang='lat' dir='ltr'>et</span> <span class='ocrx_word' id='word_1_861' title='bbox 2183 1001 2367 1042; x_wconf 87' lang='lat' dir='ltr'>proximum</span> <span class='ocrx_word' id='word_1_862' title='bbox 2391 1012 2487 1042; x_wconf 86' lang='lat' dir='ltr'>agens</span> 
     </span>
     <span class='ocr_line' id='line_1_124' title="bbox 1410 1043 2489 1085; baseline 0.005 -12"><span class='ocrx_word' id='word_1_863' title='bbox 1410 1050 1445 1074; x_wconf 92' lang='lat' dir='ltr'>ut</span> <span class='ocrx_word' id='word_1_864' title='bbox 1468 1043 1645 1084; x_wconf 84' lang='lat' dir='ltr'>perficiens,</span> <span class='ocrx_word' id='word_1_865' title='bbox 1670 1044 1752 1075; x_wconf 89' lang='lat' dir='ltr'>sicut</span> <span class='ocrx_word' id='word_1_866' title='bbox 1776 1044 1877 1075; x_wconf 90' lang='lat' dir='ltr'>homo</span> <span class='ocrx_word' id='word_1_867' title='bbox 1893 1053 2022 1085; x_wconf 87' lang='lat' dir='ltr'>generat</span> <span class='ocrx_word' id='word_1_868' title='bbox 2041 1045 2209 1076; x_wconf 89' lang='lat' dir='ltr'>hominem</span> <span class='ocrx_word' id='word_1_869' title='bbox 2233 1053 2264 1077; x_wconf 91' lang='lat' dir='ltr'>et</span> <span class='ocrx_word' id='word_1_870' title='bbox 2287 1045 2489 1078; x_wconf 83' lang='lat' dir='ltr'>domificator</span> 
     </span>
     <span class='ocr_line' id='line_1_125' title="bbox 1409 1088 2490 1131; baseline 0.005 -13"><span class='ocrx_word' id='word_1_871' title='bbox 1409 1088 1484 1119; x_wconf 85' lang='lat' dir='ltr'>facit</span> <span class='ocrx_word' id='word_1_872' title='bbox 1514 1089 1662 1119; x_wconf 89' lang='lat' dir='ltr'>domum.</span> <span class='ocrx_word' id='word_1_873' title='bbox 1694 1088 1867 1120; x_wconf 88' lang='lat' dir='ltr'>Formatur</span> <span class='ocrx_word' id='word_1_874' title='bbox 1897 1099 1972 1131; x_wconf 86' lang='lat' dir='ltr'>ergo</span> <span class='ocrx_word' id='word_1_875' title='bbox 2004 1090 2048 1121; x_wconf 92' lang='lat' dir='ltr'>sic</span> <span class='ocrx_word' id='word_1_876' title='bbox 2076 1090 2167 1122; x_wconf 84' lang='lat' dir='ltr'>ratio.</span> <span class='ocrx_word' id='word_1_877' title='bbox 2202 1091 2309 1122; x_wconf 90' lang='lat' dir='ltr'>Omne</span> <span class='ocrx_word' id='word_1_878' title='bbox 2333 1101 2429 1131; x_wconf 87' lang='lat' dir='ltr'>agens</span> <span class='ocrx_word' id='word_1_879' title='bbox 2453 1098 2490 1123; x_wconf 92' lang='lat' dir='ltr'>ut</span> 
     </span>
     <span class='ocr_line' id='line_1_126' title="bbox 1409 1132 2491 1174; baseline 0.004 -11"><span class='ocrx_word' id='word_1_880' title='bbox 1409 1132 1575 1174; x_wconf 88' lang='lat' dir='ltr'>perficiens</span> <span class='ocrx_word' id='word_1_881' title='bbox 1600 1140 1715 1174; x_wconf 90' lang='lat' dir='ltr'>potest,</span> <span class='ocrx_word' id='word_1_882' title='bbox 1740 1143 1815 1164; x_wconf 90' lang='lat' dir='ltr'>cum</span> <span class='ocrx_word' id='word_1_883' title='bbox 1835 1134 1900 1165; x_wconf 89' lang='lat' dir='ltr'>suis</span> <span class='ocrx_word' id='word_1_884' title='bbox 1916 1134 2136 1166; x_wconf 88' lang='lat' dir='ltr'>instrumentis</span> <span class='ocrx_word' id='word_1_885' title='bbox 2161 1142 2192 1167; x_wconf 91' lang='lat' dir='ltr'>et</span> <span class='ocrx_word' id='word_1_886' title='bbox 2214 1135 2438 1167; x_wconf 85' lang='lat' dir='ltr'>adiuvantibus</span> <span class='ocrx_word' id='word_1_887' title='bbox 2458 1142 2491 1167; x_wconf 86' lang='lat' dir='ltr'>et</span> 
     </span>
     <span class='ocr_line' id='line_1_127' title="bbox 1410 1178 2489 1220; baseline 0.004 -12"><span class='ocrx_word' id='word_1_888' title='bbox 1410 1178 1627 1208; x_wconf 87' lang='lat' dir='ltr'>universaliter</span> <span class='ocrx_word' id='word_1_889' title='bbox 1651 1178 1911 1220; x_wconf 90' lang='lat' dir='ltr'>quibuscumque</span> <span class='ocrx_word' id='word_1_890' title='bbox 1935 1180 1994 1210; x_wconf 91' lang='lat' dir='ltr'>sibi</span> <span class='ocrx_word' id='word_1_891' title='bbox 2019 1180 2286 1217; x_wconf 89' lang='lat' dir='ltr'>ministrantibus,</span> <span class='ocrx_word' id='word_1_892' title='bbox 2311 1181 2422 1211; x_wconf 88' lang='lat' dir='ltr'>omnia</span> <span class='ocrx_word' id='word_1_893' title='bbox 2445 1180 2489 1212; x_wconf 81' lang='lat' dir='ltr'>ef-</span> 
     </span>
     <span class='ocr_line' id='line_1_128' title="bbox 1410 1222 2489 1266; baseline 0.003 -13"><span class='ocrx_word' id='word_1_894' title='bbox 1410 1222 1502 1254; x_wconf 90' lang='lat' dir='ltr'>ficere</span> <span class='ocrx_word' id='word_1_895' title='bbox 1530 1233 1612 1263; x_wconf 91' lang='lat' dir='ltr'>quae</span> <span class='ocrx_word' id='word_1_896' title='bbox 1636 1222 1801 1254; x_wconf 88' lang='lat' dir='ltr'>efficienda</span> <span class='ocrx_word' id='word_1_897' title='bbox 1825 1231 1901 1255; x_wconf 89' lang='lat' dir='ltr'>sunt</span> <span class='ocrx_word' id='word_1_898' title='bbox 1924 1225 1963 1255; x_wconf 90' lang='lat' dir='ltr'>ad</span> <span class='ocrx_word' id='word_1_899' title='bbox 1987 1224 2049 1255; x_wconf 92' lang='lat' dir='ltr'>hoc</span> <span class='ocrx_word' id='word_1_900' title='bbox 2082 1232 2117 1256; x_wconf 91' lang='lat' dir='ltr'>ut</span> <span class='ocrx_word' id='word_1_901' title='bbox 2140 1225 2181 1256; x_wconf 88' lang='lat' dir='ltr'>ad</span> <span class='ocrx_word' id='word_1_902' title='bbox 2204 1225 2382 1265; x_wconf 87' lang='lat' dir='ltr'>perfectum</span> <span class='ocrx_word' id='word_1_903' title='bbox 2415 1236 2489 1266; x_wconf 86' lang='lat' dir='ltr'>pro—</span> 
     </span>
     <span class='ocr_line' id='line_1_129' title="bbox 1410 1267 2490 1308; baseline 0.003 -10"><span class='ocrx_word' id='word_1_904' title='bbox 1410 1267 1498 1308; x_wconf 88' lang='lat' dir='ltr'>prius</span> <span class='ocrx_word' id='word_1_905' title='bbox 1523 1267 1651 1298; x_wconf 87' lang='lat' dir='ltr'>effectus</span> <span class='ocrx_word' id='word_1_906' title='bbox 1675 1268 1860 1300; x_wconf 87' lang='lat' dir='ltr'>deducatur.</span> <span class='ocrx_word' id='word_1_907' title='bbox 1895 1269 1958 1300; x_wconf 92' lang='lat' dir='ltr'>Sed</span> <span class='ocrx_word' id='word_1_908' title='bbox 1982 1276 2128 1306; x_wconf 85' lang='lat' dir='ltr'>curatus,</span> <span class='ocrx_word' id='word_1_909' title='bbox 2154 1279 2229 1300; x_wconf 90' lang='lat' dir='ltr'>cum</span> <span class='ocrx_word' id='word_1_910' title='bbox 2253 1269 2406 1301; x_wconf 89' lang='lat' dir='ltr'>omnibus</span> <span class='ocrx_word' id='word_1_911' title='bbox 2430 1270 2490 1301; x_wconf 90' lang='lat' dir='ltr'>sibi</span> 
     </span>
     <span class='ocr_line' id='line_1_130' title="bbox 1410 1311 2491 1355; baseline 0.004 -13"><span class='ocrx_word' id='word_1_912' title='bbox 1410 1313 1673 1349; x_wconf 88' lang='lat' dir='ltr'>ministrantibus,</span> <span class='ocrx_word' id='word_1_913' title='bbox 1696 1323 1761 1343; x_wconf 90' lang='lat' dir='ltr'>non</span> <span class='ocrx_word' id='word_1_914' title='bbox 1781 1320 1886 1353; x_wconf 86' lang='lat' dir='ltr'>potest</span> <span class='ocrx_word' id='word_1_915' title='bbox 1901 1311 2023 1345; x_wconf 87' lang='lat' dir='ltr'>efficere</span> <span class='ocrx_word' id='word_1_916' title='bbox 2039 1314 2149 1344; x_wconf 90' lang='lat' dir='ltr'>omnia</span> <span class='ocrx_word' id='word_1_917' title='bbox 2165 1324 2248 1355; x_wconf 87' lang='lat' dir='ltr'>quae</span> <span class='ocrx_word' id='word_1_918' title='bbox 2265 1314 2345 1346; x_wconf 86' lang='lat' dir='ltr'>effici</span> <span class='ocrx_word' id='word_1_919' title='bbox 2362 1321 2491 1355; x_wconf 85' lang='lat' dir='ltr'>oportet</span> 
     </span>
     <span class='ocr_line' id='line_1_131' title="bbox 1410 1358 2491 1399; baseline 0.004 -12"><span class='ocrx_word' id='word_1_920' title='bbox 1410 1358 1450 1388; x_wconf 85' lang='lat' dir='ltr'>ad</span> <span class='ocrx_word' id='word_1_921' title='bbox 1475 1358 1750 1398; x_wconf 88' lang='lat' dir='ltr'>complementum</span> <span class='ocrx_word' id='word_1_922' title='bbox 1775 1368 1868 1389; x_wconf 92' lang='lat' dir='ltr'>curae</span> <span class='ocrx_word' id='word_1_923' title='bbox 1885 1358 2075 1390; x_wconf 87' lang='lat' dir='ltr'>animarum.</span> <span class='ocrx_word' id='word_1_924' title='bbox 2100 1359 2186 1399; x_wconf 90' lang='lat' dir='ltr'>Ergo</span> <span class='ocrx_word' id='word_1_925' title='bbox 2204 1366 2314 1391; x_wconf 87' lang='lat' dir='ltr'>curato</span> <span class='ocrx_word' id='word_1_926' title='bbox 2332 1369 2398 1390; x_wconf 88' lang='lat' dir='ltr'>non</span> <span class='ocrx_word' id='word_1_927' title='bbox 2415 1369 2491 1391; x_wconf 88' lang='lat' dir='ltr'>con·</span> 
     </span>
     <span class='ocr_line' id='line_1_132' title="bbox 1409 1402 2198 1444; baseline 0.004 -12"><span class='ocrx_word' id='word_1_928' title='bbox 1409 1403 1496 1433; x_wconf 86' lang='lat' dir='ltr'>venit</span> <span class='ocrx_word' id='word_1_929' title='bbox 1520 1413 1595 1433; x_wconf 89' lang='lat' dir='ltr'>cura</span> <span class='ocrx_word' id='word_1_930' title='bbox 1619 1402 1800 1433; x_wconf 84' lang='lat' dir='ltr'>animarum</span> <span class='ocrx_word' id='word_1_931' title='bbox 1823 1410 1859 1434; x_wconf 93' lang='lat' dir='ltr'>ut</span> <span class='ocrx_word' id='word_1_932' title='bbox 1883 1403 1987 1443; x_wconf 89' lang='lat' dir='ltr'>agenti</span> <span class='ocrx_word' id='word_1_933' title='bbox 2012 1403 2198 1444; x_wconf 87' lang='lat' dir='ltr'>perficienti.</span> 
     </span>
    </p>

    <p class='ocr_par' dir='ltr' id='par_1_37' title="bbox 1410 1447 2493 1880">
     <span class='ocr_line' id='line_1_133' title="bbox 1467 1447 2488 1488; baseline 0.003 -11"><span class='ocrx_word' id='word_1_934' title='bbox 1467 1447 1636 1478; x_wconf 88' lang='lat' dir='ltr'>Discursus</span> <span class='ocrx_word' id='word_1_935' title='bbox 1653 1448 1768 1484; x_wconf 90' lang='lat' dir='ltr'>bonus,</span> <span class='ocrx_word' id='word_1_936' title='bbox 1782 1454 1813 1478; x_wconf 91' lang='lat' dir='ltr'>et</span> <span class='ocrx_word' id='word_1_937' title='bbox 1829 1447 1941 1484; x_wconf 87' lang='lat' dir='ltr'>maior,</span> <span class='ocrx_word' id='word_1_938' title='bbox 1956 1455 2042 1488; x_wconf 85' lang='lat' dir='ltr'>patet</span> <span class='ocrx_word' id='word_1_939' title='bbox 2056 1448 2218 1480; x_wconf 89' lang='lat' dir='ltr'>inductive</span> <span class='ocrx_word' id='word_1_940' title='bbox 2233 1448 2266 1479; x_wconf 91' lang='lat' dir='ltr'>in</span> <span class='ocrx_word' id='word_1_941' title='bbox 2279 1449 2488 1481; x_wconf 83' lang='lat' dir='ltr'>naturalibus.</span> 
     </span>
     <span class='ocr_line' id='line_1_134' title="bbox 1412 1492 2491 1534; baseline 0.003 -12"><span class='ocrx_word' id='word_1_942' title='bbox 1412 1493 1523 1523; x_wconf 89' lang='lat' dir='ltr'>Homo</span> <span class='ocrx_word' id='word_1_943' title='bbox 1549 1492 1634 1523; x_wconf 89' lang='lat' dir='ltr'>enim</span> <span class='ocrx_word' id='word_1_944' title='bbox 1659 1502 1724 1522; x_wconf 90' lang='lat' dir='ltr'>non</span> <span class='ocrx_word' id='word_1_945' title='bbox 1741 1499 1822 1523; x_wconf 92' lang='lat' dir='ltr'>esset</span> <span class='ocrx_word' id='word_1_946' title='bbox 1837 1503 1933 1533; x_wconf 85' lang='lat' dir='ltr'>agens</span> <span class='ocrx_word' id='word_1_947' title='bbox 1948 1499 1984 1524; x_wconf 93' lang='lat' dir='ltr'>ut</span> <span class='ocrx_word' id='word_1_948' title='bbox 2000 1492 2165 1534; x_wconf 87' lang='lat' dir='ltr'>perficiens</span> <span class='ocrx_word' id='word_1_949' title='bbox 2188 1500 2335 1534; x_wconf 87' lang='lat' dir='ltr'>respectu</span> <span class='ocrx_word' id='word_1_950' title='bbox 2350 1494 2491 1534; x_wconf 83' lang='lat' dir='ltr'>generati</span> 
     </span>
     <span class='ocr_line' id='line_1_135' title="bbox 1412 1536 2489 1577; baseline 0.003 -10"><span class='ocrx_word' id='word_1_951' title='bbox 1412 1537 1571 1574; x_wconf 85' lang='lat' dir='ltr'>hominis,</span> <span class='ocrx_word' id='word_1_952' title='bbox 1604 1536 1663 1567; x_wconf 90' lang='lat' dir='ltr'>nisi</span> <span class='ocrx_word' id='word_1_953' title='bbox 1695 1537 1852 1577; x_wconf 89' lang='lat' dir='ltr'>potuisset</span> <span class='ocrx_word' id='word_1_954' title='bbox 1881 1544 1912 1568; x_wconf 90' lang='lat' dir='ltr'>et</span> <span class='ocrx_word' id='word_1_955' title='bbox 1940 1547 2012 1568; x_wconf 86' lang='lat' dir='ltr'>ossa</span> <span class='ocrx_word' id='word_1_956' title='bbox 2037 1545 2068 1568; x_wconf 93' lang='lat' dir='ltr'>et</span> <span class='ocrx_word' id='word_1_957' title='bbox 2091 1548 2199 1569; x_wconf 89' lang='lat' dir='ltr'>carnes</span> <span class='ocrx_word' id='word_1_958' title='bbox 2228 1545 2260 1569; x_wconf 88' lang='lat' dir='ltr'>et</span> <span class='ocrx_word' id='word_1_959' title='bbox 2282 1548 2416 1576; x_wconf 89' lang='lat' dir='ltr'>nervos,</span> <span class='ocrx_word' id='word_1_960' title='bbox 2442 1545 2489 1576; x_wconf 91' lang='lat' dir='ltr'>et,</span> 
     </span>
     <span class='ocr_line' id='line_1_136' title="bbox 1411 1581 2490 1624; baseline 0.002 -12"><span class='ocrx_word' id='word_1_961' title='bbox 1411 1581 1564 1619; x_wconf 85' lang='lat' dir='ltr'>breviter,</span> <span class='ocrx_word' id='word_1_962' title='bbox 1589 1582 1699 1612; x_wconf 88' lang='lat' dir='ltr'>omnia</span> <span class='ocrx_word' id='word_1_963' title='bbox 1722 1592 1804 1622; x_wconf 87' lang='lat' dir='ltr'>quae</span> <span class='ocrx_word' id='word_1_964' title='bbox 1829 1581 1895 1612; x_wconf 90' lang='lat' dir='ltr'>fieri</span> <span class='ocrx_word' id='word_1_965' title='bbox 1920 1589 2048 1623; x_wconf 89' lang='lat' dir='ltr'>oportet</span> <span class='ocrx_word' id='word_1_966' title='bbox 2079 1583 2119 1612; x_wconf 83' lang='lat' dir='ltr'>ad</span> <span class='ocrx_word' id='word_1_967' title='bbox 2143 1582 2371 1624; x_wconf 84' lang='lat' dir='ltr'>complendam</span> <span class='ocrx_word' id='word_1_968' title='bbox 2394 1592 2490 1624; x_wconf 81' lang='lat' dir='ltr'>gene-</span> 
     </span>
     <span class='ocr_line' id='line_1_137' title="bbox 1412 1626 2490 1664; baseline 0.003 -8"><span class='ocrx_word' id='word_1_969' title='bbox 1412 1626 1570 1657; x_wconf 86' lang='lat' dir='ltr'>rationem</span> <span class='ocrx_word' id='word_1_970' title='bbox 1593 1626 1743 1662; x_wconf 85' lang='lat' dir='ltr'>hominis,</span> <span class='ocrx_word' id='word_1_971' title='bbox 1769 1626 1888 1657; x_wconf 88' lang='lat' dir='ltr'>facere:</span> <span class='ocrx_word' id='word_1_972' title='bbox 1914 1634 1944 1657; x_wconf 90' lang='lat' dir='ltr'>et</span> <span class='ocrx_word' id='word_1_973' title='bbox 1967 1626 2070 1657; x_wconf 87' lang='lat' dir='ltr'>simile</span> <span class='ocrx_word' id='word_1_974' title='bbox 2094 1633 2142 1658; x_wconf 91' lang='lat' dir='ltr'>est</span> <span class='ocrx_word' id='word_1_975' title='bbox 2164 1628 2203 1658; x_wconf 91' lang='lat' dir='ltr'>de</span> <span class='ocrx_word' id='word_1_976' title='bbox 2227 1627 2306 1664; x_wconf 83' lang='lat' dir='ltr'>aliis,</span> <span class='ocrx_word' id='word_1_977' title='bbox 2331 1638 2407 1659; x_wconf 89' lang='lat' dir='ltr'>cum</span> <span class='ocrx_word' id='word_1_978' title='bbox 2430 1629 2490 1659; x_wconf 88' lang='lat' dir='ltr'>bos</span> 
     </span>
     <span class='ocr_line' id='line_1_138' title="bbox 1410 1670 2490 1713; baseline 0.003 -12"><span class='ocrx_word' id='word_1_979' title='bbox 1410 1677 1540 1711; x_wconf 89' lang='lat' dir='ltr'>generat</span> <span class='ocrx_word' id='word_1_980' title='bbox 1569 1671 1703 1707; x_wconf 86' lang='lat' dir='ltr'>bovem,</span> <span class='ocrx_word' id='word_1_981' title='bbox 1720 1678 1778 1701; x_wconf 89' lang='lat' dir='ltr'>etc.</span> <span class='ocrx_word' id='word_1_982' title='bbox 1813 1670 2022 1702; x_wconf 86' lang='lat' dir='ltr'>Domificator</span> <span class='ocrx_word' id='word_1_983' title='bbox 2052 1681 2202 1713; x_wconf 91' lang='lat' dir='ltr'>quoque,</span> <span class='ocrx_word' id='word_1_984' title='bbox 2226 1672 2306 1709; x_wconf 91' lang='lat' dir='ltr'>nisi,</span> <span class='ocrx_word' id='word_1_985' title='bbox 2330 1682 2406 1703; x_wconf 90' lang='lat' dir='ltr'>cum</span> <span class='ocrx_word' id='word_1_986' title='bbox 2430 1672 2490 1704; x_wconf 84' lang='lat' dir='ltr'>sibi</span> 
     </span>
     <span class='ocr_line' id='line_1_139' title="bbox 1412 1715 2493 1757; baseline 0.004 -12"><span class='ocrx_word' id='word_1_987' title='bbox 1412 1715 1675 1750; x_wconf 84' lang='lat' dir='ltr'>ministrantibus,</span> <span class='ocrx_word' id='word_1_988' title='bbox 1694 1722 1802 1756; x_wconf 88' lang='lat' dir='ltr'>posset</span> <span class='ocrx_word' id='word_1_989' title='bbox 1829 1715 1915 1756; x_wconf 83' lang='lat' dir='ltr'>ligna</span> <span class='ocrx_word' id='word_1_990' title='bbox 1940 1716 2059 1753; x_wconf 88' lang='lat' dir='ltr'>dolare,</span> <span class='ocrx_word' id='word_1_991' title='bbox 2082 1716 2318 1757; x_wconf 83' lang='lat' dir='ltr'>compaginare,</span> <span class='ocrx_word' id='word_1_992' title='bbox 2335 1724 2366 1748; x_wconf 88' lang='lat' dir='ltr'>et</span> <span class='ocrx_word' id='word_1_993' title='bbox 2389 1725 2493 1749; x_wconf 78' lang='lat' dir='ltr'>cetera</span> 
     </span>
     <span class='ocr_line' id='line_1_140' title="bbox 1411 1760 2490 1801; baseline 0.003 -11"><span class='ocrx_word' id='word_1_994' title='bbox 1411 1770 1494 1801; x_wconf 87' lang='lat' dir='ltr'>quae</span> <span class='ocrx_word' id='word_1_995' title='bbox 1516 1760 1689 1790; x_wconf 88' lang='lat' dir='ltr'>necessaria</span> <span class='ocrx_word' id='word_1_996' title='bbox 1720 1767 1795 1790; x_wconf 92' lang='lat' dir='ltr'>sunt</span> <span class='ocrx_word' id='word_1_997' title='bbox 1824 1760 1864 1790; x_wconf 89' lang='lat' dir='ltr'>ad</span> <span class='ocrx_word' id='word_1_998' title='bbox 1894 1761 2171 1801; x_wconf 88' lang='lat' dir='ltr'>complementum</span> <span class='ocrx_word' id='word_1_999' title='bbox 2202 1761 2319 1792; x_wconf 87' lang='lat' dir='ltr'>domus</span> <span class='ocrx_word' id='word_1_1000' title='bbox 2350 1761 2490 1800; x_wconf 85' lang='lat' dir='ltr'>efficere,</span> 
     </span>
     <span class='ocr_line' id='line_1_141' title="bbox 1412 1803 2492 1845; baseline 0.005 -12"><span class='ocrx_word' id='word_1_1001' title='bbox 1412 1814 1478 1834; x_wconf 90' lang='lat' dir='ltr'>non</span> <span class='ocrx_word' id='word_1_1002' title='bbox 1495 1811 1577 1834; x_wconf 91' lang='lat' dir='ltr'>esset</span> <span class='ocrx_word' id='word_1_1003' title='bbox 1600 1814 1695 1844; x_wconf 86' lang='lat' dir='ltr'>agens</span> <span class='ocrx_word' id='word_1_1004' title='bbox 1711 1811 1747 1835; x_wconf 92' lang='lat' dir='ltr'>ut</span> <span class='ocrx_word' id='word_1_1005' title='bbox 1762 1803 1927 1845; x_wconf 90' lang='lat' dir='ltr'>perficiens</span> <span class='ocrx_word' id='word_1_1006' title='bbox 1944 1812 2088 1845; x_wconf 87' lang='lat' dir='ltr'>respectu</span> <span class='ocrx_word' id='word_1_1007' title='bbox 2106 1805 2237 1836; x_wconf 88' lang='lat' dir='ltr'>domus:</span> <span class='ocrx_word' id='word_1_1008' title='bbox 2263 1813 2294 1837; x_wconf 93' lang='lat' dir='ltr'>et</span> <span class='ocrx_word' id='word_1_1009' title='bbox 2316 1806 2420 1837; x_wconf 90' lang='lat' dir='ltr'>simile</span> <span class='ocrx_word' id='word_1_1010' title='bbox 2444 1813 2492 1838; x_wconf 83' lang='lat' dir='ltr'>est</span> 
     </span>
     <span class='ocr_line' id='line_1_142' title="bbox 1411 1848 1827 1880; baseline 0 -1"><span class='ocrx_word' id='word_1_1011' title='bbox 1411 1849 1444 1879; x_wconf 91' lang='lat' dir='ltr'>in</span> <span class='ocrx_word' id='word_1_1012' title='bbox 1469 1848 1578 1880; x_wconf 89' lang='lat' dir='ltr'>ceteris</span> <span class='ocrx_word' id='word_1_1013' title='bbox 1601 1848 1827 1880; x_wconf 87' lang='lat' dir='ltr'>artificialibus.</span> 
     </span>
    </p>

    <p class='ocr_par' dir='ltr' id='par_1_38' title="bbox 1409 1893 2494 2651">
     <span class='ocr_line' id='line_1_143' title="bbox 1468 1893 2492 1935; baseline 0.002 -11"><span class='ocrx_word' id='word_1_1014' title='bbox 1468 1893 1575 1924; x_wconf 89' lang='lat' dir='ltr'>Minor</span> <span class='ocrx_word' id='word_1_1015' title='bbox 1591 1901 1700 1924; x_wconf 86' lang='lat' dir='ltr'>autem</span> <span class='ocrx_word' id='word_1_1016' title='bbox 1723 1894 1877 1934; x_wconf 81' lang='lat' dir='ltr'>probatur</span> <span class='ocrx_word' id='word_1_1017' title='bbox 1898 1903 1935 1924; x_wconf 89' lang='lat' dir='ltr'>ex</span> <span class='ocrx_word' id='word_1_1018' title='bbox 1951 1893 2014 1924; x_wconf 93' lang='lat' dir='ltr'>hoc</span> <span class='ocrx_word' id='word_1_1019' title='bbox 2037 1894 2127 1935; x_wconf 90' lang='lat' dir='ltr'>quod</span> <span class='ocrx_word' id='word_1_1020' title='bbox 2151 1894 2191 1924; x_wconf 89' lang='lat' dir='ltr'>ad</span> <span class='ocrx_word' id='word_1_1021' title='bbox 2215 1895 2492 1935; x_wconf 85' lang='lat' dir='ltr'>complementum</span> 
     </span>
     <span class='ocr_line' id='line_1_144' title="bbox 1412 1938 2492 1979; baseline 0.002 -10"><span class='ocrx_word' id='word_1_1022' title='bbox 1412 1948 1505 1969; x_wconf 90' lang='lat' dir='ltr'>curae</span> <span class='ocrx_word' id='word_1_1023' title='bbox 1529 1938 1710 1969; x_wconf 88' lang='lat' dir='ltr'>animarum</span> <span class='ocrx_word' id='word_1_1024' title='bbox 1739 1938 1910 1979; x_wconf 87' lang='lat' dir='ltr'>requiritur</span> <span class='ocrx_word' id='word_1_1025' title='bbox 1933 1939 2062 1970; x_wconf 86' lang='lat' dir='ltr'>collatio</span> <span class='ocrx_word' id='word_1_1026' title='bbox 2087 1946 2359 1971; x_wconf 81' lang='lat' dir='ltr'>sacramentorum</span> <span class='ocrx_word' id='word_1_1027' title='bbox 2383 1939 2492 1972; x_wconf 81' lang='lat' dir='ltr'>Eccle-</span> 
     </span>
     <span class='ocr_line' id='line_1_145' title="bbox 1413 1983 2490 2025; baseline 0.002 -11"><span class='ocrx_word' id='word_1_1028' title='bbox 1413 1984 1487 2014; x_wconf 87' lang='lat' dir='ltr'>siae.</span> <span class='ocrx_word' id='word_1_1029' title='bbox 1512 1983 1652 2015; x_wconf 81' lang='lat' dir='ltr'>Curatus</span> <span class='ocrx_word' id='word_1_1030' title='bbox 1675 1991 1784 2015; x_wconf 84' lang='lat' dir='ltr'>autem</span> <span class='ocrx_word' id='word_1_1031' title='bbox 1809 1993 1826 2013; x_wconf 88' lang='lat' dir='ltr'>a</span> <span class='ocrx_word' id='word_1_1032' title='bbox 1850 1983 1964 2014; x_wconf 89' lang='lat' dir='ltr'>maiori</span> <span class='ocrx_word' id='word_1_1033' title='bbox 1979 1990 2068 2025; x_wconf 86' lang='lat' dir='ltr'>parte</span> <span class='ocrx_word' id='word_1_1034' title='bbox 2084 1990 2358 2015; x_wconf 83' lang='lat' dir='ltr'>sacramentorum</span> <span class='ocrx_word' id='word_1_1035' title='bbox 2373 1983 2490 2017; x_wconf 79' lang='lat' dir='ltr'>deficit.</span> 
     </span>
     <span class='ocr_line' id='line_1_146' title="bbox 1413 2027 2492 2069; baseline 0.001 -10"><span class='ocrx_word' id='word_1_1036' title='bbox 1413 2029 1496 2059; x_wconf 90' lang='lat' dir='ltr'>Nam</span> <span class='ocrx_word' id='word_1_1037' title='bbox 1521 2038 1586 2059; x_wconf 92' lang='lat' dir='ltr'>non</span> <span class='ocrx_word' id='word_1_1038' title='bbox 1604 2035 1710 2069; x_wconf 89' lang='lat' dir='ltr'>potest</span> <span class='ocrx_word' id='word_1_1039' title='bbox 1725 2037 1908 2059; x_wconf 86' lang='lat' dir='ltr'>consecrare</span> <span class='ocrx_word' id='word_1_1040' title='bbox 1925 2028 2036 2059; x_wconf 88' lang='lat' dir='ltr'>oleum</span> <span class='ocrx_word' id='word_1_1041' title='bbox 2051 2038 2107 2059; x_wconf 91' lang='lat' dir='ltr'>seu</span> <span class='ocrx_word' id='word_1_1042' title='bbox 2124 2027 2261 2060; x_wconf 86' lang='lat' dir='ltr'>chrisma</span> <span class='ocrx_word' id='word_1_1043' title='bbox 2277 2028 2492 2062; x_wconf 81' lang='lat' dir='ltr'>necessarium</span> 
     </span>
     <span class='ocr_line' id='line_1_147' title="bbox 1413 2072 2492 2115; baseline 0.002 -12"><span class='ocrx_word' id='word_1_1044' title='bbox 1413 2073 1453 2104; x_wconf 86' lang='lat' dir='ltr'>ad</span> <span class='ocrx_word' id='word_1_1045' title='bbox 1477 2073 1650 2114; x_wconf 86' lang='lat' dir='ltr'>baptisma:</span> <span class='ocrx_word' id='word_1_1046' title='bbox 1675 2083 1711 2103; x_wconf 92' lang='lat' dir='ltr'>ac</span> <span class='ocrx_word' id='word_1_1047' title='bbox 1735 2082 1791 2113; x_wconf 91' lang='lat' dir='ltr'>per</span> <span class='ocrx_word' id='word_1_1048' title='bbox 1814 2072 1886 2110; x_wconf 84' lang='lat' dir='ltr'>hoc,</span> <span class='ocrx_word' id='word_1_1049' title='bbox 1911 2083 1978 2103; x_wconf 90' lang='lat' dir='ltr'>non</span> <span class='ocrx_word' id='word_1_1050' title='bbox 1994 2080 2100 2113; x_wconf 88' lang='lat' dir='ltr'>potest</span> <span class='ocrx_word' id='word_1_1051' title='bbox 2123 2079 2230 2104; x_wconf 89' lang='lat' dir='ltr'>totum</span> <span class='ocrx_word' id='word_1_1052' title='bbox 2253 2073 2343 2115; x_wconf 89' lang='lat' dir='ltr'>quod</span> <span class='ocrx_word' id='word_1_1053' title='bbox 2367 2080 2415 2105; x_wconf 87' lang='lat' dir='ltr'>est</span> <span class='ocrx_word' id='word_1_1054' title='bbox 2438 2083 2492 2106; x_wconf 89' lang='lat' dir='ltr'>ne-</span> 
     </span>
     <span class='ocr_line' id='line_1_148' title="bbox 1414 2116 2490 2160; baseline 0.001 -11"><span class='ocrx_word' id='word_1_1055' title='bbox 1414 2118 1587 2149; x_wconf 86' lang='lat' dir='ltr'>cessarium</span> <span class='ocrx_word' id='word_1_1056' title='bbox 1606 2118 1645 2148; x_wconf 87' lang='lat' dir='ltr'>ad</span> <span class='ocrx_word' id='word_1_1057' title='bbox 1662 2117 1901 2158; x_wconf 84' lang='lat' dir='ltr'>baptizandum.</span> <span class='ocrx_word' id='word_1_1058' title='bbox 1922 2116 1997 2148; x_wconf 91' lang='lat' dir='ltr'>Non</span> <span class='ocrx_word' id='word_1_1059' title='bbox 2014 2125 2121 2158; x_wconf 87' lang='lat' dir='ltr'>potest</span> <span class='ocrx_word' id='word_1_1060' title='bbox 2137 2127 2270 2160; x_wconf 91' lang='lat' dir='ltr'>quoque</span> <span class='ocrx_word' id='word_1_1061' title='bbox 2287 2117 2490 2157; x_wconf 83' lang='lat' dir='ltr'>confirmare;</span> 
     </span>
     <span class='ocr_line' id='line_1_149' title="bbox 1414 2162 2494 2204; baseline 0.001 -10"><span class='ocrx_word' id='word_1_1062' title='bbox 1414 2173 1481 2194; x_wconf 90' lang='lat' dir='ltr'>non</span> <span class='ocrx_word' id='word_1_1063' title='bbox 1505 2170 1611 2204; x_wconf 91' lang='lat' dir='ltr'>potest</span> <span class='ocrx_word' id='word_1_1064' title='bbox 1629 2162 1759 2194; x_wconf 86' lang='lat' dir='ltr'>calicem</span> <span class='ocrx_word' id='word_1_1065' title='bbox 1777 2172 1959 2193; x_wconf 85' lang='lat' dir='ltr'>consecrare</span> <span class='ocrx_word' id='word_1_1066' title='bbox 1979 2172 2038 2203; x_wconf 88' lang='lat' dir='ltr'>pro</span> <span class='ocrx_word' id='word_1_1067' title='bbox 2058 2163 2274 2200; x_wconf 84' lang='lat' dir='ltr'>Eucharistia;</span> <span class='ocrx_word' id='word_1_1068' title='bbox 2299 2173 2366 2194; x_wconf 89' lang='lat' dir='ltr'>nou</span> <span class='ocrx_word' id='word_1_1069' title='bbox 2385 2169 2494 2204; x_wconf 77' lang='lat' dir='ltr'>potest</span> 
     </span>
     <span class='ocr_line' id='line_1_150' title="bbox 1414 2207 2492 2249; baseline 0.002 -11"><span class='ocrx_word' id='word_1_1070' title='bbox 1414 2208 1525 2239; x_wconf 89' lang='lat' dir='ltr'>oleum</span> <span class='ocrx_word' id='word_1_1071' title='bbox 1548 2217 1731 2238; x_wconf 85' lang='lat' dir='ltr'>consecrare</span> <span class='ocrx_word' id='word_1_1072' title='bbox 1755 2217 1815 2248; x_wconf 91' lang='lat' dir='ltr'>pro</span> <span class='ocrx_word' id='word_1_1073' title='bbox 1835 2214 1974 2238; x_wconf 83' lang='lat' dir='ltr'>extrema</span> <span class='ocrx_word' id='word_1_1074' title='bbox 1990 2207 2161 2244; x_wconf 85' lang='lat' dir='ltr'>unctione;</span> <span class='ocrx_word' id='word_1_1075' title='bbox 2186 2217 2253 2239; x_wconf 88' lang='lat' dir='ltr'>non</span> <span class='ocrx_word' id='word_1_1076' title='bbox 2277 2215 2384 2249; x_wconf 87' lang='lat' dir='ltr'>potest</span> <span class='ocrx_word' id='word_1_1077' title='bbox 2407 2208 2492 2240; x_wconf 74' lang='lat' dir='ltr'>ondi-</span> 
     </span>
     <span class='ocr_line' id='line_1_151' title="bbox 1415 2251 2493 2294; baseline 0.002 -12"><span class='ocrx_word' id='word_1_1078' title='bbox 1415 2262 1490 2283; x_wconf 89' lang='lat' dir='ltr'>nem</span> <span class='ocrx_word' id='word_1_1079' title='bbox 1514 2252 1654 2294; x_wconf 88' lang='lat' dir='ltr'>aliquem</span> <span class='ocrx_word' id='word_1_1080' title='bbox 1678 2251 1834 2288; x_wconf 86' lang='lat' dir='ltr'>conferre,</span> <span class='ocrx_word' id='word_1_1081' title='bbox 1859 2262 1896 2283; x_wconf 83' lang='lat' dir='ltr'>ac</span> <span class='ocrx_word' id='word_1_1082' title='bbox 1920 2262 1976 2292; x_wconf 91' lang='lat' dir='ltr'>per</span> <span class='ocrx_word' id='word_1_1083' title='bbox 1999 2251 2071 2289; x_wconf 88' lang='lat' dir='ltr'>hoc,</span> <span class='ocrx_word' id='word_1_1084' title='bbox 2097 2262 2163 2284; x_wconf 90' lang='lat' dir='ltr'>non</span> <span class='ocrx_word' id='word_1_1085' title='bbox 2188 2259 2294 2294; x_wconf 86' lang='lat' dir='ltr'>potest</span> <span class='ocrx_word' id='word_1_1086' title='bbox 2317 2252 2493 2294; x_wconf 75' lang='lat' dir='ltr'>perfectam</span> 
     </span>
     <span class='ocr_line' id='line_1_152' title="bbox 1415 2295 2493 2338; baseline 0.001 -10"><span class='ocrx_word' id='word_1_1087' title='bbox 1415 2297 1543 2338; x_wconf 89' lang='lat' dir='ltr'>plebem</span> <span class='ocrx_word' id='word_1_1088' title='bbox 1566 2296 1678 2332; x_wconf 89' lang='lat' dir='ltr'>facere,</span> <span class='ocrx_word' id='word_1_1089' title='bbox 1705 2307 1779 2327; x_wconf 88' lang='lat' dir='ltr'>cum</span> <span class='ocrx_word' id='word_1_1090' title='bbox 1803 2295 1892 2336; x_wconf 91' lang='lat' dir='ltr'>plebs</span> <span class='ocrx_word' id='word_1_1091' title='bbox 1917 2303 2041 2328; x_wconf 89' lang='lat' dir='ltr'>constet</span> <span class='ocrx_word' id='word_1_1092' title='bbox 2063 2307 2101 2328; x_wconf 85' lang='lat' dir='ltr'>ex</span> <span class='ocrx_word' id='word_1_1093' title='bbox 2125 2297 2244 2329; x_wconf 88' lang='lat' dir='ltr'>clericis</span> <span class='ocrx_word' id='word_1_1094' title='bbox 2259 2304 2290 2329; x_wconf 91' lang='lat' dir='ltr'>et</span> <span class='ocrx_word' id='word_1_1095' title='bbox 2305 2297 2409 2335; x_wconf 84' lang='lat' dir='ltr'>laicis;</span> <span class='ocrx_word' id='word_1_1096' title='bbox 2433 2307 2493 2334; x_wconf 82' lang='lat' dir='ltr'>nec</span> 
     </span>
     <span class='ocr_line' id='line_1_153' title="bbox 1415 2341 2492 2383; baseline 0.001 -10"><span class='ocrx_word' id='word_1_1097' title='bbox 1415 2348 1520 2382; x_wconf 90' lang='lat' dir='ltr'>potest</span> <span class='ocrx_word' id='word_1_1098' title='bbox 1543 2351 1728 2372; x_wconf 87' lang='lat' dir='ltr'>consecrare</span> <span class='ocrx_word' id='word_1_1099' title='bbox 1750 2341 1898 2381; x_wconf 88' lang='lat' dir='ltr'>virgines,</span> <span class='ocrx_word' id='word_1_1100' title='bbox 1923 2351 2005 2382; x_wconf 89' lang='lat' dir='ltr'>quae</span> <span class='ocrx_word' id='word_1_1101' title='bbox 2021 2348 2129 2372; x_wconf 88' lang='lat' dir='ltr'>tamen</span> <span class='ocrx_word' id='word_1_1102' title='bbox 2149 2341 2309 2373; x_wconf 81' lang='lat' dir='ltr'>illustrior</span> <span class='ocrx_word' id='word_1_1103' title='bbox 2324 2347 2372 2374; x_wconf 86' lang='lat' dir='ltr'>est</span> <span class='ocrx_word' id='word_1_1104' title='bbox 2381 2342 2492 2383; x_wconf 76' lang='lat' dir='ltr'>portio</span> 
     </span>
     <span class='ocr_line' id='line_1_154' title="bbox 1409 2385 2492 2428; baseline 0.001 -11"><span class='ocrx_word' id='word_1_1105' title='bbox 1409 2387 1514 2428; x_wconf 81' lang='lat' dir='ltr'>plebis</span> <span class='ocrx_word' id='word_1_1106' title='bbox 1540 2385 1661 2417; x_wconf 80' lang='lat' dir='ltr'>Christi</span> <span class='ocrx_word' id='word_1_1107' title='bbox 1675 2386 1709 2424; x_wconf 89' lang='lat'>*;</span> <span class='ocrx_word' id='word_1_1108' title='bbox 1734 2395 1793 2416; x_wconf 92' lang='lat' dir='ltr'>nec</span> <span class='ocrx_word' id='word_1_1109' title='bbox 1816 2392 1923 2425; x_wconf 89' lang='lat' dir='ltr'>potest</span> <span class='ocrx_word' id='word_1_1110' title='bbox 1946 2394 2130 2416; x_wconf 87' lang='lat' dir='ltr'>consecrare</span> <span class='ocrx_word' id='word_1_1111' title='bbox 2147 2386 2302 2423; x_wconf 85' lang='lat' dir='ltr'>ecclesias,</span> <span class='ocrx_word' id='word_1_1112' title='bbox 2323 2387 2357 2417; x_wconf 90' lang='lat' dir='ltr'>in</span> <span class='ocrx_word' id='word_1_1113' title='bbox 2373 2386 2492 2428; x_wconf 83' lang='lat' dir='ltr'>quibus</span> 
     </span>
     <span class='ocr_line' id='line_1_155' title="bbox 1414 2430 2494 2471; baseline 0.001 -9"><span class='ocrx_word' id='word_1_1114' title='bbox 1414 2438 1522 2462; x_wconf 86' lang='lat' dir='ltr'>tamen</span> <span class='ocrx_word' id='word_1_1115' title='bbox 1546 2430 1716 2471; x_wconf 86' lang='lat' dir='ltr'>praecipue</span> <span class='ocrx_word' id='word_1_1116' title='bbox 1740 2430 1912 2461; x_wconf 87' lang='lat' dir='ltr'>exercenda</span> <span class='ocrx_word' id='word_1_1117' title='bbox 1931 2437 1978 2461; x_wconf 90' lang='lat' dir='ltr'>est</span> <span class='ocrx_word' id='word_1_1118' title='bbox 2002 2440 2076 2461; x_wconf 87' lang='lat' dir='ltr'>cura</span> <span class='ocrx_word' id='word_1_1119' title='bbox 2092 2430 2285 2462; x_wconf 85' lang='lat' dir='ltr'>animarum.</span> <span class='ocrx_word' id='word_1_1120' title='bbox 2309 2449 2330 2454; x_wconf 97' lang='lat'><em>-</em></span> <span class='ocrx_word' id='word_1_1121' title='bbox 2353 2432 2420 2462; x_wconf 88' lang='lat' dir='ltr'>Nec</span> <span class='ocrx_word' id='word_1_1122' title='bbox 2436 2432 2494 2463; x_wconf 90' lang='lat' dir='ltr'>ob-</span> 
     </span>
     <span class='ocr_line' id='line_1_156' title="bbox 1415 2474 2492 2517; baseline 0.001 -10"><span class='ocrx_word' id='word_1_1123' title='bbox 1415 2482 1476 2507; x_wconf 86' lang='lat' dir='ltr'>stat</span> <span class='ocrx_word' id='word_1_1124' title='bbox 1500 2476 1525 2506; x_wconf 90' lang='lat' dir='ltr'>si</span> <span class='ocrx_word' id='word_1_1125' title='bbox 1550 2475 1673 2506; x_wconf 87' lang='lat' dir='ltr'>dicatur</span> <span class='ocrx_word' id='word_1_1126' title='bbox 1695 2475 1736 2506; x_wconf 87' lang='lat' dir='ltr'>ad</span> <span class='ocrx_word' id='word_1_1127' title='bbox 1759 2474 1839 2506; x_wconf 90' lang='lat' dir='ltr'>illud</span> <span class='ocrx_word' id='word_1_1128' title='bbox 1864 2474 1902 2505; x_wconf 89' lang='lat' dir='ltr'>de</span> <span class='ocrx_word' id='word_1_1129' title='bbox 1926 2475 2097 2516; x_wconf 88' lang='lat' dir='ltr'>baptismo,</span> <span class='ocrx_word' id='word_1_1130' title='bbox 2121 2476 2211 2517; x_wconf 90' lang='lat' dir='ltr'>quod</span> <span class='ocrx_word' id='word_1_1131' title='bbox 2235 2476 2304 2507; x_wconf 87' lang='lat' dir='ltr'>sola</span> <span class='ocrx_word' id='word_1_1132' title='bbox 2327 2485 2411 2517; x_wconf 82' lang='lat' dir='ltr'>aqua</span> <span class='ocrx_word' id='word_1_1133' title='bbox 2425 2475 2492 2508; x_wconf 78' lang='lat' dir='ltr'>suf·</span> 
     </span>
     <span class='ocr_line' id='line_1_157' title="bbox 1414 2519 2493 2563; baseline 0 -11"><span class='ocrx_word' id='word_1_1134' title='bbox 1414 2520 1489 2552; x_wconf 84' lang='lat' dir='ltr'>ficit.</span> <span class='ocrx_word' id='word_1_1135' title='bbox 1523 2519 1689 2558; x_wconf 87' lang='lat' dir='ltr'>Quoniam</span> <span class='ocrx_word' id='word_1_1136' title='bbox 1719 2519 1782 2550; x_wconf 89' lang='lat' dir='ltr'>hoc</span> <span class='ocrx_word' id='word_1_1137' title='bbox 1813 2526 1860 2550; x_wconf 89' lang='lat' dir='ltr'>est</span> <span class='ocrx_word' id='word_1_1138' title='bbox 1882 2529 1995 2550; x_wconf 87' lang='lat' dir='ltr'>verum</span> <span class='ocrx_word' id='word_1_1139' title='bbox 2026 2519 2059 2550; x_wconf 91' lang='lat' dir='ltr'>in</span> <span class='ocrx_word' id='word_1_1140' title='bbox 2083 2530 2158 2551; x_wconf 89' lang='lat' dir='ltr'>casu</span> <span class='ocrx_word' id='word_1_1141' title='bbox 2181 2520 2215 2551; x_wconf 89' lang='lat' dir='ltr'>in</span> <span class='ocrx_word' id='word_1_1142' title='bbox 2238 2530 2305 2562; x_wconf 91' lang='lat' dir='ltr'>quo</span> <span class='ocrx_word' id='word_1_1143' title='bbox 2329 2521 2493 2563; x_wconf 78' lang='lat' dir='ltr'>presbyter</span> 
     </span>
     <span class='ocr_line' id='line_1_158' title="bbox 1415 2564 2492 2607; baseline 0.001 -11"><span class='ocrx_word' id='word_1_1144' title='bbox 1415 2565 1588 2607; x_wconf 88' lang='lat' dir='ltr'>baptizaret</span> <span class='ocrx_word' id='word_1_1145' title='bbox 1612 2571 1647 2595; x_wconf 91' lang='lat' dir='ltr'>ut</span> <span class='ocrx_word' id='word_1_1146' title='bbox 1670 2564 1792 2596; x_wconf 88' lang='lat' dir='ltr'>vetula:</span> <span class='ocrx_word' id='word_1_1147' title='bbox 1825 2574 1930 2595; x_wconf 90' lang='lat' dir='ltr'>sermo</span> <span class='ocrx_word' id='word_1_1148' title='bbox 1955 2570 2063 2595; x_wconf 88' lang='lat' dir='ltr'>autem</span> <span class='ocrx_word' id='word_1_1149' title='bbox 2088 2572 2135 2596; x_wconf 90' lang='lat' dir='ltr'>est</span> <span class='ocrx_word' id='word_1_1150' title='bbox 2159 2564 2198 2596; x_wconf 92' lang='lat' dir='ltr'>de</span> <span class='ocrx_word' id='word_1_1151' title='bbox 2221 2571 2331 2597; x_wconf 86' lang='lat' dir='ltr'>curato</span> <span class='ocrx_word' id='word_1_1152' title='bbox 2359 2565 2492 2607; x_wconf 80' lang='lat' dir='ltr'>quando</span> 
     </span>
     <span class='ocr_line' id='line_1_159' title="bbox 1415 2610 1775 2651; baseline -0.006 -10"><span class='ocrx_word' id='word_1_1153' title='bbox 1415 2610 1555 2651; x_wconf 86' lang='lat' dir='ltr'>baptizat</span> <span class='ocrx_word' id='word_1_1154' title='bbox 1579 2616 1614 2640; x_wconf 93' lang='lat' dir='ltr'>ut</span> <span class='ocrx_word' id='word_1_1155' title='bbox 1638 2616 1775 2640; x_wconf 91' lang='lat' dir='ltr'>curatus.</span> 
     </span>
    </p>

    <p class='ocr_par' dir='ltr' id='par_1_39' title="bbox 1415 2652 2494 3043">
     <span class='ocr_line' id='line_1_160' title="bbox 1471 2652 2494 2699; baseline 0.001 -14"><span class='ocrx_word' id='word_1_1156' title='bbox 1471 2655 1511 2685; x_wconf 87' lang='lat' dir='ltr'>Et</span> <span class='ocrx_word' id='word_1_1157' title='bbox 1535 2654 1609 2685; x_wconf 91' lang='lat' dir='ltr'>hinc</span> <span class='ocrx_word' id='word_1_1158' title='bbox 1633 2660 1718 2694; x_wconf 87' lang='lat' dir='ltr'>patet</span> <span class='ocrx_word' id='word_1_1159' title='bbox 1742 2653 1920 2684; x_wconf 89' lang='lat' dir='ltr'>intellectus</span> <span class='ocrx_word' id='word_1_1160' title='bbox 1943 2652 2067 2694; x_wconf 86' lang='lat' dir='ltr'>repetiti</span> <span class='ocrx_word' id='word_1_1161' title='bbox 2092 2653 2167 2685; x_wconf 87' lang='lat' dir='ltr'>dicti</span> <span class='ocrx_word' id='word_1_1162' title='bbox 2189 2653 2222 2685; x_wconf 89' lang='lat' dir='ltr'>in</span> <span class='ocrx_word' id='word_1_1163' title='bbox 2237 2653 2350 2699; x_wconf 77' lang='lat' dir='ltr'>littera,</span> <span class='ocrx_word' id='word_1_1164' title='bbox 2374 2653 2494 2686; x_wconf 83' lang='lat' dir='ltr'>seilicet</span> 
     </span>
     <span class='ocr_line' id='line_1_161' title="bbox 1415 2698 2492 2741; baseline 0.001 -11"><span class='ocrx_word' id='word_1_1165' title='bbox 1415 2700 1505 2741; x_wconf 93' lang='lat' dir='ltr'>quod</span> <span class='ocrx_word' id='word_1_1166' title='bbox 1529 2703 1643 2730; x_wconf 80' lang='lat' dir='ltr'>curato</span> <span class='ocrx_word' id='word_1_1167' title='bbox 1671 2698 1829 2739; x_wconf 82' lang='lat' dir='ltr'>quaedam</span> <span class='ocrx_word' id='word_1_1168' title='bbox 1858 2698 2079 2738; x_wconf 78' lang='lat' dir='ltr'>particularia</span> <span class='ocrx_word' id='word_1_1169' title='bbox 2101 2702 2179 2730; x_wconf 76' lang='lat' dir='ltr'>sunt</span> <span class='ocrx_word' id='word_1_1170' title='bbox 2201 2700 2372 2731; x_wconf 81' lang='lat' dir='ltr'>commissa</span> <span class='ocrx_word' id='word_1_1171' title='bbox 2391 2699 2492 2731; x_wconf 51' lang='lat' dir='ltr'>&lt;circa</span> 
     </span>
     <span class='ocr_line' id='line_1_162' title="bbox 1415 2742 2491 2785; baseline -0.001 -10"><span class='ocrx_word' id='word_1_1172' title='bbox 1415 2754 1529 2775; x_wconf 88' lang='lat' dir='ltr'>curam</span> <span class='ocrx_word' id='word_1_1173' title='bbox 1554 2745 1751 2779; x_wconf 85' lang='lat' dir='ltr'>animarum.</span> <span class='ocrx_word' id='word_1_1174' title='bbox 1785 2745 1928 2784; x_wconf 85' lang='lat' dir='ltr'>Apparet</span> <span class='ocrx_word' id='word_1_1175' title='bbox 1955 2742 2042 2774; x_wconf 89' lang='lat' dir='ltr'>enim</span> <span class='ocrx_word' id='word_1_1176' title='bbox 2065 2743 2232 2775; x_wconf 85' lang='lat' dir='ltr'>manifeste</span> <span class='ocrx_word' id='word_1_1177' title='bbox 2264 2753 2301 2775; x_wconf 87' lang='lat' dir='ltr'>ex</span> <span class='ocrx_word' id='word_1_1178' title='bbox 2323 2743 2374 2775; x_wconf 84' lang='lat' dir='ltr'>his</span> <span class='ocrx_word' id='word_1_1179' title='bbox 2401 2743 2491 2785; x_wconf 85' lang='lat' dir='ltr'>quod</span> 
     </span>
     <span class='ocr_line' id='line_1_163' title="bbox 1417 2787 2492 2829; baseline -0.001 -9"><span class='ocrx_word' id='word_1_1180' title='bbox 1417 2799 1482 2820; x_wconf 90' lang='lat' dir='ltr'>non</span> <span class='ocrx_word' id='word_1_1181' title='bbox 1507 2788 1617 2819; x_wconf 88' lang='lat' dir='ltr'>omnia</span> <span class='ocrx_word' id='word_1_1182' title='bbox 1640 2787 1790 2829; x_wconf 85' lang='lat' dir='ltr'>requisita</span> <span class='ocrx_word' id='word_1_1183' title='bbox 1820 2788 1860 2818; x_wconf 84' lang='lat' dir='ltr'>ad</span> <span class='ocrx_word' id='word_1_1184' title='bbox 1884 2787 2161 2828; x_wconf 89' lang='lat' dir='ltr'>complementum</span> <span class='ocrx_word' id='word_1_1185' title='bbox 2193 2798 2287 2820; x_wconf 78' lang='lat' dir='ltr'>curae</span> <span class='ocrx_word' id='word_1_1186' title='bbox 2310 2787 2492 2820; x_wconf 79' lang='lat' dir='ltr'>animarum</span> 
     </span>
     <span class='ocr_line' id='line_1_164' title="bbox 1416 2832 2492 2875; baseline -0.002 -10"><span class='ocrx_word' id='word_1_1187' title='bbox 1416 2841 1522 2875; x_wconf 87' lang='lat' dir='ltr'>potest</span> <span class='ocrx_word' id='word_1_1188' title='bbox 1545 2832 1677 2870; x_wconf 89' lang='lat' dir='ltr'>efficere,</span> <span class='ocrx_word' id='word_1_1189' title='bbox 1700 2833 1755 2863; x_wconf 90' lang='lat' dir='ltr'>sed</span> <span class='ocrx_word' id='word_1_1190' title='bbox 1779 2833 1938 2873; x_wconf 87' lang='lat' dir='ltr'>quaedam</span> <span class='ocrx_word' id='word_1_1191' title='bbox 1953 2832 2045 2864; x_wconf 87' lang='lat' dir='ltr'>valde</span> <span class='ocrx_word' id='word_1_1192' title='bbox 2068 2842 2179 2874; x_wconf 86' lang='lat' dir='ltr'>pauca.</span> <span class='ocrx_word' id='word_1_1193' title='bbox 2203 2832 2245 2864; x_wconf 89' lang='lat' dir='ltr'>Et</span> <span class='ocrx_word' id='word_1_1194' title='bbox 2268 2832 2313 2864; x_wconf 91' lang='lat' dir='ltr'>sic</span> <span class='ocrx_word' id='word_1_1195' title='bbox 2335 2839 2421 2873; x_wconf 82' lang='lat' dir='ltr'>patet</span> <span class='ocrx_word' id='word_1_1196' title='bbox 2444 2832 2492 2863; x_wconf 90' lang='lat' dir='ltr'>in-</span> 
     </span>
     <span class='ocr_line' id='line_1_165' title="bbox 1416 2876 2492 2918; baseline -0.002 -8"><span class='ocrx_word' id='word_1_1197' title='bbox 1416 2885 1502 2910; x_wconf 85' lang='lat' dir='ltr'>tenta</span> <span class='ocrx_word' id='word_1_1198' title='bbox 1526 2877 1707 2909; x_wconf 84' lang='lat' dir='ltr'>conclusio:</span> <span class='ocrx_word' id='word_1_1199' title='bbox 1743 2876 1860 2908; x_wconf 87' lang='lat' dir='ltr'>scilicet</span> <span class='ocrx_word' id='word_1_1200' title='bbox 1891 2876 1981 2918; x_wconf 88' lang='lat' dir='ltr'>quod</span> <span class='ocrx_word' id='word_1_1201' title='bbox 2005 2884 2115 2909; x_wconf 83' lang='lat' dir='ltr'>curato</span> <span class='ocrx_word' id='word_1_1202' title='bbox 2146 2886 2212 2908; x_wconf 89' lang='lat' dir='ltr'>non</span> <span class='ocrx_word' id='word_1_1203' title='bbox 2241 2876 2391 2908; x_wconf 82' lang='lat' dir='ltr'>convenit</span> <span class='ocrx_word' id='word_1_1204' title='bbox 2417 2886 2492 2908; x_wconf 85' lang='lat' dir='ltr'>cura</span> 
     </span>
     <span class='ocr_line' id='line_1_166' title="bbox 1416 2921 2491 2963; baseline -0.002 -9"><span class='ocrx_word' id='word_1_1205' title='bbox 1416 2923 1596 2954; x_wconf 81' lang='lat' dir='ltr'>animarum</span> <span class='ocrx_word' id='word_1_1206' title='bbox 1620 2921 1846 2963; x_wconf 87' lang='lat' dir='ltr'>principaliter,</span> <span class='ocrx_word' id='word_1_1207' title='bbox 1871 2922 1926 2953; x_wconf 91' lang='lat' dir='ltr'>sed</span> <span class='ocrx_word' id='word_1_1208' title='bbox 1950 2921 2149 2959; x_wconf 87' lang='lat' dir='ltr'>secundario,</span> <span class='ocrx_word' id='word_1_1209' title='bbox 2174 2921 2236 2952; x_wconf 89' lang='lat' dir='ltr'>hoc</span> <span class='ocrx_word' id='word_1_1210' title='bbox 2260 2928 2316 2958; x_wconf 87' lang='lat' dir='ltr'>est,</span> <span class='ocrx_word' id='word_1_1211' title='bbox 2341 2928 2377 2953; x_wconf 94' lang='lat' dir='ltr'>ut</span> <span class='ocrx_word' id='word_1_1212' title='bbox 2400 2921 2491 2953; x_wconf 84' lang='lat' dir='ltr'>adiu·</span> 
     </span>
     <span class='ocr_line' id='line_1_167' title="bbox 1416 2965 2491 3008; baseline 0 -10"><span class='ocrx_word' id='word_1_1213' title='bbox 1416 2967 1512 3004; x_wconf 87' lang='lat' dir='ltr'>vanti,</span> <span class='ocrx_word' id='word_1_1214' title='bbox 1530 2974 1566 2998; x_wconf 90' lang='lat' dir='ltr'>ut</span> <span class='ocrx_word' id='word_1_1215' title='bbox 1588 2967 1721 3007; x_wconf 86' lang='lat' dir='ltr'>allegata</span> <span class='ocrx_word' id='word_1_1216' title='bbox 1745 2966 1851 3007; x_wconf 82' lang='lat' dir='ltr'>glossa</span> <span class='ocrx_word' id='word_1_1217' title='bbox 1864 2965 1898 2997; x_wconf 91' lang='lat' dir='ltr'>in</span> <span class='ocrx_word' id='word_1_1218' title='bbox 1917 2966 2019 2998; x_wconf 85' lang='lat' dir='ltr'>littera</span> <span class='ocrx_word' id='word_1_1219' title='bbox 2030 2966 2048 2986; x_wconf 72' lang='lat'>¹·</span> <span class='ocrx_word' id='word_1_1220' title='bbox 2064 2975 2101 2998; x_wconf 88' lang='lat' dir='ltr'>ex</span> <span class='ocrx_word' id='word_1_1221' title='bbox 2117 2966 2128 2997; x_wconf 90' lang='lat'>1</span> <span class='ocrx_word' id='word_1_1222' title='bbox 2145 2966 2188 2997; x_wconf 79' lang='lat' dir='ltr'>ad</span> <span class='ocrx_word' id='word_1_1223' title='bbox 2206 2965 2281 2996; x_wconf 90' lang='lat' dir='ltr'>Cor.</span> <span class='ocrx_word' id='word_1_1224' title='bbox 2298 2976 2351 3003; x_wconf 75' lang='grc' dir='ltr'>ιιι,</span> <span class='ocrx_word' id='word_1_1225' title='bbox 2369 2966 2491 3008; x_wconf 87' lang='lat' dir='ltr'>optime</span> 
     </span>
     <span class='ocr_line' id='line_1_168' title="bbox 1418 3012 1504 3043; baseline 0 0"><span class='ocrx_word' id='word_1_1226' title='bbox 1418 3012 1504 3043; x_wconf 87' lang='lat' dir='ltr'>dixit.</span> 
     </span>
    </p>

    <p class='ocr_par' dir='ltr' id='par_1_40' title="bbox 1417 3054 2492 3365">
     <span class='ocr_line' id='line_1_169' title="bbox 1472 3054 2491 3095; baseline -0.001 -7"><span class='ocrx_word' id='word_1_1227' title='bbox 1472 3057 1540 3088; x_wconf 89' lang='lat' dir='ltr'>Vll.</span> <span class='ocrx_word' id='word_1_1228' title='bbox 1566 3056 1684 3095; x_wconf 87' lang='lat' dir='ltr'>Quoad</span> <span class='ocrx_word' id='word_1_1229' title='bbox 1708 3055 1883 3087; x_wconf 85' lang='lat' dir='ltr'>secundam</span> <span class='ocrx_word' id='word_1_1230' title='bbox 1902 3065 1978 3086; x_wconf 88' lang='lat' dir='ltr'>vero</span> <span class='ocrx_word' id='word_1_1231' title='bbox 2003 3054 2244 3086; x_wconf 89' lang='lat' dir='ltr'>conclusionem</span> <span class='ocrx_word' id='word_1_1232' title='bbox 2268 3054 2301 3086; x_wconf 93' lang='lat' dir='ltr'>in</span> <span class='ocrx_word' id='word_1_1233' title='bbox 2326 3055 2428 3087; x_wconf 84' lang='lat' dir='ltr'>littera</span> <span class='ocrx_word' id='word_1_1234' title='bbox 2452 3055 2491 3087; x_wconf 89' lang='lat' dir='ltr'>de</span> 
     </span>
     <span class='ocr_line' id='line_1_170' title="bbox 1418 3098 2491 3142; baseline -0.002 -9"><span class='ocrx_word' id='word_1_1235' title='bbox 1418 3108 1527 3133; x_wconf 85' lang='lat' dir='ltr'>curato</span> <span class='ocrx_word' id='word_1_1236' title='bbox 1551 3101 1701 3142; x_wconf 87' lang='lat' dir='ltr'>positam,</span> <span class='ocrx_word' id='word_1_1237' title='bbox 1717 3099 1834 3132; x_wconf 88' lang='lat' dir='ltr'>scilicet</span> <span class='ocrx_word' id='word_1_1238' title='bbox 1853 3099 1944 3141; x_wconf 91' lang='lat' dir='ltr'>quod</span> <span class='ocrx_word' id='word_1_1239' title='bbox 1959 3109 2026 3130; x_wconf 90' lang='lat' dir='ltr'>non</span> <span class='ocrx_word' id='word_1_1240' title='bbox 2041 3098 2137 3130; x_wconf 83' lang='lat' dir='ltr'>habet</span> <span class='ocrx_word' id='word_1_1241' title='bbox 2153 3109 2263 3130; x_wconf 86' lang='lat' dir='ltr'>curam</span> <span class='ocrx_word' id='word_1_1242' title='bbox 2282 3099 2491 3142; x_wconf 83' lang='lat' dir='ltr'>principalem</span> 
     </span>
     <span class='ocr_line' id='line_1_171' title="bbox 1417 3143 2491 3186; baseline -0.001 -10"><span class='ocrx_word' id='word_1_1243' title='bbox 1417 3146 1598 3177; x_wconf 86' lang='lat' dir='ltr'>animarum</span> <span class='ocrx_word' id='word_1_1244' title='bbox 1613 3145 1639 3183; x_wconf 74' lang='lat'>¹⁸²,</span> <span class='ocrx_word' id='word_1_1245' title='bbox 1665 3145 1757 3176; x_wconf 83' lang='lat' dir='ltr'>facile</span> <span class='ocrx_word' id='word_1_1246' title='bbox 1780 3150 1887 3185; x_wconf 84' lang='lat' dir='ltr'>patere</span> <span class='ocrx_word' id='word_1_1247' title='bbox 1901 3150 2008 3186; x_wconf 83' lang='lat' dir='ltr'>potest</span> <span class='ocrx_word' id='word_1_1248' title='bbox 2026 3143 2116 3185; x_wconf 92' lang='lat' dir='ltr'>quod</span> <span class='ocrx_word' id='word_1_1249' title='bbox 2135 3143 2318 3185; x_wconf 85' lang='lat' dir='ltr'>principalis</span> <span class='ocrx_word' id='word_1_1250' title='bbox 2334 3154 2410 3176; x_wconf 83' lang='lat' dir='ltr'>cura</span> <span class='ocrx_word' id='word_1_1251' title='bbox 2425 3144 2491 3175; x_wconf 82' lang='lat' dir='ltr'>ani-</span> 
     </span>
     <span class='ocr_line' id='line_1_172' title="bbox 1418 3188 2490 3230; baseline -0.002 -8"><span class='ocrx_word' id='word_1_1252' title='bbox 1418 3200 1544 3222; x_wconf 84' lang='lat' dir='ltr'>marum</span> <span class='ocrx_word' id='word_1_1253' title='bbox 1568 3190 1712 3222; x_wconf 86' lang='lat' dir='ltr'>consistit</span> <span class='ocrx_word' id='word_1_1254' title='bbox 1734 3189 1767 3220; x_wconf 89' lang='lat' dir='ltr'>in</span> <span class='ocrx_word' id='word_1_1255' title='bbox 1791 3188 2018 3230; x_wconf 79' lang='lat' dir='ltr'>principalibus</span> <span class='ocrx_word' id='word_1_1256' title='bbox 2034 3188 2156 3219; x_wconf 80' lang='lat' dir='ltr'>actibus</span> <span class='ocrx_word' id='word_1_1257' title='bbox 2172 3188 2272 3229; x_wconf 91' lang='lat' dir='ltr'>ipsius</span> <span class='ocrx_word' id='word_1_1258' title='bbox 2287 3198 2391 3220; x_wconf 82' lang='lat' dir='ltr'>curae.</span> <span class='ocrx_word' id='word_1_1259' title='bbox 2415 3189 2490 3220; x_wconf 88' lang='lat' dir='ltr'>Non</span> 
     </span>
     <span class='ocr_line' id='line_1_173' title="bbox 1418 3232 2490 3274; baseline -0.003 -7"><span class='ocrx_word' id='word_1_1260' title='bbox 1418 3241 1528 3266; x_wconf 86' lang='lat' dir='ltr'>curato</span> <span class='ocrx_word' id='word_1_1261' title='bbox 1552 3242 1676 3271; x_wconf 84' lang='lat' dir='ltr'>autem,</span> <span class='ocrx_word' id='word_1_1262' title='bbox 1701 3234 1756 3265; x_wconf 89' lang='lat' dir='ltr'>sed</span> <span class='ocrx_word' id='word_1_1263' title='bbox 1785 3233 1938 3274; x_wconf 88' lang='lat' dir='ltr'>episcopo</span> <span class='ocrx_word' id='word_1_1264' title='bbox 1962 3232 2159 3264; x_wconf 86' lang='lat' dir='ltr'>conveniunt</span> <span class='ocrx_word' id='word_1_1265' title='bbox 2189 3233 2378 3274; x_wconf 85' lang='lat' dir='ltr'>principales</span> <span class='ocrx_word' id='word_1_1266' title='bbox 2402 3239 2490 3265; x_wconf 78' lang='lat' dir='ltr'>nctus</span> 
     </span>
     <span class='ocr_line' id='line_1_174' title="bbox 1417 3277 2492 3321; baseline -0.002 -10"><span class='ocrx_word' id='word_1_1267' title='bbox 1417 3280 1518 3321; x_wconf 88' lang='lat' dir='ltr'>ipsius</span> <span class='ocrx_word' id='word_1_1268' title='bbox 1543 3289 1646 3311; x_wconf 84' lang='lat' dir='ltr'>curae.</span> <span class='ocrx_word' id='word_1_1269' title='bbox 1671 3279 1757 3319; x_wconf 83' lang='lat' dir='ltr'>Ergo</span> <span class='ocrx_word' id='word_1_1270' title='bbox 1773 3287 1840 3309; x_wconf 88' lang='lat' dir='ltr'>non</span> <span class='ocrx_word' id='word_1_1271' title='bbox 1857 3283 1978 3314; x_wconf 82' lang='lat' dir='ltr'>curato,</span> <span class='ocrx_word' id='word_1_1272' title='bbox 1995 3277 2051 3308; x_wconf 89' lang='lat' dir='ltr'>sed</span> <span class='ocrx_word' id='word_1_1273' title='bbox 2067 3277 2221 3318; x_wconf 87' lang='lat' dir='ltr'>episcopo</span> <span class='ocrx_word' id='word_1_1274' title='bbox 2239 3278 2390 3310; x_wconf 81' lang='lat' dir='ltr'>convenit</span> <span class='ocrx_word' id='word_1_1275' title='bbox 2407 3277 2492 3319; x_wconf 82' lang='lat' dir='ltr'>prin·</span> 
     </span>
     <span class='ocr_line' id='line_1_175' title="bbox 1418 3323 1841 3365; baseline -0.009 -9"><span class='ocrx_word' id='word_1_1276' title='bbox 1418 3324 1527 3365; x_wconf 89' lang='lat' dir='ltr'>cipalis</span> <span class='ocrx_word' id='word_1_1277' title='bbox 1552 3334 1627 3355; x_wconf 89' lang='lat' dir='ltr'>cura</span> <span class='ocrx_word' id='word_1_1278' title='bbox 1650 3323 1841 3354; x_wconf 85' lang='lat' dir='ltr'>animarum.</span> 
     </span>
    </p>

    <p class='ocr_par' dir='ltr' id='par_1_41' title="bbox 1417 3365 2490 3674">
     <span class='ocr_line' id='line_1_176' title="bbox 1473 3365 2490 3407; baseline -0.002 -7"><span class='ocrx_word' id='word_1_1279' title='bbox 1473 3368 1577 3400; x_wconf 88' lang='lat' dir='ltr'>Maior</span> <span class='ocrx_word' id='word_1_1280' title='bbox 1599 3374 1646 3399; x_wconf 87' lang='lat' dir='ltr'>est</span> <span class='ocrx_word' id='word_1_1281' title='bbox 1669 3377 1706 3398; x_wconf 86' lang='lat' dir='ltr'>ex</span> <span class='ocrx_word' id='word_1_1282' title='bbox 1724 3366 1832 3407; x_wconf 70' lang='lat' dir='ltr'>seipsa</span> <span class='ocrx_word' id='word_1_1283' title='bbox 1855 3365 2101 3397; x_wconf 84' lang='lat' dir='ltr'>evidentissima.</span> <span class='ocrx_word' id='word_1_1284' title='bbox 2126 3384 2145 3390; x_wconf 90' lang='lat'><em>—</em></span> <span class='ocrx_word' id='word_1_1285' title='bbox 2169 3367 2277 3398; x_wconf 89' lang='lat' dir='ltr'>Minor</span> <span class='ocrx_word' id='word_1_1286' title='bbox 2296 3377 2373 3398; x_wconf 85' lang='lat' dir='ltr'>vero</span> <span class='ocrx_word' id='word_1_1287' title='bbox 2389 3367 2490 3398; x_wconf 84' lang='lat' dir='ltr'>mani-</span> 
     </span>
     <span class='ocr_line' id='line_1_177' title="bbox 1417 3410 2489 3453; baseline -0.002 -9"><span class='ocrx_word' id='word_1_1288' title='bbox 1417 3413 1549 3444; x_wconf 85' lang='lat' dir='ltr'>festatur</span> <span class='ocrx_word' id='word_1_1289' title='bbox 1571 3412 1605 3443; x_wconf 91' lang='lat' dir='ltr'>in</span> <span class='ocrx_word' id='word_1_1290' title='bbox 1628 3411 1772 3453; x_wconf 83' lang='lat' dir='ltr'>quinque</span> <span class='ocrx_word' id='word_1_1291' title='bbox 1795 3410 1926 3442; x_wconf 79' lang='lat' dir='ltr'>actibus.</span> <span class='ocrx_word' id='word_1_1292' title='bbox 1959 3411 2090 3443; x_wconf 82' lang='lat' dir='ltr'>Primus</span> <span class='ocrx_word' id='word_1_1293' title='bbox 2113 3418 2159 3443; x_wconf 93' lang='lat' dir='ltr'>est</span> <span class='ocrx_word' id='word_1_1294' title='bbox 2182 3411 2412 3443; x_wconf 79' lang='lat' dir='ltr'>administratio</span> <span class='ocrx_word' id='word_1_1295' title='bbox 2440 3421 2489 3442; x_wconf 81' lang='lat' dir='ltr'>sa-</span> 
     </span>
     <span class='ocr_line' id='line_1_178' title="bbox 1417 3454 2490 3496; baseline -0.002 -7"><span class='ocrx_word' id='word_1_1296' title='bbox 1417 3464 1655 3489; x_wconf 87' lang='lat' dir='ltr'>cramentorum</span> <span class='ocrx_word' id='word_1_1297' title='bbox 1678 3454 1879 3496; x_wconf 85' lang='lat' dir='ltr'>simpliciter:</span> <span class='ocrx_word' id='word_1_1298' title='bbox 1903 3455 1966 3486; x_wconf 89' lang='lat' dir='ltr'>hoc</span> <span class='ocrx_word' id='word_1_1299' title='bbox 1989 3462 2044 3492; x_wconf 87' lang='lat' dir='ltr'>est,</span> <span class='ocrx_word' id='word_1_1300' title='bbox 2070 3466 2137 3487; x_wconf 89' lang='lat' dir='ltr'>non</span> <span class='ocrx_word' id='word_1_1301' title='bbox 2161 3455 2257 3487; x_wconf 87' lang='lat' dir='ltr'>huius</span> <span class='ocrx_word' id='word_1_1302' title='bbox 2273 3456 2324 3487; x_wconf 91' lang='lat' dir='ltr'>vel</span> <span class='ocrx_word' id='word_1_1303' title='bbox 2339 3455 2426 3487; x_wconf 83' lang='lat' dir='ltr'>illius</span> <span class='ocrx_word' id='word_1_1304' title='bbox 2441 3465 2490 3487; x_wconf 82' lang='lat' dir='ltr'>sa—</span> 
     </span>
     <span class='ocr_line' id='line_1_179' title="bbox 1417 3499 2489 3542; baseline -0.002 -10"><span class='ocrx_word' id='word_1_1305' title='bbox 1417 3500 1579 3532; x_wconf 84' lang='lat' dir='ltr'>cramenti.</span> <span class='ocrx_word' id='word_1_1306' title='bbox 1604 3499 1739 3531; x_wconf 87' lang='lat' dir='ltr'>Constat</span> <span class='ocrx_word' id='word_1_1307' title='bbox 1762 3499 1848 3530; x_wconf 90' lang='lat' dir='ltr'>enim</span> <span class='ocrx_word' id='word_1_1308' title='bbox 1871 3500 1961 3541; x_wconf 91' lang='lat' dir='ltr'>quod</span> <span class='ocrx_word' id='word_1_1309' title='bbox 1977 3500 2065 3531; x_wconf 88' lang='lat' dir='ltr'>solus</span> <span class='ocrx_word' id='word_1_1310' title='bbox 2080 3500 2252 3542; x_wconf 82' lang='lat' dir='ltr'>episcopus</span> <span class='ocrx_word' id='word_1_1311' title='bbox 2270 3500 2366 3532; x_wconf 84' lang='lat' dir='ltr'>habet</span> <span class='ocrx_word' id='word_1_1312' title='bbox 2381 3508 2489 3532; x_wconf 79' lang='lat' dir='ltr'>curam</span> 
     </span>
     <span class='ocr_line' id='line_1_180' title="bbox 1417 3543 2490 3587; baseline -0.001 -12"><span class='ocrx_word' id='word_1_1313' title='bbox 1417 3543 1658 3576; x_wconf 86' lang='lat' dir='ltr'>administrandi</span> <span class='ocrx_word' id='word_1_1314' title='bbox 1670 3543 1855 3584; x_wconf 86' lang='lat' dir='ltr'>simpliciter</span> <span class='ocrx_word' id='word_1_1315' title='bbox 1867 3551 2062 3576; x_wconf 86' lang='lat' dir='ltr'>sacramenta</span> <span class='ocrx_word' id='word_1_1316' title='bbox 2074 3545 2214 3586; x_wconf 89' lang='lat' dir='ltr'>populo:</span> <span class='ocrx_word' id='word_1_1317' title='bbox 2230 3545 2386 3587; x_wconf 87' lang='lat' dir='ltr'>quoniam</span> <span class='ocrx_word' id='word_1_1318' title='bbox 2401 3544 2490 3575; x_wconf 85' lang='lat' dir='ltr'>solus</span> 
     </span>
     <span class='ocr_line' id='line_1_181' title="bbox 1417 3587 2490 3629; baseline -0.001 -10"><span class='ocrx_word' id='word_1_1319' title='bbox 1417 3589 1512 3620; x_wconf 82' lang='lat' dir='ltr'>habet</span> <span class='ocrx_word' id='word_1_1320' title='bbox 1534 3594 1725 3629; x_wconf 83' lang='lat' dir='ltr'>potestatem</span> <span class='ocrx_word' id='word_1_1321' title='bbox 1747 3589 1857 3619; x_wconf 85' lang='lat' dir='ltr'>omnia</span> <span class='ocrx_word' id='word_1_1322' title='bbox 1881 3589 2082 3626; x_wconf 86' lang='lat' dir='ltr'>conferendi,</span> <span class='ocrx_word' id='word_1_1323' title='bbox 2114 3595 2145 3621; x_wconf 93' lang='lat' dir='ltr'>et</span> <span class='ocrx_word' id='word_1_1324' title='bbox 2169 3589 2278 3621; x_wconf 85' lang='lat' dir='ltr'>omnia</span> <span class='ocrx_word' id='word_1_1325' title='bbox 2302 3587 2490 3621; x_wconf 83' lang='lat' dir='ltr'>conficiendi</span> 
     </span>
     <span class='ocr_line' id='line_1_182' title="bbox 1419 3634 1736 3674; baseline 0 -10"><span class='ocrx_word' id='word_1_1326' title='bbox 1419 3634 1458 3664; x_wconf 86' lang='lat' dir='ltr'>ad</span> <span class='ocrx_word' id='word_1_1327' title='bbox 1483 3643 1519 3664; x_wconf 90' lang='lat' dir='ltr'>ea</span> <span class='ocrx_word' id='word_1_1328' title='bbox 1542 3640 1736 3674; x_wconf 89' lang='lat' dir='ltr'>opportuna.</span> 
     </span>
    </p>
   </div>
   <div class='ocr_carea' id='block_1_30' title="bbox 2518 2966 2709 2997">
    <p class='ocr_par' dir='ltr' id='par_1_42' title="bbox 2518 2966 2709 2997">
     <span class='ocr_line' id='line_1_183' title="bbox 2518 2966 2709 2997; baseline -0.005 -6"><span class='ocrx_word' id='word_1_1329' title='bbox 2518 2968 2530 2979; x_wconf 75' lang='lat'>⁸</span> <span class='ocrx_word' id='word_1_1330' title='bbox 2542 2968 2593 2991; x_wconf 75' lang='lat' dir='ltr'>An.</span> <span class='ocrx_word' id='word_1_1331' title='bbox 2608 2967 2632 2997; x_wconf 79' lang='lat'>⁶,</span> <span class='ocrx_word' id='word_1_1332' title='bbox 2646 2966 2675 2990; x_wconf 76' lang='lat' dir='ltr'>nd</span> <span class='ocrx_word' id='word_1_1333' title='bbox 2688 2973 2709 2990; x_wconf 76' lang='lat' dir='ltr'>a.</span> 
     </span>
    </p>
   </div>
   <div class='ocr_carea' id='block_1_31' title="bbox 2519 3145 2651 3169">
    <p class='ocr_par' dir='ltr' id='par_1_43' title="bbox 2519 3145 2651 3169">
     <span class='ocr_line' id='line_1_184' title="bbox 2519 3145 2651 3169; baseline -0.015 1"><span class='ocrx_word' id='word_1_1334' title='bbox 2519 3146 2530 3158; x_wconf 77' lang='lat'>⁸</span> <span class='ocrx_word' id='word_1_1335' title='bbox 2543 3145 2615 3169; x_wconf 78' lang='lat' dir='ltr'>Nun.</span> <span class='ocrx_word' id='word_1_1336' title='bbox 2627 3151 2651 3168; x_wconf 79' lang='lat' dir='ltr'>v.</span> 
     </span>
    </p>
   </div>
  </div>
 </body>
</html>
