2768 4198
52 929 60 935 ⁴
82 927 138 953 Cap.

70 953 148 974 nanim
170 969 175 973 .
185 964 194 968 -

50 960 112 1007 gpp.
130 980 210 1000 Scnec.

149 925 188 1115 '‘²5⁶²''Qa

50 1248 59 1257 ⁵
70 1246 125 1294 Calp.
135 1251 167 1269 ni,
177 1251 239 1273 u.23.
251 1256 261 1260 -

50 1274 74 1294 S.
111 1273 132 1293 h,
149 1273 200 1294 lect.
216 1278 237 1293 x.

52 2325 136 2372 §.⁹31
146 2330 210 2373 ἰζ-ἀἶ’
221 2330 264 2372 1³3?

177 932 190 947 e
211 925 263 947 Ma-

203 952 263 973 Inter

294 283 343 318 66

954 276 1223 324 QUAESTlO
1254 276 1432 322 CXXIX,
1462 277 1761 314 ARTICULUS
1791 277 1825 313 V

1085 394 1406 436 ARTICULUS
1438 395 1697 446 QUINTUS

862 489 1016 521 UTRUM
1041 488 1375 519 MAGNANIMITAS
1399 489 1466 519 sn·
1490 489 1597 520 PARS
1621 490 1931 521 FORTITUDINJS

1251 569 1343 600 Supra.
1363 576 1407 601 qu.
1427 576 1532 593 exmu-

325 668 387 694 μ,
406 670 450 694 ε,
503 665 526 690 1)
548 663 710 694 QUINTUM
730 661 784 686 Sic
805 658 1048 685 PROCEDITUR.
1079 647 1239 684 Videtur
1258 646 1365 695 quod

308 700 420 767 &J
431 712 474 767 4

298 920 428 956 Virtut.
444 917 482 953 *τ
503 917 824 967 Magnanimitas,
842 928 940 965 quae
959 921 995 952 et
1002 914 1194 964 fortitudo
1215 914 1363 959 dicitur,

290 974 323 1010 si
349 972 435 1008 insit
460 972 589 1008 animo
607 976 623 991 α
652 976 737 1016 tuo,
776 982 862 1007 cum
893 981 1038 1019 magna
1065 968 1215 1017 fiducia
1248 969 1362 1004 vives.

291 1028 339 1063 Et
355 1023 503 1062 Tullius
524 1024 623 1071 dicit,
644 1024 682 1061 in
705 1026 716 1060 1
737 1024 784 1060 de
808 1024 917 1072 Offic.
933 1023 973 1060 *z
1010 1023 1119 1060 Viros
1135 1023 1263 1070 fortes
1283 1033 1364 1058 ma-

289 1079 493 1129 gnanimos
511 1090 590 1115 esse
609 1078 758 1115 eosdem
773 1076 789 1106 β
813 1078 1000 1122 volumus,
1021 1076 1188 1113 veritatis
1206 1075 1362 1121 amicos,

289 1133 517 1180 minimeque
533 1132 711 1181 fallaces.
743 1132 845 1180 Ergo
877 1130 1171 1179 magnanimitas
1200 1141 1278 1166 non
1309 1137 1365 1165 est

289 1199 377 1236 pars
407 1186 645 1223 fortitudinis.

344 1252 379 1277 2.
402 1240 637 1286 PRAETEREA,
659 1238 919 1288 Philosophus
941 1237 1041 1284 dicit,
1064 1237 1101 1274 in
1125 1237 1176 1274 1V
1193 1236 1314 1274 Ethic.
1331 1235 1363 1284 *,

291 1294 395 1343 quod
433 1294 706 1343 magnanimus
734 1305 809 1329 non
843 1298 898 1329 est
917 1291 1236 1340 philolcindynm,
1267 1289 1365 1327 idest

290 1353 442 1385 amator
465 1348 635 1396 periculi.
666 1348 726 1384 Ad
756 1347 895 1383 fortem
915 1353 1044 1382 autem
1065 1344 1228 1393 pertinet
1249 1355 1364 1393 expo-

291 1414 380 1438 nere
410 1414 450 1438 se
478 1401 668 1450 periculis.
708 1401 811 1449 Ergo
841 1398 1136 1448 magnanimitas
1166 1410 1245 1435 non
1274 1410 1365 1434 con-

290 1455 396 1492 venit
425 1467 513 1492 cum
534 1454 765 1501 fortitudine,
786 1462 828 1491 ut
857 1453 977 1503 possit
1007 1451 1079 1490 dici
1108 1464 1196 1502 pars
1217 1451 1310 1488 eius.

347 1510 381 1546 3.
404 1510 645 1556 PRAETEREA‚
676 1507 971 1556 magnanimitas
1000 1506 1151 1556 respicit
1179 1517 1363 1553 magnum

291 1563 328 1599 in
358 1563 470 1600 bonis
499 1563 719 1612 sperandis:
751 1562 932 1598 fortitudo
960 1569 1089 1598 autern
1111 1559 1264 1609 respicit
1284 1571 1365 1596 ma-

291 1629 409 1665 gnum
439 1617 476 1654 in
505 1617 615 1654 malis
639 1615 817 1653 timendis
844 1616 907 1652 vel
937 1614 1127 1652 audendis
1141 1618 1169 1651 Υ.
1201 1613 1277 1650 Sed
1298 1614 1366 1650 bo-

292 1684 384 1708 num
406 1679 462 1708 est
481 1670 730 1720 principalius
750 1681 868 1718 quam
890 1669 1050 1705 malurn.
1081 1668 1184 1716 Ergo
1207 1679 1366 1715 magna-

291 1724 443 1762 nimitas
483 1733 538 1762 est
574 1724 820 1773 principalior
856 1722 977 1759 virtus
1015 1733 1133 1770 quarn
1170 1720 1365 1758 fortitudo.

291 1779 382 1816 Non
413 1791 503 1826 ergo
534 1786 589 1815 est
617 1790 706 1826 pars
735 1777 828 1813 eius.

347 1833 422 1869 Si-:D
461 1843 609 1869 CONTRA
645 1842 711 1868 EST
748 1830 854 1879 quod
901 1828 1124 1866 Macrobius
1157 1827 1178 1849 *
1215 1835 1253 1864 et
1288 1829 1367 1863 An-

237 1874 261 1915 ¹¹]
291 1885 471 1924 dronicus
498 1887 517 1907 *
553 1892 704 1934 ponunt
742 1882 1101 1931 magnanimitatem
1137 1880 1369 1917 fortitudinis

319 1948 453 1977 artem.

291 1953 315 1989 p
345 1994 572 2030 RESPONDEO
594 2003 780 2028 mei-:NDUM
801 1990 919 2039 quod,
936 1988 1033 2026 sicut
1052 2000 1168 2038 supra
1182 1986 1202 2008 '¹‘
1222 1987 1366 2025 dictum

292 2055 358 2094 est,
389 2046 608 2096 principalis
643 2045 762 2082 virtus
792 2052 848 2081 est
877 2043 926 2080 ad
954 2055 1072 2092 quam
1106 2040 1268 2091 pertinet
1304 2040 1369 2078 ali-

291 2113 408 2150 quem
447 2100 666 2149 generalem
698 2098 861 2135 modum
890 2097 1040 2134 virtutis
1069 2095 1300 2132 constituere
1330 2095 1369 2132 in

292 2155 418 2204 aliqua
447 2153 606 2191 materia
626 2151 837 2201 principali.
870 2152 970 2188 Inter
989 2150 1085 2187 alios
1105 2157 1234 2187 autem
1255 2161 1369 2197 gene-

293 2210 389 2246 rales
409 2208 550 2245 modos
569 2206 718 2244 virtutis
738 2217 838 2242 unus
860 2212 915 2241 est
935 2204 1096 2241 firmitas
1122 2202 1258 2240 animi:
1280 2202 1370 2251 quia

282 2262 453 2311 firmiter
479 2273 519 2298 se
545 2261 686 2298 habere
715 2258 920 2307 requiritur
948 2258 985 2295 in
1012 2256 1119 2294 omni
1147 2256 1299 2303 virtute,
1330 2263 1371 2293 ut

295 2316 429 2354 dicitur
458 2315 496 2352 in
526 2316 557 2351 ll
586 2313 744 2351 Ethic.*
782 2311 994 2361 Praecipue
1024 2319 1154 2348 tamen
1188 2310 1263 2346 hoc
1292 2310 1372 2347 lau-

294 2370 406 2408 datur
434 2369 472 2406 in
501 2368 704 2405 virtutibus
733 2378 832 2416 quae
861 2366 899 2403 in
919 2364 1075 2414 aliquod
1096 2364 1261 2402 arduum
1290 2372 1371 2400 ten-

294 2424 400 2469 dunt,
431 2423 469 2460 in
498 2422 639 2472 quibus
668 2420 936 2459 difficillimum
968 2426 1023 2456 est
1043 2418 1264 2455 firmitatem
1295 2429 1371 2454 ser-

293 2489 397 2515 vare.
420 2478 468 2514 Et
487 2476 574 2514 ideo
595 2482 739 2525 quanto
762 2474 951 2511 difficilius
969 2481 1024 2510 est
1044 2472 1082 2509 in
1103 2472 1232 2521 aliquo
1249 2471 1371 2508 arduo

294 2531 454 2568 firmiter
482 2543 522 2567 se
551 2530 715 2575 habere,
754 2535 860 2565 tanto
894 2526 1138 2577 principalior
1167 2533 1223 2562 est
1250 2525 1372 2562 virtus

295 2597 394 2634 quae
424 2584 522 2621 circa
552 2584 640 2621 illud
671 2581 892 2620 firmitatem
922 2588 1089 2630 praestat
1117 2579 1260 2617 animo.
1292 2578 1372 2616 Dif-

294 2638 429 2676 ficilius
457 2645 588 2675 autem
617 2644 673 2674 est
702 2635 863 2674 firmiter
890 2647 931 2672 se
960 2635 1105 2672 habere
1132 2633 1170 2671 in
1194 2632 1372 2683 periculis

296 2692 449 2739 moi-tis„
490 2691 527 2728 in
566 2691 707 2740 quibus
737 2689 943 2727 confirmat
971 2688 1146 2726 animum
1175 2686 1371 2734 fortitudo,

295 2759 412 2796 quarn
443 2746 480 2782 in
510 2744 687 2782 maximis
716 2743 828 2781 bonis
858 2742 1056 2792 sperandis
1075 2742 1138 2779 vel
1159 2740 1372 2790 adipiscen-

296 2801 374 2846 dis,
412 2800 462 2837 ad
491 2811 590 2848 quae
621 2797 825 2836 confirmat
854 2797 1026 2834 animum
1056 2795 1371 2844 magnanimitas:

296 2854 385 2903 quia
414 2853 510 2891 sicut
538 2854 659 2890 homo
684 2852 853 2889 maxime
883 2850 1001 2899 diligit
1019 2850 1138 2887 vitam
1168 2861 1292 2895 suam,
1323 2848 1373 2886 ita

297 2907 464 2945 maxime
503 2906 638 2955 refugit
666 2906 800 2943 mortis
829 2905 1007 2954 pericula.
1049 2903 1111 2941 Sic
1150 2915 1241 2951 ergo
1270 2910 1374 2952 patet

298 2962 403 3011 quod
433 2960 726 3009 magnanimitas
756 2959 938 2997 convenit
958 2970 1047 2995 cum
1077 2957 1297 2995 fortitudine
1318 2956 1373 2993 in-

297 3023 484 3064 quantum
502 3014 706 3052 confirmat
721 3013 892 3050 animum
915 3012 1014 3049 circa
1030 3011 1173 3060 aliquid
1189 3011 1371 3048 arduum:

300 3068 427 3107 deficit
456 3076 584 3106 autem
616 3068 664 3104 ab
694 3079 739 3104 ea
768 3067 805 3104 in
826 3067 901 3103 hoc
921 3066 1027 3116 quod
1048 3066 1176 3102 firmat
1201 3064 1373 3102 animum

352 3190 380 3211 α)
399 3184 501 3209 animo.
513 3197 531 3201 -
549 3182 628 3208 cordi
646 3182 694 3207 Pa.

354 3219 378 3252 β)
399 3227 455 3245 esse
473 3219 590 3244 eosdem.
604 3233 623 3238 -
641 3218 747 3244 eosdem
763 3224 819 3242 esse
840 3217 913 3242 ΡΗα.

505 703 797 752 magnanimitas
826 714 906 738 non
935 700 981 738 sit
1009 713 1099 749 pars
1123 699 1362 737 fortitudinis.
1390 709 1391 716 ¹

327 775 422 807 (arf
451 764 473 805 (ι
506 759 611 795 Idem
657 756 758 792 enim
794 767 871 791 non
908 762 963 791 est
1005 767 1094 803 pars
1136 754 1192 790 sui
1233 753 1392 802 ipsius*

348 788 445 848 ἐπεὶ
461 804 581 848 Sed
621 809 914 857 magnanimitas
949 807 1104 845 videtur
1141 807 1244 844 idem
1281 818 1392 848 esse;

292 864 510 903 fortitudini.
532 864 631 900 Dicit
652 863 752 899 enirn
774 863 933 908 Seneca,
952 862 989 898 in
1010 861 1106 898 libro
1128 861 1174 898 de
1193 860 1366 902 Quatuor
1391 890 1392 896 ,

1419 647 1458 683 in
1488 659 1536 683 eo
1566 646 1665 683 circa
1693 647 1801 694 quod
1829 648 1973 685 facilius
2003 657 2060 686 est
2087 648 2306 686 firmitatem
2327 660 2493 686 servare.

1420 700 1533 736 Unde
1553 700 1849 747 magnanimitas
1869 701 2023 749 ponitur
2042 714 2130 751 pars
2145 701 2386 748 fortitudinis,
2404 702 2494 749 quia

1420 752 1635 800 adiungitur
1663 753 1697 789 ei
1726 753 1822 789 sicut
1850 755 2075 792 secundaria
2104 755 2313 805 principali.

1473 807 1533 842 An
1553 817 1692 843 PRIMUM
1713 817 1812 843 ERGO
1833 818 2019 844 mcENDUM
2049 809 2167 859 quod,
2197 809 2293 846 sicut
2321 809 2494 846 Philoso-

1419 859 1519 908 phus
1540 859 1640 907 dicit,
1661 859 1698 896 in
1718 859 1754 895 V
1772 860 1894 897 Ethic.
1909 859 1942 906 ²¹²,
1971 872 2105 904 carere
2123 863 2226 899 malo
2254 863 2438 911 accipitur
2456 863 2493 899 in

1419 913 1569 950 ratione
1582 914 1683 950 honi.
1705 913 1818 950 Unde
1840 922 1876 950 et
1891 926 1970 950 non
1990 914 2162 964 superari
2177 916 2226 953 ab
2242 915 2372 964 aliquo
2388 916 2495 964 gravi

1421 968 1537 1014 malo,
1567 975 1660 1016 puta
1680 979 1702 1003 a
1722 967 1899 1015 periculis
1918 967 2066 1014 mortis,
2093 968 2278 1017 accipitur
2305 970 2496 1018 quodam-

1420 1021 1540 1058 modo
1577 1033 1648 1069 pro
1684 1033 1730 1057 eo
1769 1021 1876 1069 quod
1915 1029 1972 1058 est
2007 1021 2191 1069 attingere
2229 1023 2278 1059 ad
2311 1034 2495 1071 magnum

1420 1075 1589 1111 bonum:
1621 1085 1787 1123 quorum
1823 1074 1993 1123 primurn
2031 1074 2194 1125 pertinet
2228 1075 2278 1112 ad
2311 1076 2494 1114 fortitudi-

1390 1174 1392 1177 .
1420 1141 1523 1175 nem,
1549 1129 1761 1165 secundum
1793 1129 1840 1166 ad
1869 1128 2237 1177 magnanimitatem.
2278 1128 2328 1166 Et
2362 1141 2496 1167 secun-

1420 1183 1513 1220 dum
1543 1183 1618 1219 hoc
1647 1182 1828 1219 fortitudo
1860 1190 1895 1220 et
1925 1182 2220 1231 magnanimitas
2249 1194 2319 1231 pro
2354 1183 2493 1220 eodem

1419 1236 1540 1285 accipi
1567 1243 1739 1285 possunt.
1771 1236 1873 1283 Quia
1902 1244 2032 1275 tamen
2053 1236 2125 1274 alia
2145 1236 2242 1274 ratio
2266 1235 2496 1274 difficultatis

1419 1298 1476 1327 est
1505 1290 1543 1327 in
1572 1298 1737 1339 utroque
1771 1290 2079 1339 praedictorum,
2118 1290 2229 1337 ideo,
2259 1290 2414 1339 proprie
2442 1290 2498 1328 lo—

1419 1343 1589 1392 quendo,
1611 1344 1904 1393 magnanimitas
1926 1344 1974 1381 ab
1994 1344 2197 1382 Aristotele
2211 1343 2232 1365 '¹⁸
2251 1343 2408 1393 ponitur
2426 1343 2498 1385 alia

1418 1398 1539 1435 virtus
1569 1410 1591 1434 a
1619 1397 1850 1435 fortitudine.

1474 1453 1533 1488 AD
1562 1463 1755 1489 SECUNDUM
1783 1463 1970 1490 mcENDuM
2009 1452 2114 1501 quod
2152 1459 2303 1488 amator
2338 1449 2499 1500 periculi

1422 1505 1556 1543 dicitur
1576 1505 1642 1555 qui
1657 1505 1917 1543 indifferenter
1931 1518 1971 1543 se
1993 1505 2168 1556 periculis
2185 1505 2352 1554 exponit.
2378 1504 2507 1551 Quod

1420 1559 1573 1596 videtur
1601 1559 1790 1608 pertinere
1820 1560 1868 1596 ad
1898 1571 1987 1597 eum
2012 1559 2076 1608 qui
2097 1559 2358 1596 indifferenter
2377 1559 2503 1596 multa*

1421 1612 1530 1661 quasi
1559 1624 1700 1661 magna
1721 1613 1919 1660 existimat,
1949 1614 2055 1664 quod
2078 1621 2132 1650 est
2157 1620 2289 1650 contra
2309 1612 2497 1650 rationem

1421 1666 1675 1715 magnanimi:
1715 1667 1840 1704 nullus
1870 1667 1971 1705 enim
2001 1666 2154 1704 videtur
2190 1679 2261 1716 pro
2299 1666 2427 1716 aliquo
2457 1678 2498 1703 se

1422 1720 1598 1770 periculis
1633 1732 1826 1770 exponere
1859 1720 1930 1758 nisi
1959 1720 2049 1759 illud
2080 1732 2265 1769 magnum
2296 1719 2496 1758 existimet.

1423 1775 1501 1811 Sed
1530 1785 1601 1822 pro
1630 1774 1689 1811 his
1713 1786 1813 1823 quae
1832 1786 1924 1812 vere
1945 1783 2033 1812 sunt
2052 1787 2205 1823 magna,
2226 1773 2498 1823 magnanimus

1422 1827 1710 1876 promptissime
1738 1827 1914 1877 periculis
1933 1840 1974 1865 se
1995 1828 2167 1877 exponit:
2198 1827 2288 1877 quia
2317 1835 2499 1878 operatur

1422 1892 1606 1928 magnum
1637 1880 1675 1917 in
1704 1889 1791 1918 actu
1820 1881 2061 1928 fortitudinis,
2091 1882 2187 1918 sicut
2215 1889 2252 1919 et
2279 1881 2317 1919 in
2347 1881 2498 1919 actibus

1423 1934 1585 1971 aliarum
1614 1933 1812 1971 virtutum,
1842 1934 1955 1972 Unde
1984 1942 2021 1972 et
2043 1934 2301 1984 Philosophus
2320 1934 2500 1972 ibidem*

1425 1987 1512 2025 dicit
1540 1987 1648 2037 quod
1677 1987 1948 2036 magnanimus
1983 2000 2058 2025 non
2087 1994 2142 2026 est
2168 1988 2499 2036 microltindrnus,

1424 2041 1522 2079 idest
1545 2053 1620 2090 pro
1644 2042 1779 2091 parvis
1791 2042 2024 2090 periclitans,
2045 2042 2114 2080 sed
2142 2042 2501 2092 megalolcindynus,

1425 2095 1522 2133 idest
1544 2107 1620 2144 pro
1648 2096 1802 2145 magnis
1826 2093 1840 2117 ⁶
1862 2096 2094 2144 periclitans.
2132 2096 2182 2132 Et
2215 2096 2363 2133 Seneca
2392 2094 2500 2143 dicit,

1427 2150 1462 2186 in
1493 2148 1590 2186 libro
1615 2149 1661 2186 de
1683 2149 1858 2191 Quamor
1882 2150 2013 2187 Vir-tut.
2029 2149 2067 2187 *z
2097 2149 2187 2187 Eris
2215 2149 2500 2200 magnanimus,

1424 2203 1459 2239 si
1479 2202 1653 2251 pericula
1683 2214 1751 2240 nec
1770 2209 1925 2254 appetas
1950 2209 1991 2240 ut
2015 2203 2251 2251 temerarius,
2273 2214 2342 2240 nec
2357 2201 2503 2252 formi-

1425 2257 1490 2293 des
1510 2261 1550 2293 ut
1567 2256 1740 2293 timidus:
1773 2268 1863 2295 nam
1894 2257 1988 2294 nihil
2014 2257 2187 2294 timidum
2205 2257 2303 2305 facit
2329 2256 2501 2294 animum

1427 2309 1499 2347 nisi
1525 2309 1826 2358 reprehensibilis
1852 2310 1953 2348 vitae
1980 2311 2219 2348 conscientia.

1479 2365 1540 2401 An
1567 2375 1730 2401 TERTltJM
1759 2375 1945 2402 mei-:unum
1965 2363 2072 2412 quod
2092 2364 2251 2412 malum,
2273 2363 2500 2412 inquantum

1426 2417 1661 2465 huiusmodi,
1683 2417 1906 2466 fugiendum
1927 2425 2001 2454 est:
2027 2417 2132 2466 quod
2154 2425 2283 2455 autem
2303 2417 2350 2454 sit
2369 2424 2503 2455 contra

1426 2471 1552 2521 ipsum
1572 2470 1869 2520 persistendum,
1900 2479 1957 2508 est
1974 2483 2044 2521 per
2063 2470 2255 2518 accidens,
2276 2470 2504 2520 inquantum

1425 2524 1566 2562 scilicet
1591 2532 1744 2574 oportet
1763 2524 1950 2562 sustinere
1970 2526 2071 2562 mala
2091 2524 2140 2562 ad
2169 2524 2505 2562 conservationem

1426 2579 1633 2616 bonorum.
1656 2579 1733 2617 Sed
1754 2579 1901 2615 bonum
1924 2579 1972 2616 de
2001 2590 2042 2616 se
2071 2586 2128 2615 est
2153 2578 2438 2628 appetendum:
2469 2585 2506 2615 et

1426 2632 1534 2682 quod
1562 2633 1611 2669 ab
1640 2645 1688 2670 eo
1709 2632 1927 2681 refugiatur,
1949 2644 2027 2669 non
2049 2639 2106 2669 est
2124 2631 2196 2669 nisi
2221 2644 2290 2682 per
2313 2631 2504 2678 accidens,

1426 2686 1655 2736 inquantum
1672 2686 1814 2724 scilicet
1829 2685 2065 2724 existimatur
2079 2685 2265 2724 excedere
2285 2686 2504 2723 facultatem

1427 2740 1688 2778 desiderantis.
1711 2740 1876 2790 Semper
1897 2747 2025 2777 autem
2041 2739 2147 2790 quod
2162 2747 2219 2777 est
2232 2751 2302 2790 per
2321 2751 2362 2777 se
2378 2738 2506 2789 potius

1429 2803 1484 2832 est
1504 2806 1624 2843 quam
1645 2794 1681 2832 id
1703 2794 1809 2843 quod
1839 2801 1895 2832 est
1915 2806 1986 2844 per
2014 2793 2204 2832 accidens.
2236 2794 2285 2831 Et
2305 2793 2393 2831 ideo
2423 2805 2504 2830 ma-

1427 2848 1483 2897 gis
1500 2856 1687 2898 repugnat
1702 2848 1870 2885 firmitati
1885 2847 2003 2886 animi
2024 2848 2190 2886 arduum
2206 2847 2243 2885 in
2258 2846 2368 2885 malis
2383 2858 2503 2895 quam

1427 2902 1594 2939 arduum
1623 2902 1662 2939 in
1681 2902 1805 2939 bonis.
1845 2902 1894 2939 Et
1931 2901 2020 2939 ideo
2044 2900 2292 2951 principalior
2310 2908 2367 2938 est
2384 2900 2506 2937 virtus

1428 2956 1657 2994 fortitudinis
1673 2967 1790 3005 quarn
1812 2955 2133 3004 magnanimitatis
2146 2954 2188 2992 *ε
2213 2954 2298 2992 licet
2313 2954 2417 2992 enim
2438 2954 2506 2991 bo-

1429 3022 1522 3048 num
1540 3010 1586 3047 sit
1607 3009 1828 3059 simpliciter
1846 3009 2092 3059 principalius
2108 3019 2224 3058 quam
2247 3009 2405 3047 malum.
2423 3019 2504 3045 ma-

1429 3065 1508 3100 lum
1538 3072 1665 3101 tamen
1695 3071 1751 3100 est
1779 3063 2023 3113 principalius
2053 3070 2239 3117 quantum
2269 3062 2318 3099 ad
2347 3062 2432 3099 hoc.

1485 3180 1512 3212 γ)
1531 3179 1677 3220 audendis.
1693 3192 1712 3198 -
1729 3178 1876 3204 audiendis
1899 3176 2094 3207 ABCEFHKa,
2119 3175 2257 3200 audientis
2283 3175 2320 3206 D,
2346 3175 2471 3200 odiendis
2492 3175 2511 3206 1,

1431 3215 1650 3284 adegit‘irisagliiis.
1665 3265 1682 3270 -
1696 3250 1828 3283 periculis
1847 3249 1947 3274 addunt
1966 3248 2012 3273 Pa.

2524 873 2533 880 ⁵
2547 870 2605 898 Cap.
2621 876 2637 895 ι,
2657 876 2679 891 ιι.
2701 876 2738 896 ιος

2524 903 2669 946 ἓ“Ρ“τιζ”ἰέἑῐ
2683 903 2738 946 Ἠ

2526 1358 2535 1367 ·
2552 1356 2629 1379 stuc.
2650 1356 2690 1378 nb.
2709 1355 2739 1383 n,

2524 1388 2740 1436 &Pffl‘issaezzzt

2500 1450 2503 1452 v
2525 1443 2557 1459 lx.

2528 1944 2538 1953 ⁵
2548 1942 2604 1964 Loc.
2613 1942 2653 1964 cit.
2662 1942 2684 1963 in
2693 1947 2742 1969 arg.

2530 2155 2541 2166 ·
2551 2154 2607 2176 Loc.
2618 2153 2658 2176 cit.
2667 2159 2744 2182 supra.

2534 2960 2545 2971 ⁸
2559 2959 2586 2981 D.
2602 2959 2653 2987 ⁶⁵4-
