2768 4198
182 595 200 612 G

85 644 95 656 ⁸
106 644 192 666 Homil.
205 642 256 669 XX;
268 643 297 664 nl.

83 670 124 693 lib.
130 670 298 697 11,homi1.vm.

86 863 98 875 ⁸
111 862 178 885 Vm.
191 868 228 890 ²7·

86 1182 99 1195 ¹⁵
115 1182 164 1211 Qu.
183 1188 302 1206 mvn.

86 1212 181 1249 ⁸535„

89 1717 181 1741 ‘Vn
195 1723 236 1745 ⁴⁰-

90 1929 105 1947 ⁸
113 1929 192 1955 Ver&⁵<
197 1931 230 1964 ιβ.

91 2097 103 2108 ·
137 2102 159 2118 ιι.
173 2101 252 2124 um,
262 2099 305 2118 art.

90 2129 108 2151 ι,
149 2129 166 2150 ις
175 2128 304 2152 qmuxxv,

89 2153 132 2172 an.
147 2156 169 2179 3·

93 2791 106 2803 ⁴
119 2790 145 2813 ln
159 2795 268 2818 corpore.

941 299 1210 345 QUAESTIO
1241 301 1523 348 CLXXXVIII,
1553 303 1851 340 ARTICULUS
1882 305 1912 340 II

325 385 435 413 netur
476 376 525 414 ad
562 377 682 414 vitam
725 378 1089 425 contemplativam,
1130 387 1166 415 et
1209 381 1309 416 nulla
1345 381 1392 417 ad

325 437 506 466 activam.

382 486 416 520 3.
447 484 687 530 PRAETEREA,
715 482 795 519 vita
824 483 946 520 activa
975 484 1023 520 ad
1053 497 1235 532 praesens
1264 499 1394 523 saecu-

325 537 405 573 lum
435 536 609 585 pertinet.
641 536 719 572 Sed
749 548 885 572 omnes
915 537 1075 584 religiosi
1105 540 1301 576 saeculum
1332 541 1396 577 de-

324 643 459 692 Ezech.
480 642 521 679 *τ
562 643 637 684 Qui
656 654 840 691 praesens
867 643 1059 680 saeculum
1088 644 1224 681 deserit
1254 652 1289 682 et
1316 647 1397 696 agit

326 697 426 733 bona
463 707 562 744 quae
588 695 707 741 valet,
748 696 857 744 quasi
894 699 971 732 iam
999 697 1175 746 Aegypto
1209 698 1395 746 derelicto,

324 749 555 797 sacrificium
579 750 738 799 praebet
764 750 802 786 in
822 761 962 786 eremo.
993 750 1095 798 Ergo
1116 750 1268 788 videtur
1291 753 1396 800 quod

327 803 429 841 nulla
465 802 595 850 religio
633 802 754 852 possit
786 802 953 840 ordinari
990 803 1038 839 ad
1065 803 1186 840 vitam
1220 806 1396 843 activam.

382 857 457 893 SED
487 867 636 893 CONTRA
664 867 731 893 EST
758 856 864 905 quod
894 855 1027 892 dicitur
1057 858 1129 894 lac.
1152 857 1218 893 1²¹²:
1246 858 1397 909 Religio

327 910 471 947 munda
490 915 526 946 et
548 909 794 947 immaculata
813 909 917 958 apud
934 910 1059 946 Deum
1079 916 1116 946 et
1134 911 1286 948 Patrem
1306 913 1400 949 haec
1425 913 1427 918 '

327 969 398 1000 est:
426 963 581 1001 visitare
603 962 768 1012 pupillos
796 968 831 999 et
856 962 991 1000 viduas
1019 963 1056 1000 in
1082 963 1320 1002 tribulatione
1339 978 1399 1003 eo·
1426 968 1427 980 ¹

327 1029 426 1054 rum.
458 1017 536 1054 Sed
563 1017 639 1054 hoc
667 1016 830 1065 pertinet
859 1016 908 1053 ad
936 1016 1055 1054 vitam
1086 1017 1261 1055 activam.
1297 1020 1399 1068 Ergo

329 1070 605 1108 convenienter
646 1069 775 1118 religio
819 1077 945 1118 potest
986 1070 1153 1107 ordinari
1195 1072 1244 1108 ad
1280 1072 1399 1110 vitam

329 1124 509 1162 activam.

383 1178 612 1214 Respounsso
627 1188 816 1214 mcuunuu
837 1175 955 1225 quod,
977 1177 1073 1213 sicut
1093 1177 1237 1225 supra*
1258 1178 1401 1216 dictum

295 1232 297 1235 “
330 1238 406 1278 est,
436 1230 624 1284 religionis
663 1237 780 1267 status
814 1229 1013 1267 ordinatur
1049 1229 1097 1267 ad
1125 1231 1402 1278 perfectionem
1429 1253 1430 1256 =

329 1283 634 1333 caritatis,·quae
663 1295 704 1320 se
734 1283 902 1321 extendit
930 1283 979 1320 ad
1009 1283 1253 1320 dilectionem
1276 1286 1348 1322 Dei
1368 1294 1405 1323 et
1430 1292 1431 1318 i

329 1337 506 1388 proximi.
535 1337 598 1374 Ad
628 1337 872 1374 dilectionem
898 1344 1027 1374 autem
1048 1337 1121 1374 Dei
1150 1336 1290 1374 directe
1319 1351 1403 1387 per-

329 1391 421 1429 tinet
448 1392 527 1428 vita
561 1390 882 1439 contemplativa,
920 1402 1019 1439 quae
1053 1390 1123 1427 soli
1152 1391 1237 1427 Deo
1266 1404 1405 1430 vacare

330 1444 541 1483 desiderat:
580 1444 630 1482 ad
659 1444 903 1482 dilectionem
933 1451 1063 1481 autem
1093 1443 1258 1493 proximi
1291 1446 1404 1494 perti-

330 1505 394 1536 net
412 1496 429 1529 Ρ
447 1498 528 1536 vita
546 1498 681 1545 activa,
703 1510 802 1546 quae
823 1497 990 1535 deservit
1009 1497 1298 1536 necessitatibus
1318 1512 1406 1548 pro·
1432 1523 1433 1526 =

328 1551 534 1590 ximorum.
564 1552 614 1589 Et
643 1552 738 1588 sicut
767 1563 812 1588 ex
833 1551 986 1589 caritate
1016 1550 1180 1599 diligitur
1206 1552 1405 1601 proximus

329 1613 488 1656 propter
513 1606 656 1652 Deum,
687 1605 737 1642 ita
767 1605 881 1642 etiam
911 1604 1143 1653 obsequium
1173 1606 1341 1643 delatum
1366 1606 1404 1644 in
1432 1632 1434 1636 ψ

329 1659 526 1709 proximos
563 1659 754 1696 redundat
793 1659 832 1696 in
870 1659 1021 1696 Deum:
1060 1659 1275 1696 secundum
1313 1660 1405 1697 illud

331 1713 466 1751 Matth.
487 1725 561 1750 xxv
579 1712 620 1749 *z
655 1713 766 1755 Quod
792 1713 859 1749 uni
881 1724 932 1749 ex
950 1712 1116 1749 minimis
1135 1713 1228 1749 meis
1243 1713 1404 1761 fecistis,

331 1767 425 1804 mihi
439 1766 599 1815 fecistis.
638 1766 752 1804 Unde
782 1773 818 1802 et
846 1765 1067 1803 huiusmodi
1098 1765 1284 1815 obsequia
1317 1779 1405 1815 pro-

330 1820 441 1858 ximis
469 1820 580 1861 facta.
610 1820 837 1868 inquantum
867 1820 915 1856 ad
935 1820 1063 1856 Deum
1094 1819 1319 1866 referuntur,
1350 1820 1404 1857 di-

332 1881 470 1911 cuntur
499 1886 582 1910 esse
612 1873 798 1910 sacrificia
827 1874 1040 1921 quaedam:
1069 1874 1283 1910 secundum
1312 1873 1404 1910 illud
1431 1899 1433 1901 »

301 1963 305 1966 Δ
330 1928 432 1964 Heb.
460 1928 525 1964 ult.
545 1926 591 1963 *τ
630 1926 908 1974 Beneficentiae
926 1931 962 1962 et
998 1926 1275 1963 communionis
1294 1927 1407 1964 nolite
1431 1924 1432 1928 ’

332 1981 522 2018 oblivisci:
561 1980 696 2017 talibus
727 1980 827 2016 enim
865 1979 992 2023 hostiis
1018 1985 1262 2028 promeretur
1287 1981 1403 2018 Deus.
1431 1991 1432 1996 ¹

332 2034 381 2071 Et
412 2034 503 2083 quia
539 2033 589 2071 ad
622 2033 853 2082 ‘religionem
891 2033 1046 2082 proprie
1074 2033 1236 2082 pertinet
1264 2033 1405 2071 sacrifi·
1431 2038 1432 2041 ’

332 2087 435 2125 cium
463 2088 548 2125 Deo
579 2086 731 2133 offerre,
761 2095 802 2124 ut
830 2099 943 2135 supra
963 2085 983 2108 ²¹²
1010 2086 1184 2123 habitum
1215 2094 1285 2134 est,
1317 2099 1406 2124 con-

333 2153 499 2190 sequens
528 2147 584 2177 est
621 2140 729 2189 quod
758 2140 1034 2178 convenienter
1061 2139 1262 2188 religiones
1291 2153 1407 2190 quae-

333 2195 424 2232 dam
454 2194 503 2232 ad
533 2206 652 2243 opera
679 2193 780 2231 vitae
805 2194 951 2231 activae
972 2193 1207 2231 ordinantur.
1238 2193 1350 2232 Unde
1371 2201 1407 2231 et
1432 2226 1433 2229 ,

298 2272 305 2284 ,
333 2248 372 2286 in
405 2247 676 2288 collationibus
702 2249 861 2284 Patrum
880 2246 912 2293 ²¹²,
943 2247 1076 2284 Abbas
1095 2247 1282 2284 Nesteros
1301 2252 1330 2294 Υ,
1352 2247 1406 2284 di-

333 2302 529 2350 stinguens
558 2301 711 2339 diversa
739 2301 967 2349 religionum
997 2299 1143 2347 studia,
1174 2300 1283 2338 dicit:
1322 2301 1408 2342 Qui-

333 2357 423 2393 dam
441 2366 632 2392 summam
652 2355 867 2392 intentionis
891 2365 985 2391 suae
1012 2365 1109 2404 erga
1128 2354 1248 2391 eremi
1263 2360 1406 2391 secreta

333 2414 371 2447 et
395 2409 520 2446 cordis
547 2408 777 2446 constituunt
797 2408 1003 2457 puritatem
1012 2421 1026 2451 ,·
1053 2407 1208 2456 quidam
1237 2419 1334 2457 erga
1353 2408 1408 2444 in-

332 2463 559 2500 stitutionem
582 2463 754 2510 fratrum
773 2467 810 2498 et
827 2460 1096 2499 coenobiorum
1116 2472 1250 2498 curam
1261 2474 1275 2505 ‚·
1302 2472 1409 2509 quos-

2441 309 2512 345 523

1448 389 1561 418 vatur
1597 383 1842 432 singularitas
1878 383 2000 420 vitae:
2037 396 2114 421 non
2144 394 2328 433 quantum
2363 387 2411 424 ad
2439 389 2513 425 hoc

1450 435 1554 482 quod
1593 436 1713 472 homo
1755 448 1843 472 cum
1881 437 2103 474 hominibus
2137 451 2215 474 non
2245 449 2512 486 conversetur;

1451 488 1517 524 sed
1538 496 1724 536 quantum
1746 490 1793 526 ad
1816 490 1890 525 hoc
1919 491 2023 538 quod
2051 491 2171 528 homo
2202 491 2433 539 singulariter
2459 495 2514 531 his

516 590 522 595 υ
1422 575 1423 586 ,
1451 541 1619 578 intendat
1654 554 1752 590 quae
1787 542 1835 579 ad
1864 543 2036 580 divinum
2067 545 2295 593 obsequium
2332 555 2512 595 spectant.

325 601 451 626 serere
489 589 685 626 dicuntur:
723 589 828 626 unde
867 589 1074 637 Gregorius
1100 596 1116 612 α
1146 591 1254 638 dicit,
1284 605 1397 641 super
1422 601 1423 605 ’

1452 594 1500 630 Et
1529 594 1621 631 dum
1652 595 1812 643 religiosi
1843 596 2021 644 operibus
2048 597 2149 634 vitae
2170 598 2314 635 activae
2343 599 2515 637 insistunt

1453 646 1586 684 intuitu
1615 648 1698 693 Dei,
1730 660 1968 697 consequens
1998 658 2053 686 est
2081 652 2186 698 quod
2214 651 2251 688 in
2273 652 2324 689 eis
2353 654 2448 690 actio
2471 666 2513 691 ex

1454 701 1776 749 contemplatione
1797 701 2014 739 divinorum
2035 701 2048 724 δ
2071 704 2273 741 derivetur.
2304 706 2416 744 Unde
2437 719 2512 744 non

1453 753 1649 801 privantur
1677 754 1835 791 omnino
1864 755 1987 792 fructu
2012 758 2329 806 contemplativae
2348 759 2461 797 vitae.

1507 809 1565 843 An
1594 819 1789 844 SECUNDUM
1815 819 1999 846 monimum
2033 812 2136 857 quod
2173 811 2309 848 eadem
2339 821 2395 849 est
2421 814 2515 850 ratio

1455 859 1502 896 de
1532 861 1731 897 monachis
1761 868 1796 897 et
1820 861 2000 899 omnibus
2021 863 2100 899 aliis
2121 864 2301 912 religiosis
2330 875 2516 914 quantum

1456 913 1504 949 ad
1534 925 1579 950 ea
1607 926 1704 962 quae
1734 921 1820 950 sunt
1841 915 2062 952 communia
2083 917 2188 954 omni
2209 918 2397 966 religioni:
2427 928 2518 968 puta

1457 967 1558 1014 quod
1593 967 1754 1003 totaliter
1782 980 1821 1003 se
1851 968 2027 1005 dedicent
2062 969 2199 1007 divinis
2229 972 2443 1021 obsequiis,
2483 981 2519 1010 et

1456 1019 1562 1067 quod
1578 1020 1790 1057 essentialia
1810 1021 1995 1068 religionis
2015 1030 2105 1059 vota
2126 1024 2341 1072 observent,
2359 1034 2395 1062 et
2415 1026 2519 1075 quod

1428 1116 1429 1119 Ἰ
1457 1085 1479 1109 a
1508 1073 1764 1110 saecularibus
1792 1074 1950 1121 negotiis
1977 1087 2016 1110 se
2045 1076 2257 1114 abstineant
2274 1077 2305 1115 ’¹‘.
2335 1079 2412 1115 Sed
2442 1092 2519 1116 non

1428 1123 1429 1126 ’
1458 1134 1609 1174 oportet
1637 1126 1918 1164 similitudinem
1941 1139 2023 1164 esse
2049 1137 2232 1176 quantum
2254 1131 2302 1167 ad
2322 1132 2393 1168 alia
2421 1145 2520 1180 quae

1458 1187 1544 1216 sunt
1572 1180 1727 1228 propria
1746 1180 1979 1217 monasticae
2003 1182 2238 1229 professioni,
2261 1196 2358 1232 quae
2378 1186 2520 1234 specia-

1458 1233 1540 1269 liter
1569 1233 1617 1270 ad
1644 1233 1763 1269 vitam
1789 1234 2126 1282 contemplativam
2149 1236 2379 1275 ordinantur.
2409 1239 2520 1276 Unde

1430 1332 1431 1339 ἵ
1458 1286 1495 1322 in
1524 1286 1772 1334 praeinducta
1805 1287 1994 1324 Decretali
2029 1288 2075 1324 de
2101 1290 2327 1327 Postulando
2361 1303 2437 1328 non
2468 1293 2521 1329 di-

1431 1382 1432 1390 *
1460 1338 1555 1375 citur
1590 1339 1808 1388 simpliciter
1841 1340 1946 1388 quod
1980 1340 2025 1377 sit
2053 1342 2149 1378 idem
2179 1343 2356 1380 iudicium
2389 1346 2434 1381 de
2462 1357 2523 1382 ca-

1460 1392 1604 1429 nonicis
1623 1393 1863 1442 regularibus
1883 1394 1983 1442 quod
2001 1394 2046 1430 de
2065 1397 2276 1433 monachis:
2306 1397 2384 1444 sed,
2406 1409 2523 1446 quan-

1460 1451 1538 1482 tum
1576 1446 1628 1482 ad
1659 1446 1896 1494 supradicta,
1936 1446 2075 1483 scilicet
2110 1449 2215 1495 quod
2248 1450 2284 1486 in
2309 1451 2524 1496 forensibus

1460 1499 1584 1536 causis
1621 1499 1746 1547 officio
1785 1500 2040 1536 advocationis
2083 1513 2157 1537 non
2195 1507 2358 1540 utantur.
2403 1505 2450 1541 Et
2487 1505 2525 1542 in

1460 1551 1649 1589 Decretali
1685 1552 1839 1589 inducta
1872 1553 1917 1589 de
1953 1554 2057 1590 Statu
2089 1555 2394 1602 Monachorum,
2424 1565 2526 1606 post-

1460 1618 1577 1654 quam
1598 1606 1847 1654 praemiserat
1865 1606 1970 1654 quod
1999 1619 2074 1643 non
2089 1613 2274 1655 putantur
2292 1621 2315 1646 a
2339 1612 2526 1647 consortio

1461 1660 1734 1696 monachorum
1750 1660 1908 1696 seiuncti
1920 1661 2096 1697 canonici
2108 1662 2315 1711 regulares,
2333 1663 2524 1701 subditur:

1459 1712 1636 1763 Regulae
1662 1717 1787 1749 tamen
1817 1713 2025 1750 inserviunt
2051 1714 2202 1752 laxiori.
2234 1716 2291 1752 Ex
2320 1727 2396 1764 quo
2425 1725 2528 1766 patet

1460 1765 1566 1814 quod
1595 1778 1674 1802 non
1699 1765 1747 1804 ad
1777 1766 1907 1802 omnia
1935 1774 2110 1804 tenentur
2138 1768 2313 1817 adquae
2333 1771 2525 1808 monachi.

1514 1820 1573 1856 AD
1601 1831 1762 1856 TERTmM
1800 1815 1985 1856 mensuum
2022 1821 2126 1869 quod
2165 1821 2360 1870 dupliciter
2392 1823 2526 1872 aliquis

1459 1879 1585 1922 potest
1614 1884 1696 1909 esse
1725 1872 1762 1908 in
1788 1873 1961 1909 saeculo:
1992 1885 2070 1910 uno
2091 1874 2222 1921 modo,
2252 1887 2322 1924 per
2348 1887 2526 1924 praesen-

1459 1926 1551 1963 tiam
1588 1925 1846 1974 corporalem;
1885 1925 1957 1962 alio
1998 1927 2138 1974 modo,
2173 1940 2242 1976 per
2270 1929 2406 1966 mentis
2436 1929 2526 1966 affe-

1461 1987 1576 2016 ctum.
1615 1978 1726 2016 Unde
1763 1987 1798 2015 et
1828 1978 2020 2027 discipulis
2049 1980 2124 2017 suis
2158 1981 2349 2018 Dominus
2378 1982 2464 2019 dicit
2482 1982 2523 2020 ²⁸:

1458 2034 1545 2083 Ego
1574 2033 1674 2082 elegi
1699 2044 1766 2069 vos
1793 2033 1839 2069 de
1866 2033 2028 2070 mundo:
2068 2033 2114 2070 de
2148 2034 2285 2082 quibus
2319 2043 2446 2073 tamen
2478 2036 2525 2074 ad

1460 2087 1613 2123 Patrem
1643 2086 1810 2134 loquitur
1838 2086 1966 2123 dicens
1985 2085 2023 2123 *z
2053 2087 2111 2123 Hi
2138 2088 2175 2124 in
2200 2088 2340 2125 mundo
2367 2095 2463 2136 sunt,
2493 2096 2527 2126 et

1460 2151 1532 2190 ego
1552 2140 1604 2176 ad
1621 2145 1656 2176 te
1673 2139 1795 2176 venio.
1822 2139 2011 2186 Quamvis
2032 2140 2142 2187 igitur
2162 2141 2323 2188 religiosi
2343 2142 2409 2190 qui
2428 2142 2526 2180 circa

1461 2205 1579 2242 opera
1613 2193 1759 2230 activae
1791 2192 1892 2229 vitae
1922 2201 2178 2242 occupantur,
2209 2193 2282 2231 sint
2308 2195 2345 2231 in
2374 2197 2524 2233 saeculo

1460 2246 1674 2283 secundum
1702 2245 1958 2294 praesentiam
1988 2248 2248 2295 corporalem,
2285 2260 2363 2284 non
2396 2256 2526 2286 tamen

1461 2307 1550 2336 sunt
1587 2300 1624 2336 in
1657 2299 1810 2336 saeculo
1849 2307 2034 2347 quantum
2073 2300 2121 2336 ad
2155 2300 2292 2337 mentis
2325 2301 2525 2340 affectum:

1463 2353 1552 2402 quia
1580 2352 1617 2390 in
1639 2351 1886 2389 exterioribus
1907 2361 2142 2400 occupantur
2170 2365 2248 2390 non
2277 2355 2385 2402 quasi
2414 2367 2528 2404 quae-

1461 2414 1587 2443 rentes
1616 2406 1758 2454 aliquid
1787 2405 1826 2442 in
1854 2405 2014 2452 mundo,
2044 2406 2112 2443 sed
2141 2407 2266 2443 solum
2294 2415 2450 2456 propter
2477 2408 2529 2445 di-

1434 2471 1435 2499 }
1462 2460 1598 2497 vinum
1633 2458 1886 2507 obsequium;
1926 2464 2081 2495 utuntur
2103 2464 2115 2480 ‘-
2149 2460 2251 2497 enim
2285 2461 2358 2498 hoc
2388 2462 2528 2498 mundo

2550 1087 2560 1097 ⁴
2572 1087 2598 1108 D.
2614 1092 2671 1115 ¹⁰33-

2554 1989 2560 1996 ”
2576 1987 2638 2007 Ioan.
2658 1992 2699 2014 cap
2725 1993 2763 2013 xv,

2552 2019 2610 2035 vers.
2626 2019 2656 2041 ¹9-

2552 2095 2640 2121 ⁸1bid.‚
2649 2101 2698 2122 cap.
2707 2101 2763 2122 xvu,

2553 2128 2612 2143 vers.
2627 2128 2650 2143 ιι.

2655 2471 2666 2489 ε

333 2517 424 2554 dam
450 2516 696 2562 xenodochii,
726 2515 823 2552 idest
850 2513 1131 2563 hospitalitatis,
1161 2514 1317 2551 delectat
1344 2515 1407 2551 ob·
1434 2502 1435 2547 l
1463 2518 1644 2561 tanquam
1681 2525 1755 2550 non
1787 2517 1946 2558 utentes,
1984 2519 2026 2549 ut
2054 2512 2187 2549 dicitur
2216 2511 2301 2550 lad
2323 2514 2409 2551 Cor.
2429 2513 2527 2552 V11*.
2557 2522 2565 2531 ·
2581 2520 2690 2548 Van-³¹-

333 2581 375 2607 se
401 2581 519 2606 mum.

375 2581 450 2659 qAn
472 2633 611 2659 Pmuuu
636 2633 736 2659 ERGO
762 2632 949 2658 melerinum
979 2621 1085 2670 quod
1114 2620 1190 2657 Dei
1214 2620 1408 2657 servitium

336 2681 373 2713 et
394 2675 615 2724 famulatus
661 2676 830 2712 salvatur
862 2674 978 2711 etiam
1013 2673 1052 2711 in
1090 2673 1273 2722 operibus
1305 2673 1409 2710 vitae
1435 2696 1437 2716 z

338 2730 505 2776 activae,
545 2728 685 2777 quibus
723 2727 857 2776 aliquis
893 2726 1010 2765 servit
1043 2726 1220 2776 proximo
1254 2733 1411 2775 propter

338 2784 488 2829 Deum,
519 2781 615 2827 sicut
644 2781 787 2819 dictum
819 2790 875 2818 est
892 2781 923 2818 *.
954 2781 997 2818 In
1026 2779 1166 2828 quibus
1195 2779 1308 2817 etiarn
1340 2780 1411 2816 sal-

394 2898 422 2930 α)
443 2896 602 2930 Gregorius.
614 2909 634 2915 —
650 2894 820 2928 Augustinus
838 2893 1013 2926 ABEFILpK.

394 2932 420 2966 β)
434 2933 564 2966 pertinet.
575 2945 594 2951 —
613 2931 715 2956 directe
729 2931 850 2963 pertinet
865 2930 912 2955 Pa.

393 2969 420 3004 γ)
439 2969 575 2994 Nesteros.
587 2981 608 2986 -
625 2967 726 2992 Nestor
743 2965 944 2998 ABCDFHIpK,
962 2965 1055 2989 Vestor
1074 2964 1104 2995 E,
1120 2967 1206 2989 uester
1224 2964 1255 2994 L,
1267 2963 1412 2989 Nestorum

339 3005 386 3036 sK,
404 3004 548 3030 Nestorius
569 3004 614 3029 Pa.

1434 2620 1436 2653 ἶ
1462 2619 1556 2670 ligio
1584 2619 1727 2656 munda
1761 2624 1798 2655 et
1823 2618 2067 2655 immaculata
2100 2625 2155 2655 est
2188 2619 2340 2656 visitare
2367 2620 2530 2669 pupillos

1464 2678 1500 2710 et
1525 2673 1671 2719 viduas,
1700 2671 1891 2709 subditur:
1921 2677 1957 2708 et
1983 2672 2266 2709 immaculatum
2287 2685 2327 2709 se
2345 2673 2531 2710 custodire

1435 2721 1437 2784 ]
1464 2727 1513 2764 ab
1540 2727 1612 2763 hoc
1638 2725 1800 2771 saeculo,
1829 2732 1872 2761 ut
1899 2725 2039 2762 scilicet
2066 2725 2204 2762 affeetu
2231 2723 2298 2762 int
2317 2727 2429 2763 rebus
2450 2739 2529 2764 sae-

1435 2785 1438 2822 ]
1465 2779 1538 2816 culi
1567 2791 1646 2816 non
1675 2778 1897 2816 detineatur.

1521 2891 1546 2926 δ)
1567 2893 1729 2918 divinorum.
1741 2906 1761 2911 -
1779 2892 1911 2917 donorum
1930 2892 2147 2925 ABCDEF'ILpK.

1521 2929 1544 2961 ε)
1565 2931 1685 2953 utuntur.
1700 2941 1720 2948 -
1738 2931 1848 2954 utentur
1865 2927 2038 2959 BEFleAK‚
2057 2928 2184 2953 uidentur
2202 2928 2234 2953 H.

1521 2963 1547 2997 ζ)
1567 2963 1664 2997 affectu
1684 2963 1751 2989 in.-
1768 2963 1880 2997 affectus
1899 2963 1945 2989 Pa.

1028 3078 1365 3112 Commentariis
1387 3078 1642 3112 Car-dinalis
1664 3077 1866 3111 Caietam

370 3172 392 3193 n
415 3162 549 3193 articulo
573 3162 715 3193 secundo
740 3160 883 3191 eiusdem
906 3158 1117 3201 quaestionis,
1146 3158 1178 3188 in
1202 3158 1410 3199 responsione

344 3174 413 3237 Iad
431 3206 585 3247 primum,
599 3207 726 3237 adverte
742 3206 832 3246 quod
848 3204 992 3245 operatio
1011 3203 1093 3234 vitae
1108 3202 1226 3233 activae
1243 3202 1411 3242 dupliciter

342 3261 375 3282 se
398 3251 493 3282 habet
516 3251 556 3281 ad
579 3250 720 3281 divinam
744 3248 1057 3290 contemplationem.
1081 3246 1200 3283 Primo,
1225 3254 1261 3278 ut
1284 3246 1411 3278 effectus

341 3295 442 3337 ipsius
466 3294 754 3336 contemplationis.
777 3294 820 3325 Et
838 3294 882 3325 sic
901 3293 1078 3334 praedicare
1097 3291 1212 3330 dicitur
1227 3301 1310 3332 opus
1329 3291 1411 3321 vitae

342 3340 461 3371 activae
484 3349 521 3370 ex
544 3339 813 3380 contemplatione
837 3348 998 3369 emanans·

399 3383 473 3415 Alio
498 3383 609 3419 modo,
629 3390 666 3414 ut
688 3383 816 3414 effectus
839 3383 939 3424 ipsius
962 3381 1022 3413 Dei
1045 3379 1250 3421 contemplati
1273 3385 1309 3410 ut
1330 3378 1412 3410 finis.

343 3429 384 3460 Et
399 3428 444 3460 sic
466 3428 576 3459 omnia
600 3424 697 3468 opera
719 3427 962 3464 misericordiae,
979 3426 1044 3458 sive
1067 3424 1239 3466 spiritualia
1258 3423 1323 3454 sive
1346 3433 1412 3454 cor-

1436 3171 1439 3198 ᾗ
1465 3158 1587 3198 poralia
1616 3157 1692 3194 sint,
1717 3167 1754 3188 ex
1773 3157 2041 3197 contemplatione
2065 3157 2252 3188 derivantur.
2283 3157 2324 3188 Et
2346 3157 2408 3188 hoc
2431 3158 2530 3188 modo

1466 3202 1497 3232 in
1514 3202 1616 3232 littera
1635 3202 1693 3232 hac
1709 3202 1823 3232 dicitur
1845 3202 1944 3243 quod,
1968 3202 2044 3232 dum
2069 3202 2213 3241 religiosi
2235 3201 2352 3232 intuitu
2374 3202 2438 3232 Dei
2460 3211 2531 3242 ope-

1438 3257 1440 3283 ¹<
1466 3246 1556 3277 ribus
1579 3247 1663 3277 vitae
1686 3247 1810 3277 activae
1833 3247 2002 3282 insistunt,
2021 3245 2140 3287 fructu
2170 3247 2445 3286 contemplationis
2468 3256 2530 3277 non

1439 3292 1441 3331 l
1461 3292 1648 3331 privantur.
1664 3290 1732 3320 Nisi
1748 3290 1833 3320 enim
1857 3290 1956 3320 aciem
1972 3289 2085 3320 mentis
2109 3299 2183 3320 suae
2199 3290 2232 3320 in
2248 3290 2353 3320 Deum
2377 3297 2414 3322 ut
2435 3289 2532 3322 fine'm

1439 3337 1441 3364 ἒ
1467 3333 1616 3370 fixissent,
1641 3336 1806 3375 n'unquam
1830 3334 1977 3365 voluntas
2001 3343 2112 3364 eorum
2131 3341 2272 3365 moveret
2295 3344 2350 3365 eos
2373 3334 2412 3365 ad
2436 3344 2532 3375 opera

1468 3378 1550 3409 vitae
1574 3378 1690 3409 activae
1713 3385 1843 3419 propter
1865 3379 1970 3408 Deum
1994 3378 2173 3408 exercenda.

1434 2582 1435 2603 ι
1461 2566 1573 2604 Unde
1604 2574 1641 2603 et
1669 2567 1743 2603 Iac.
1766 2565 1825 2611 1²⁸,
1855 2573 2061 2614 postquam
2092 2565 2235 2603 dictum
2256 2574 2311 2602 est
2339 2568 2443 2615 quod
2472 2580 2529 2604 re—
2557 2577 2564 2583 ·

2590 2574 2624 2596 Cf.
2649 2579 2696 2601 urg.
2720 2573 2768 2595 Sed

2556 2603 2640 2622 contra
2644 2615 2649 2621 .

2652 2737 2667 2766 ζ
