2768 4198
0 1614 9 1647 l

0 1679 6 1713 'f

0 1781 2 1793 l

79 1797 92 1810 ⁸
107 1797 160 1820 An.

78 1827 230 1847 mm.
245 1829 269 1846 u.

81 1939 231 2005 ηιξ-εξ..

107 3320 144 3343 Cf.
154 3323 196 3342 art.
208 3325 241 3348 ιο,
251 3325 299 3347 arg.

989 272 1257 318 QUAESTIO
1287 271 1422 318 CLIV,
1451 270 1750 308 ARTICULUS
1780 271 1830 306 Xl

2426 268 2500 313 243

317 396 337 417 x
994 385 1328 418 Commeat-,aria
1351 384 1603 421 cardinalis
1627 384 1827 417 Caietam

321 477 365 540 In
389 465 522 497 articulo
549 465 675 496 decimo
705 464 848 495 eiusdem
875 465 1070 505 quaestionis
1101 465 1384 506 centesimaequin-
1411 471 1413 504 j

346 509 691 552 quagesimaequartae,
716 509 852 544 adverte,
870 509 998 545 novitie,
1023 509 1111 550 quod
1135 519 1172 540 ex
1187 510 1235 540 his
1255 510 1384 550 quaein

314 555 416 586 littera
439 555 588 585 dicuntur
610 563 676 584 non
692 553 827 593 accipias
850 553 1009 584 luxuriam
1025 554 1163 584 ordinari
1183 555 1221 584 ad
1238 554 1387 594 irreligio-

315 651 376 675 tur.
409 643 472 674 Sed
495 652 532 673 ex
555 642 604 672 his
634 651 726 672 sume
749 648 876 673 tantum
899 643 1071 679 maiorem,
1095 652 1151 673 seu
1175 643 1384 673 universalem

315 687 468 727 regulam,
493 686 581 728 quod
605 687 736 727 quando
752 690 840 716 actus
856 686 952 717 unius
967 686 1034 717 vitii
1049 687 1214 718 ordinatur
1230 687 1268 717 ad
1288 687 1386 725 aliud,

316 830 396 852 sona
423 829 527 856 sacra,
551 819 763 860 irreligiositas
793 820 957 850 ordinatur
980 820 1012 850 in
1036 820 1195 851 luxuriam
1218 818 1388 862 (quoniam

317 875 354 896 ex
368 864 469 895 nimio
485 864 628 904 appetitu
651 864 794 895 luxuriae
810 864 1024 896 communiter
1046 864 1148 895 homo
1164 872 1305 906 acceptat
1319 865 1386 895 vio-

315 908 470 940 lationem
493 918 647 948 personae
670 906 800 950 sacrae),
820 915 850 939 et
873 919 939 939 non
956 918 973 939 e
990 915 1109 940 contra.
1134 909 1175 939 Et
1197 909 1241 939 sic
1263 909 1387 940 sacrile-
1413 919 1415 931 =

316 952 406 993 gium
430 951 466 983 fit
488 953 608 993 species
631 953 793 991 luxuriae,
817 959 930 993 utpote
959 959 1090 993 propter
1116 953 1275 983 luxuriam
1299 963 1386 983 com·
1413 954 1415 962 '

317 997 467 1028 missum:
494 997 576 1027 sicut
590 998 720 1038 quando
738 1007 774 1027 ex
790 997 927 1028 vindicta
949 997 1124 1037 percutitur
1138 1007 1274 1037 persona
1290 1007 1386 1033 sacra,

317 1041 518 1081 sacrilegium
540 1041 626 1072 idern
649 1040 684 1072 fit
707 1042 827 1081 species
849 1042 924 1072 irae.
948 1059 970 1065 -
993 1042 1033 1072 Et
1055 1042 1118 1072 hoc
1138 1048 1184 1072 est
1206 1051 1318 1072 verum
1342 1051 1388 1071 se-

318 1086 462 1117 cundum
485 1095 694 1117 communem
713 1095 852 1122 cursum,
878 1092 914 1116 ut
932 1085 1055 1116 dictum
1070 1092 1125 1116 est.
1150 1086 1259 1116 Potest
1282 1092 1389 1116 tamen

318 1130 438 1171 species
461 1130 603 1162 luxuriae
626 1130 764 1160 ordinari
784 1130 817 1160 in
832 1129 1097 1170 irreligiositatem
1117 1136 1152 1159 ut
1170 1128 1284 1160 finem:
1309 1136 1345 1159 ut
1364 1129 1390 1159 si

318 1175 390 1216 quis
414 1175 486 1205 ideo
510 1175 635 1214 polluat
658 1174 767 1214 potius
790 1173 1012 1204 monachalem
1036 1183 1134 1214 quam
1154 1172 1258 1209 aliam,
1283 1179 1319 1203 ut
1341 1173 1389 1203 in-

318 1219 432 1250 iuriam
457 1218 565 1249 divino
589 1218 689 1249 cultui
711 1217 835 1248 inferat.

373 1263 510 1294 Adverte
526 1262 678 1299 secundo,
698 1261 788 1302 quod
803 1271 887 1297 cum,
903 1261 936 1291 in
951 1261 1159 1301 responsione
1178 1261 1218 1291 ad
1239 1261 1389 1300 primum,

304 1307 542 1347 Qquod
557 1307 693 1336 luxuria
706 1310 814 1346 potest
827 1314 896 1336 esse
908 1306 1028 1345 species
1043 1306 1295 1346 irreligiositatis
1307 1307 1390 1336 sicut

318 1351 485 1383 cuiusdam
501 1351 679 1391 superioris
692 1350 835 1390 generis,
858 1349 892 1390 ly
907 1350 990 1380 sicut
1013 1359 1079 1380 non
1095 1350 1226 1380 denotat
1250 1350 1390 1390 proprie—

317 1401 433 1431 utem,
457 1395 512 1425 sed
536 1393 788 1425 similitudinem.
822 1393 962 1424 Luxuria
986 1393 1070 1424 enim
1102 1404 1169 1424 non
1192 1401 1238 1424 est
1262 1394 1390 1434 proprie

317 1449 418 1481 genus
435 1438 579 1469 medium
601 1438 682 1469 inter
695 1437 960 1478 irreligiositatem
974 1444 1006 1468 et
1020 1437 1139 1479 species
1153 1438 1310 1468 luxuriae:
1335 1439 1390 1469 sed

317 1527 429 1560 locum
451 1527 574 1568 generis
598 1526 846 1563 communioris,
872 1533 984 1566 utpote
1007 1527 1127 1557 extensi
1151 1527 1190 1557 ad
1214 1527 1391 1563 luxuriam,

318 1571 494 1608 avaritiam,
518 1572 608 1607 iram,
625 1578 685 1603 etc.

319 1660 408 1692 bium
433 1661 570 1691 occurrit
593 1660 674 1691 circa
696 1661 792 1690 verba
808 1659 975 1691 Auctoris:
1001 1670 1146 1700 quonam
1167 1666 1260 1700 pacto
1281 1670 1393 1690 verum

319 1712 367 1736 est
388 1705 478 1746 quod
501 1705 562 1742 ibi,
588 1704 706 1735 scilicet
728 1704 761 1734 in
784 1704 940 1739 Decretis,
966 1709 1200 1735 enumerantur
1223 1704 1280 1735 illa
1310 1714 1393 1745 quae

317 1755 394 1782 sunt
408 1750 529 1791 species
543 1749 697 1782 luxuriae
711 1749 887 1780 secundum
902 1749 1035 1789 seipsa?
1053 1749 1221 1789 Repugnat
1235 1749 1394 1790 siquidem

179 1803 202 1826 7,
219 1796 293 1820 Com-
318 1793 382 1825 hoc
405 1803 500 1835 supra
518 1793 536 1813 '⁸'
559 1793 659 1825 dictis.
693 1793 787 1826 Nam.
803 1800 912 1833 raptus
940 1799 972 1823 et
999 1793 1191 1823 adulterium
1215 1794 1394 1824 secundum
1420 1827 1422 1835 Ι

319 1837 422 1879 seipsa
446 1848 512 1869 non
528 1838 682 1874 luxuriae,
702 1838 758 1868 sed
781 1836 951 1868 iniustitiae
975 1844 1049 1868 sunt
1071 1837 1207 1877 species:
1233 1844 1263 1868 et
1286 1837 1325 1868 ad
1344 1838 1393 1868 lu·
1420 1840 1422 1865 ἔ

318 1882 443 1914 xuriam
467 1893 533 1913 non
557 1889 700 1922 spectant
723 1881 782 1911 nisi
806 1881 929 1911 ratione
952 1880 1034 1917 finis,
1059 1881 1137 1912 dum
1154 1891 1191 1912 ex
1207 1881 1305 1912 nimia
1326 1881 1393 1912 libi-

320 1926 394 1958 dine
417 1932 558 1968 acceptat
581 1927 653 1967 quis
675 1925 790 1956 inferre
806 1926 872 1955 vim
896 1932 951 1956 aut
974 1925 1113 1956 alienum
1139 1932 1247 1956 torum
1264 1926 1392 1956 violare.

378 1971 428 2002 Ad
451 1971 514 2002 hoc
538 1970 652 2001 dicitur
681 1970 771 2011 quod
801 1969 882 2000 inter
905 1977 1104 2001 enumeratas
1132 1969 1219 2010 prius
1234 1970 1251 1989 *
1274 1970 1394 2010 species

320 2014 482 2052 luxuriae,
507 2014 624 2046 scilicet
647 2013 911 2050 fornicationem,
936 2020 1099 2054 stuprum,
1118 2021 1191 2051 etc.‚
1217 2021 1248 2045 et
1271 2014 1393 2045 sacrile-

321 2059 430 2101 gium,
456 2059 533 2090 haec
556 2066 603 2090 est
630 2058 804 2090 differentia
831 2057 1014 2095 manifeste,
1039 2059 1127 2100 quod
1155 2059 1188 2089 in
1216 2057 1393 2099 significato

321 2103 453 2146 proprio
477 2103 708 2144 cuiuscumque
731 2103 859 2133 illarum
882 2102 1039 2133 clauditur
1062 2112 1214 2134 venereus
1230 2110 1318 2134 actus
1342 2114 1394 2134 ex·
1420 2109 1422 2131 ι

322 2148 445 2189 plicite,
469 2148 534 2179 sive
558 2158 595 2178 ex
618 2147 810 2188 proprietate
833 2146 974 2177 nominis
997 2146 1220 2187 significantis,
1245 2154 1281 2178 ut
1309 2155 1395 2188 patet

323 2193 362 2224 de
385 2200 507 2233 stupro,
531 2191 697 2228 adulterio,
715 2198 785 2228 etc„
809 2191 874 2222 sive
898 2201 935 2222 ex
958 2191 1218 2231 appropriatione
1242 2201 1334 2227 usus,
1359 2199 1395 2222 ut

322 2237 479 2277 contingit
501 2237 534 2267 in
557 2243 667 2276 raptu:
698 2236 731 2266 in
755 2235 886 2276 proprio
911 2242 1018 2266 autem
1042 2234 1218 2275 significato
1242 2236 1395 2276 sacrilegii

322 2291 388 2312 non
412 2281 593 2312 continetur
607 2280 751 2320 explicite
767 2286 855 2310 actus
871 2288 1039 2316 venereus;
1064 2279 1166 2310 immo
1183 2279 1393 2319 sacrilegium,

322 2323 418 2357 etiam
433 2325 610 2365 personale,
623 2334 796 2355 commune
812 2330 859 2354 est
875 2323 996 2354 actibus
1011 2323 1211 2354 diversorum
1227 2334 1392 2364 generum,

322 2377 358 2401 ut
379 2376 475 2410 patet.
506 2369 547 2400 Et
569 2369 643 2399 hinc
671 2369 806 2399 habetur
828 2367 1001 2399 differentia
1027 2378 1110 2409 quae
1134 2368 1266 2409 ponitur
1288 2368 1320 2399 in
1343 2369 1395 2400 lit-

320 2420 402 2446 tera:
434 2413 551 2445 scilicet
580 2413 670 2454 quod
692 2413 747 2443 illa
769 2412 948 2444 secundum
971 2412 1075 2452 seipsa
1098 2413 1301 2444 continentur
1334 2414 1393 2444 sub

320 2457 454 2495 luxuria,
479 2457 555 2499 quia
578 2457 757 2488 secundum
772 2464 861 2488 actus
884 2456 1028 2498 explicite
1048 2457 1239 2498 significatos
1263 2458 1322 2488 sub
1346 2457 1394 2488 lu-

320 2502 410 2534 xuria
433 2509 522 2538 sunt3
547 2501 747 2542 sacrilegium
770 2511 846 2532 vero
870 2511 938 2532 non
962 2502 1139 2532 secundum
1163 2512 1259 2532 suurn
1277 2501 1394 2542 signifi-

323 2554 440 2583 catum,
463 2546 519 2577 sed
542 2546 720 2577 secundum
743 2546 834 2587 quod
852 2555 948 2576 suum
965 2545 1177 2586 significatum
1200 2546 1332 2578 refertur
1355 2547 1395 2576 ad

322 2590 464 2622 luxuriae
488 2597 606 2627 actum,
630 2589 750 2630 species
773 2589 904 2630 ponitur
924 2590 1077 2621 luxuriae.

379 2635 430 2666 Ad
453 2634 668 2665 obiectionem
690 2644 766 2665 vero
789 2634 822 2664 in
842 2634 1031 2675 oppositum
1055 2634 1169 2665 dicitur
1191 2635 1280 2675 quod
1305 2645 1394 2675 prae-

323 2689 395 2711 sens
419 2689 524 2710 sermo
552 2689 619 2710 non
643 2678 851 2710 contrariatur
877 2688 973 2719 supra
996 2678 1096 2710 dictis.
1126 2679 1211 2709 Nam
1234 2689 1309 2709 cum
1332 2679 1394 2710 hoc

323 2730 384 2755 stat
406 2723 496 2765 quod
520 2723 639 2754 multae
661 2722 789 2753 illarum
811 2722 932 2763 species
954 2722 1017 2753 sint
1039 2723 1218 2754 secundum
1237 2722 1394 2754 famosam

157 2806 163 2813 ⁸
199 2806 206 2818 ¹
224 2790 297 2814 com-
324 2767 621 2799 determinationem
645 2773 675 2798 et
697 2767 762 2797 lato
785 2767 944 2798 vocabulo
975 2766 1095 2807 species
1122 2767 1280 2798 luxuriae:
1305 2768 1394 2809 quod

83 2821 154 2841 mt-
169 2823 234 2841 1111111.
268 2834 274 2840 .

324 2823 419 2854 supra
434 2812 452 2832 *
475 2812 596 2843 dictum
619 2818 676 2842 est.
706 2811 792 2843 Cum
816 2811 878 2842 hoc
902 2810 988 2841 enim
1015 2811 1104 2852 quod
1128 2811 1321 2842 adulterium
1348 2822 1395 2843 se-

1440 465 1583 496 cundum
1607 474 1703 495 suum
1719 464 1887 505 proprium
1907 462 2119 503 significatum
2144 470 2190 493 est
2213 462 2333 502 species
2357 462 2508 497 luxuriae,

1412 510 1413 543 3
1439 517 1500 541 stat
1522 509 1611 550 quod
1634 509 1667 549 ly
1687 510 1808 549 species
1827 507 2003 539 verificetur
2026 508 2065 538 de
2081 507 2184 547 specie
2207 507 2383 537 secundum
2409 506 2508 536 famo-

1412 546 1413 586 ἶ
1440 565 1509 585 sam
1532 553 1829 584 determinationem
1853 560 1884 584 et
1907 552 2124 583 extensionem
2148 551 2307 582 vocabuli.

316 600 440 631 sitatem
463 598 497 629 in
520 597 693 629 violatione
717 597 877 634 monialis,
902 597 982 628 sicut
1006 598 1130 629 castitas
1153 599 1237 629 illius
1262 599 1385 629 ordina·
1412 594 1414 634 ¹,

1495 599 1562 629 Nec
1585 598 1689 628 obstat
1712 597 1808 628 etiam
1832 598 1921 638 quod
1945 597 2059 627 eodem
2083 596 2183 626 modo
2201 606 2233 626 se
2250 596 2364 625 habeat
2387 594 2510 625 luxuria

1440 643 1473 673 in
1489 642 1645 673 adulterio
1661 648 1692 672 et
1706 642 1879 681 sacrilegio,
1897 641 2014 672 scilicet
2038 648 2073 671 ut
2095 639 2176 671 finis.
2202 639 2367 678 Quoniam
2390 639 2462 669 licet
2478 638 2510 668 in

1412 691 1414 720 ξ
1440 687 1509 727 ipsa
1538 686 1772 727 perpetratione
1803 686 1914 716 talium
1946 692 2148 726 peccatorum
2182 684 2357 715 carnalium
2388 682 2511 714 luxuria

315 731 427 763 transit
453 731 485 762 in
513 730 651 771 speciem
674 730 777 768 illius,
803 731 883 762 sicut
910 731 1023 761 accidit
1050 731 1144 762 etiam
1175 732 1208 762 in
1231 731 1386 762 virtutum
1412 734 1414 756 ἓ

316 776 447 807 actibus.
472 775 513 806 Et
529 775 713 806 subsumas:
738 776 877 812 Quando
894 785 950 815 per
963 775 1122 806 luxuriam
1146 776 1302 816 polluitur
1320 786 1387 816 per-
1413 777 1414 782 ’

1441 732 1655 762 communiter
1678 740 1710 760 se
1734 731 1848 761 habeat
1871 739 1906 761 ut
1930 729 2011 766 finis,
2037 737 2067 760 et
2089 729 2222 760 violatio
2238 728 2375 759 iustitiae
2396 734 2452 758 aut
2468 727 2509 757 rei

1441 785 1545 806 sacrae
1561 782 1597 806 ut
1612 775 1643 805 id
1659 775 1748 816 quod
1768 782 1815 805 est
1831 775 1870 805 ad
1886 774 2000 810 finem;
2022 773 2195 804 differentia
2211 780 2318 804 tamen
2334 782 2449 812 magna
2465 779 2512 802 est

1440 820 1473 850 in
1497 819 1678 860 significatis
1709 819 1881 849 nominum
1905 819 2036 849 aliarum
2066 819 2258 859 specierum,
2283 824 2314 848 et
2340 816 2510 856 sacrilegii:

1441 864 1516 904 quia
1539 864 1671 894 nomine
1695 863 1849 899 adulterii,
1874 863 1984 903 stupri,
2010 870 2135 903 raptus,
2152 870 2226 899 etc.,
2251 861 2394 902 explicite
2417 860 2512 901 signi-

1441 908 1552 939 ficatur
1580 908 1648 948 ipse
1676 907 1765 943 finis,
1791 907 1908 938 scilicet
1937 907 2079 937 luxuriae
2102 914 2210 944 actus,
2235 913 2266 937 et
2291 905 2512 936 determinatio

1442 953 1507 983 sive
1531 952 1706 983 contractio
1731 952 1798 982 eius
1823 961 1879 991 per
1902 951 1934 981 id
1958 952 2046 991 quod
2064 958 2110 982 est
2125 951 2164 981 ad
2181 950 2289 988 finem,
2307 957 2384 991 puta
2399 949 2513 980 iniuria

1442 996 1604 1036 coniugis,
1628 995 1792 1031 violentia,
1809 1002 1886 1031 etc.;
1915 995 2066 1035 sacrilegii
2089 1005 2164 1025 vero
2189 995 2320 1025 nomine
2343 994 2514 1035 explicatur

1442 1041 1475 1071 id
1497 1041 1587 1081 quod
1610 1039 1849 1079 irreligiositatis
1873 1046 1919 1069 est
1942 1046 2076 1069 tantum.
2108 1040 2148 1069 Et
2171 1039 2243 1069 ideo
2272 1039 2325 1069 illa
2349 1045 2514 1078 ponuntur

1442 1092 1474 1115 et
1496 1085 1556 1115 sub
1579 1083 1734 1114 iniustitia
1757 1090 1788 1114 et
1811 1084 1870 1113 sub
1895 1083 2028 1119 luxuria,
2054 1083 2175 1114 ratione
2199 1084 2415 1114 diversorum:
2441 1082 2514 1112 sim-

1442 1128 1566 1169 pliciter
1588 1135 1695 1158 tamen
1719 1134 1748 1158 et
1772 1127 1917 1158 absolute
1942 1128 2000 1158 sub
2016 1128 2150 1163 luxuria,
2173 1128 2248 1167 quia
2271 1127 2396 1158 luxuria
2411 1137 2444 1157 se
2460 1127 2513 1156 ha-

1443 1174 1496 1203 bet
1518 1179 1555 1202 ut
1577 1171 1667 1209 finis,
1692 1178 1722 1202 et
1750 1181 1787 1201 ex
1815 1170 1876 1201 fine
1905 1171 1983 1202 ratio
2016 1179 2103 1202 actus
2132 1172 2277 1202 sumitur.
2309 1171 2512 1211 Sacrilegium

1443 1223 1570 1252 autem,
1596 1222 1631 1246 ut
1655 1216 1799 1246 absolute
1828 1222 1875 1246 est
1898 1216 1957 1246 sub
1981 1216 2228 1256 irreligiositate,
2253 1215 2331 1245 nihil
2359 1216 2452 1246 habet
2482 1215 2514 1245 in

1444 1271 1504 1291 suo
1528 1259 1705 1299 significato
1730 1260 1815 1290 unde
1839 1266 2011 1299 reponatur
2034 1261 2092 1290 sub
2118 1260 2249 1290 luxuria.
2282 1260 2323 1290 Et
2349 1266 2515 1299 propterea

1445 1315 1482 1335 ex
1505 1305 1573 1335 sola
1597 1304 1749 1335 relatione
1773 1305 1812 1334 ad
1835 1303 1943 1339 finem,
1968 1311 2072 1334 actum
2098 1304 2214 1334 scilicet
2236 1304 2378 1334 luxuriae
2396 1314 2459 1334 non
2475 1303 2514 1333 si-

1444 1348 1640 1389 gnificatum,
1665 1349 1704 1379 ad
1728 1348 1886 1379 luxuriam
1908 1355 2037 1388 spectat.
2061 1349 2101 1378 Et
2120 1354 2287 1389 propterea
2303 1358 2369 1378 non
2385 1355 2431 1378 est
2446 1357 2515 1387 spe-

1445 1394 1508 1424 cies
1538 1399 1765 1423 connumerata
1797 1402 1871 1423 cum
1904 1392 1972 1422 aliis
1996 1402 2013 1422 a
2037 1392 2189 1423 Gratiano
2214 1399 2243 1422 et
2267 1392 2416 1432 Magistro
2440 1392 2515 1422 Sen-

1416 1469 1418 1480 ,
1445 1437 1615 1468 tentiarum
1630 1437 1658 1468 *.

318 1483 510 1515 assimilatur
541 1483 647 1523 generi
675 1482 802 1518 medio,
826 1492 885 1522 pro
914 1489 1036 1523 quanto
1066 1482 1278 1522 irreligiositas
1306 1489 1392 1513 tenet
1416 1481 1419 1502 ²

1502 1482 1554 1512 111.
1581 1482 1615 1511 ln
1631 1481 1743 1512 eadem
1763 1481 1970 1521 responsione
1986 1481 2024 1510 ad
2041 1481 2227 1515 secundum,
2245 1480 2369 1510 adverte
2386 1481 2516 1520 diligen-

1446 1526 1567 1557 tissime
1597 1525 1804 1556 differentiam
1833 1526 2021 1560 verborum,
2047 1535 2083 1554 ac
2113 1534 2170 1564 per
2198 1524 2260 1554 hoc
2289 1534 2460 1560 sensuum,
2486 1525 2517 1554 in

375 1617 402 1647 H
439 1616 450 1646 I
538 1617 559 1646 d
647 1616 686 1646 sti
728 1615 739 1645 l
797 1615 804 1621 ·
981 1615 987 1621 ·
1089 1616 1109 1645 d
1228 1615 1248 1645 d
1335 1616 1354 1646 d
1418 1583 1420 1630 Ξ
1446 1571 1566 1607 littera,
1591 1571 1671 1601 dum
1704 1569 1902 1609 sacrilegium
1933 1570 1972 1599 ad
2001 1569 2157 1599 incestum
2181 1569 2230 1599 vel
2254 1569 2463 1604 adulterium,
2489 1576 2519 1599 et

405 1641 413 1648 .
453 1626 474 1646 n
498 1626 536 1647 eo
561 1626 612 1646 em
627 1626 645 1646 a
687 1625 772 1651 cuo,
796 1625 829 1645 in
845 1625 1053 1655 responsione
1069 1626 1086 1645 a
1129 1625 1225 1646 secun
1251 1625 1316 1651 um,
1357 1626 1392 1646 u-
1419 1633 1421 1639 =

1447 1616 1526 1645 dum
1549 1615 1589 1645 ad
1613 1622 1760 1654 stuprum
1779 1614 1829 1644 vel
1846 1621 1973 1654 raptum
1990 1613 2158 1644 reducitur.
2182 1614 2265 1643 Nam
2281 1613 2314 1643 in
2331 1613 2391 1643 illis
2406 1613 2518 1643 dicitur

1447 1659 1537 1701 quod
1561 1666 1608 1690 est
1630 1658 1830 1698 sacrilegium
1854 1659 1897 1689 ad
1919 1658 2048 1689 modum
2073 1659 2230 1694 incestus,
2256 1664 2286 1688 et
2305 1667 2367 1698 per
2390 1658 2517 1688 modum

1447 1704 1619 1735 adulterii:
1651 1703 1683 1733 in
1707 1702 1774 1733 istis
1796 1713 1872 1733 vero
1897 1713 1963 1733 non
1983 1702 2096 1733 dicitur
2119 1702 2208 1743 quod
2233 1709 2280 1732 est
2301 1703 2345 1732 ad
2367 1702 2516 1739 modum,

1447 1749 1499 1779 vel
1515 1758 1580 1788 per
1602 1748 1752 1785 modum;
1775 1748 1830 1778 sed
1854 1747 1968 1778 dicitur
1991 1747 2080 1787 quod
2104 1754 2151 1777 est
2173 1747 2331 1787 quoddam
2351 1747 2519 1786 spirituale

1447 1799 1608 1833 stuprum,
1635 1800 1665 1823 et
1688 1791 1778 1832 quod
1802 1799 1848 1822 est
1870 1792 2052 1832 spiritualis
2075 1797 2199 1831 raptus.

1504 1837 1606 1867 Docet
1629 1836 1788 1876 siquidem
1807 1845 1863 1876 per
1879 1836 1960 1866 hanc
1979 1835 2186 1866 differentiam
2202 1837 2324 1866 Auctor
2348 1835 2437 1875 quod
2451 1835 2518 1864 vio—

1448 1881 1524 1912 latio
1555 1880 1725 1920 spiritualis
1756 1880 1956 1920 cognationis
1979 1890 2035 1920 per
2058 1889 2226 1910 veneream
2257 1879 2518 1909 commixtionem

1448 1926 1626 1956 secundum
1650 1924 1812 1955 veritatem
1836 1932 1882 1956 est
1905 1924 2114 1964 sacrilegium,
2132 1925 2186 1954 sed
2201 1924 2296 1954 habet
2319 1924 2455 1954 modum
2472 1923 2518 1953 in-

1448 1977 1568 2006 cestus,
1593 1969 1669 2010 quia
1701 1968 1892 2000 assimilatur
1922 1968 2089 2000 violationi
2120 1968 2411 2008 consanguinitatis.
2436 1985 2454 1990 -
2479 1967 2519 1997 Et

1448 2014 1590 2045 similiter
1614 2013 1746 2044 violatio
1766 2023 1901 2053 sponsae
1922 2012 2039 2044 Christi
2054 2013 2087 2043 in
2103 2012 2232 2043 veritate
2248 2019 2294 2043 est
2310 2012 2518 2052 sacrilegium,

1448 2060 1503 2089 sed
1526 2059 1620 2089 habet
1650 2058 1786 2088 modum
1813 2057 1976 2094 adulterii,
2001 2058 2076 2098 quia
2107 2057 2222 2087 mulier
2249 2057 2301 2087 illa
2329 2056 2519 2087 assimilatur

1448 2111 1599 2143 sponsae:
1625 2102 1719 2132 habet
1749 2102 1835 2132 enim
1865 2112 1898 2132 se
1929 2108 1964 2132 ut
1995 2111 2129 2142 sponsa,
2159 2101 2240 2132 sicut
2269 2101 2314 2131 illi
2343 2111 2376 2131 se
2402 2101 2519 2131 habent

1449 2155 1484 2178 ut
1506 2147 1562 2177 filii
1587 2154 1617 2177 et
1640 2146 1776 2186 cognati.

1504 2191 1644 2222 Violatio
1669 2198 1777 2222 autern
1800 2200 1934 2221 venerea
1956 2189 2086 2229 virginis
2108 2190 2179 2220 Deo
2204 2196 2340 2219 sacratae
2370 2196 2416 2219 est
2446 2199 2519 2228 pro-

1448 2236 1514 2276 prie
1539 2245 1604 2265 non
1628 2235 1735 2265 solum
1759 2234 1974 2274 sacrilegium,
2000 2233 2122 2264 ratione
2145 2233 2211 2264 voti
2235 2243 2302 2274 quo
2325 2233 2395 2264 Deo
2420 2233 2520 2263 dicata

1448 2286 1508 2316 est;
1525 2279 1581 2310 sed
1598 2279 1693 2310 etiam
1710 2285 1868 2319 stuprum,
1881 2279 2003 2309 ratione
2019 2277 2171 2318 signaculi
2188 2277 2347 2318 virginalis
2363 2278 2422 2308 sub
2435 2287 2519 2313 cura,

1448 2334 1514 2354 non
1538 2323 1687 2359 carnalis,
1713 2323 1768 2353 sed
1791 2323 1962 2363 spiritualis
1990 2322 2103 2362 patris,
2128 2322 2257 2362 praelati
2282 2321 2398 2352 scilicet
2422 2321 2520 2352 eccle-

1448 2368 1573 2404 siastici,
1598 2368 1654 2408 qui
1678 2368 1751 2398 loco
1775 2367 1907 2398 carnalis
1931 2367 2027 2408 patris
2051 2366 2200 2402 succedit,
2223 2366 2343 2396 habens
2359 2367 2418 2396 sub
2435 2366 2522 2406 spiri-

1447 2413 1525 2444 tuali
1550 2422 1625 2443 cura
1648 2412 1743 2443 etiam
1767 2412 1926 2442 carnalem
1949 2411 2126 2442 custodiam
2145 2410 2283 2451 virginis.
2309 2411 2353 2441 Ita
2369 2411 2458 2451 quod
2475 2417 2521 2441 est

1447 2467 1519 2488 vere
1543 2464 1574 2488 et
1597 2456 1726 2497 proprie
1749 2463 1915 2496 stuprum:
1946 2463 1976 2486 et
1999 2455 2124 2496 gravius
2148 2465 2246 2495 quam
2270 2462 2417 2495 stuprum
2442 2465 2520 2495 pure

1447 2502 1580 2538 carnale,
1605 2508 1726 2542 quanto
1751 2501 1896 2532 custodia
1912 2500 2092 2541 spiritualis,
2117 2499 2168 2530 cui
2191 2499 2227 2530 fit
2242 2499 2366 2535 iniuria,
2392 2506 2438 2529 est
2454 2509 2519 2529 ma-

1447 2546 1508 2577 iori
1536 2545 1739 2576 veneratione
1770 2545 1864 2585 digna
1894 2555 1993 2586 quam
2021 2544 2166 2575 custodia
2195 2554 2273 2584 pure
2304 2543 2446 2574 carnalis.
2480 2543 2520 2573 Et

1447 2597 1615 2631 propterea
1645 2589 1759 2620 dicitur
1787 2589 1820 2619 in
1848 2589 1950 2620 littera
1972 2594 2119 2629 stuprum
2143 2589 2330 2628 spirituale,
2363 2587 2406 2618 ita
2430 2588 2517 2628 quod

1446 2635 1480 2676 ly
1502 2635 1673 2675 spirituale
1702 2644 1768 2664 non
1793 2640 1840 2664 est
1862 2633 2003 2664 conditio
2027 2633 2225 2668 diminuens,
2251 2632 2305 2662 sed
2329 2642 2448 2671 augens
2471 2641 2519 2661 ra-

1447 2679 1571 2710 tionem
1601 2678 1701 2719 stupri
1732 2689 1750 2708 a
1781 2678 1931 2718 dignitate
1960 2677 2171 2718 superaddita.
2196 2695 2215 2698 —
2239 2677 2280 2707 Et
2310 2676 2468 2711 similiter,
2494 2676 2519 2705 si

1446 2723 1598 2754 violentia
1620 2723 1772 2754 inferatur
1788 2722 1901 2758 eidem,
1926 2722 1983 2752 erit
2006 2721 2133 2762 proprie
2149 2727 2257 2761 raptus
2274 2719 2456 2760 spiritualis:
2483 2729 2519 2750 ex

1447 2768 1510 2798 hoc
1533 2767 1604 2807 ipso
1628 2767 1754 2807 gravior
1777 2767 1866 2807 quod
1890 2766 1985 2797 etiarn
2009 2777 2026 2796 a
2050 2765 2203 2806 spirituali
2227 2772 2315 2805 patre
2339 2765 2467 2805 rapitur,
2485 2771 2519 2794 ut

1447 2812 1642 2843 declaratum
1665 2818 1721 2847 est,
1738 2818 1794 2842 etc.

1077 2956 1396 2998 ARTICULUS
1426 2956 1764 2999 UNDECIMUS

759 3049 917 3080 UTRUM
940 3048 1096 3080 VITIUM
1120 3048 1302 3080 CONTRA
1324 3049 1542 3080 NATURAM
1566 3049 1634 3080 SIT
1658 3047 1830 3079 SPECIES
1853 3048 2075 3079 LuxumAE

854 3128 887 3152 1v
907 3128 990 3158 Sem„
1009 3127 1068 3152 dist.
1086 3134 1136 3156 xm,
1156 3133 1203 3152 art.
1221 3135 1247 3159 4,
1267 3127 1318 3160 qu·
1338 3134 1368 3158 ²3
1389 3127 1431 3152 De
1450 3127 1537 3157 Malo,
1559 3135 1605 3160 qu.
1623 3135 1664 3158 xv,
1685 3132 1732 3153 art.
1757 3135 1777 3156 1,
1797 3128 1828 3152 ad
1848 3134 1880 3159 73
1900 3132 1949 3152 art.
1969 3127 1994 3152 3.

360 3222 421 3264 μή
513 3231 515 3234 f
539 3221 786 3246 DUNDECIMUM
796 3220 850 3245 s1c
861 3220 1101 3245 paocamrua.
1113 3208 1274 3245 Videtur
1288 3207 1395 3255 quod

357 3253 456 3320 &A
471 3297 512 3321 1
538 3261 674 3299 vitium
701 3270 834 3299 contra
861 3269 1036 3299 naturam
1065 3274 1143 3298 non
1171 3261 1218 3298 sit
1250 3260 1394 3310 species

346 3316 382 3369 ’,χ
408 3330 467 3369 *⁷5
483 3319 510 3361 ’ἦ
525 3312 721 3352 luxuriae.
751 3315 851 3363 Quia
878 3315 918 3353 in
936 3315 1129 3364 praedicta
1147 3314 1168 3336 ’¹‘
1196 3326 1394 3351 enumera-

386 3342 483 3395 §⁷³²
500 3359 532 3403 *a
540 3366 642 3404 tione
663 3368 876 3421 specierum
906 3368 1075 3406 luxuriae
1095 3368 1198 3405 nulla
1225 3368 1268 3405 fit
1286 3379 1393 3404 men-

328 3418 380 3455 tio
409 3418 456 3456 de
484 3417 578 3457 vitio
603 3428 734 3458 contra
762 3429 949 3459 naturam.
987 3422 1091 3470 Ergo
1120 3434 1199 3458 non
1228 3428 1283 3458 est
1312 3432 1396 3470 spe-

330 3471 406 3508 cies
434 3473 615 3510 luxuriae.

385 3537 420 3562 2.
443 3526 677 3573 PRAETEREA,
699 3526 844 3564 luxuria
873 3528 1078 3576 opponitur
1105 3528 1253 3566 virtuti:
1284 3535 1320 3564 et
1347 3527 1397 3564 ita

331 3579 402 3615 sub
432 3578 573 3616 malitia
602 3579 826 3616 continetur.
861 3580 938 3618 Sed
965 3580 1101 3618 vitium
1131 3589 1262 3618 contra
1290 3588 1396 3618 natu-

1448 3219 1531 3244 ram
1559 3220 1638 3244 non
1667 3208 1882 3245 continetur
1910 3208 1980 3244 sub
2010 3207 2164 3254 malitia,
2185 3208 2251 3244 sed
2282 3209 2352 3244 sub
2384 3207 2519 3245 bestia-

1447 3261 1568 3298 litate:
1598 3268 1639 3297 ut
1657 3268 1762 3309 patet
1788 3273 1858 3310 per
1886 3261 2176 3309 Philosophum,
2199 3260 2238 3297 in
2264 3260 2332 3297 V11
2358 3262 2479 3298 Ethic.
2499 3261 2520 3283 '¹‘

1448 3314 1552 3361 Ergo
1579 3313 1716 3350 vitium
1746 3321 1877 3351 contra
1906 3321 2081 3350 naturam
2105 3326 2184 3351 non
2214 3321 2269 3350 est
2298 3314 2444 3363 species
2463 3315 2518 3351 lu-

1448 3379 1590 3404 xurlae.

1506 3421 1539 3457 3.
1561 3421 1800 3467 PRAETEREA,
1829 3419 1974 3456 luxuria
2003 3420 2171 3457 consistit
2208 3420 2307 3457 circa
2335 3428 2440 3457 actus
2469 3421 2518 3457 ad

1449 3473 1734 3522 generationem
1754 3473 1965 3510 humanam
1995 3473 2201 3521 ordinatos,
2222 3481 2263 3510 ut
2292 3486 2336 3510 ex
2366 3486 2479 3522 supra
2498 3472 2518 3495 ’³‘

1451 3527 1556 3565 dictis
1583 3534 1697 3576 patet.
1738 3526 1815 3564 Sed
1847 3526 1982 3564 vitium
2018 3534 2149 3564 contra
2186 3534 2362 3564 naturam
2396 3526 2517 3563 consi-

1452 3580 1512 3618 stit
1540 3580 1639 3617 circa
1676 3587 1782 3617 actus
1812 3592 1856 3617 ex
1891 3580 2028 3629 quibus
2056 3593 2135 3617 non
2172 3588 2297 3629 potest
2324 3579 2515 3628 generatio

2545 1433 2554 1442 ·
2568 1432 2600 1453 ιν
2614 1431 2688 1458 sm„
2703 1431 2756 1453 dist.

2667 3271 2690 3286 u.
2699 3270 2719 3292 3,
2727 3271 2760 3292 5.-

2547 3265 2697 3314 {Pais
2713 3298 2733 3312 v.

2570 3474 2616 3501 Qu.
2637 3478 2700 3500 caut,
2715 3476 2756 3494 art.
