2768 4198
65 688 75 698 ·
88 684 163 709 Etnic.
186 685 225 709 lib.
245 684 275 711 11,

62 719 275 764 ramasse

63 768 105 790 lib.
119 768 162 795 m,
177 773 228 796 eap-
244 773 275 793 vi,

63 801 88 817 n.
99 802 122 822 ις
135 794 208 817 ιτὴ.
223 794 275 816 lect.

64 827 114 845 xiv.

62 850 73 888 ζ
87 849 159 872 Num.
172 855 195 871 v.

61 1975 219 2006 ‘hita-9·

60 2153 273 2182 ’Ue-mm·

60 3493 184 3523 ’Cf-Act„
196 3498 220 3517 et
231 3494 274 3517 Of-

63 3520 100 3543 fle.
115 3522 153 3544 die
166 3527 192 3544 22
205 3523 256 3544 lan.

972 236 1243 283 QUAEs‘rlo
1275 235 1450 281 cxxiii,
1481 234 1780 271 ARTlcuLUs
1810 234 1844 270 v

304 320 401 350 huius
424 318 567 350 mulieris
591 325 638 348 est
661 316 840 357 generativa
863 315 1068 351 fortitudinis,
1094 315 1242 355 ita.quod
1258 322 1379 354 tempe-

305 364 414 400 rantia,
439 362 599 394 mediante
623 369 694 393 actu
719 371 780 391 suo
797 360 912 396 elicito,
938 367 985 391 est
1000 360 1188 400 productiva
1212 367 1300 390 actus
1318 359 1381 389 for·

304 408 448 440 titudinis
472 407 659 439 formaliter.
682 407 766 437 Nam
790 405 872 436 inter
895 404 1163 435 comminationes
1188 405 1303 445 pudica
1326 403 1381 434 illa

304 453 420 484 mulier
442 452 529 493 apud
553 461 586 482 se
603 451 688 487 dicit,
712 451 832 481 Pudice
848 451 973 480 vivam:
997 449 1121 486 deinde,
1146 450 1239 480 Malo
1255 450 1380 480 crucia-

304 504 370 529 tum
394 507 491 538 quam
509 496 761 537 impudicitiam:
784 502 815 526 et
830 494 944 525 deinde
963 493 1139 525 cruciatum
1156 494 1379 525 sustinendum

303 553 371 573 non
390 541 516 581 refugit.
540 541 622 571 Ecce
638 540 808 581 quomodo
824 539 1032 579 temperantia
1050 540 1132 580 parit
1148 539 1379 570 fortitudinem.

359 587 412 618 111.
436 586 487 617 Ad
499 585 597 616 huius
610 584 804 616 difficultatis
821 584 1022 620 evidentiam,
1037 584 1193 625 quoniam
1206 585 1265 615 iste
1278 585 1379 614 homo

303 632 379 663 dicit
402 631 447 662 sic
470 640 504 661 se
527 630 643 661 habere
666 629 890 660 fortitudinem
914 638 1013 670 quam
1036 628 1118 660 inter
1140 630 1272 660 virtutes
1289 628 1381 670 ponit

302 675 489 707 Aristoteles
501 675 528 711 *,
553 674 672 705 idcirco
695 684 733 705 ex
756 674 824 714 ipsa
849 673 1027 705 Aristotelis
1051 674 1196 705 doctrina
1212 674 1381 705 ostenden-

302 722 383 752 dum
406 727 472 756 est,
496 719 620 760 primo,
649 719 855 760 oppositum;
881 718 996 749 deinde
1025 719 1212 750 declaranda
1241 718 1380 759 amplius

303 773 415 796 natura
445 763 640 795 fortitudinis
663 771 728 801 est,
753 763 862 804 quoad
894 763 1099 803 propositum
1122 763 1156 800 *;
1188 771 1219 794 et
1248 764 1378 794 demum

303 809 433 841 satisfiet
456 808 652 849 argumentis
663 808 690 840 *.
715 808 911 844 Aristoteles,
929 808 971 838 111
994 808 1099 840 Ethic.
1115 807 1166 844 **,
1191 815 1327 839 tractans
1347 808 1380 839 in

303 855 422 896 quibus
437 853 587 895 periculis
611 853 724 884 mortis
749 861 795 884 est
811 853 981 889 fortitude,
1006 853 1112 893 primo
1135 853 1205 884 vult
1228 854 1318 894 quod
1341 853 1381 884 sit

304 900 385 931 circa
405 907 544 930 mortem
569 908 632 929 non
658 908 800 936 omnem,
825 898 879 928 sed
909 907 980 928 eam
1005 908 1088 939 quae
1114 903 1162 929 est
1185 899 1217 928 in
1242 899 1380 938 optimis.

304 945 346 975 Et
367 954 405 974 ex
425 943 488 974 hoc
510 942 622 974 infert:
646 943 732 983 Ergo
755 942 788 973 in
810 943 858 973 his
880 952 962 983 quae
986 950 1060 973 sunt
1083 944 1116 973 in
1138 942 1231 973 bello.
1258 942 1381 972 Deinde

302 989 418 1030 probat
432 988 626 1019 illationem:
651 987 728 1029 quia
752 989 784 1018 in
809 988 952 1018 maximo
967 992 998 1018 et
1020 988 1138 1027 optimo
1157 987 1315 1027 periculo.
1340 987 1382 1017 Et

302 1033 391 1065 affert
413 1034 452 1064 ad
476 1033 539 1064 hoc
554 1032 776 1064 testimonium
793 1033 832 1062 ab
848 1031 1027 1062 honoribus
1049 1031 1106 1072 qui
1129 1031 1317 1061 exhibentur
1332 1031 1381 1061 his

303 1078 360 1120 qui
390 1088 424 1109 se
456 1078 523 1109 istis
555 1084 731 1118 exponunt.
762 1077 904 1112 Deinde,
936 1076 1108 1106 extendens
1138 1075 1380 1111 fortitudinem,

303 1123 379 1154 dicit
401 1123 492 1165 quod
510 1123 740 1163 principaliter
753 1121 859 1162 sortis
880 1120 1001 1152 dicitur
1015 1121 1072 1161 qui
1087 1120 1268 1160 impavidus
1291 1121 1380 1151 circa

302 1168 419 1199 bonam
443 1172 589 1205 mortem,
614 1172 646 1198 et
667 1174 897 1208 quaecumque,
922 1165 1090 1205 repentina
1114 1165 1301 1201 existentia,
1331 1165 1380 1194 in-

293 1213 416 1255 serunt
436 1217 588 1243 mortem:
613 1217 643 1243 et
658 1211 750 1247 talia,
764 1208 934 1246 subsumit,
947 1210 1090 1239 maxime
1104 1218 1189 1249 quae
1202 1209 1379 1240 secundum

301 1258 431 1289 bellum.
455 1256 650 1299 Secundario
674 1265 807 1296 quoque
831 1254 921 1286 fortis
945 1260 992 1284 est
1014 1254 1071 1294 qui
1093 1253 1274 1294 impavidus
1292 1255 1380 1285 circa

287 1302 494 1337 enormia
507 1300 780 1343 'aegritudinibus
803 1303 835 1330 et
857 1300 890 1330 in
915 1298 1010 1336 mari,
1035 1298 1132 1329 aliter
1154 1303 1261 1329 tamen
1282 1309 1379 1340 quam

302 1352 442 1385 nautae,
466 1353 524 1378 etc.
560 1345 603 1378 Et
625 1345 759 1376 demum
791 1343 879 1374 addit
902 1342 942 1374 de
965 1341 1102 1374 fortibus
1125 1343 1217 1383 quod
1241 1344 1382 1375 viriliter

301 1397 407 1434 agunt
431 1392 463 1422 in
487 1390 602 1432 quibus
625 1394 673 1421 est
686 1388 855 1430 fortitudo
879 1392 909 1418 et
932 1387 1048 1418 bonum
1074 1388 1166 1418 mori.

355 1436 446 1468 Haec
474 1434 671 1466 Aristoteles.
703 1433 752 1464 Ex
781 1432 900 1474 quibus
931 1431 1099 1463 manifeste
1125 1432 1227 1474 liquet
1254 1432 1361 1472 primo
1371 1456 1389 1469 ,N

301 1481 393 1522 quod
415 1479 496 1512 ratio
523 1478 668 1510 formalis
691 1487 790 1519 quare
813 1477 895 1508 circa
918 1477 1065 1508 bellicam
1090 1484 1228 1508 mortem
1253 1477 1292 1509 sit
1316 1477 1380 1508 for-

302 1525 425 1562 titudo,
455 1531 503 1556 est
525 1524 602 1566 quia
625 1525 656 1554 in
680 1524 824 1554 maximo
849 1528 880 1554 et
902 1523 1021 1563 optimo
1045 1523 1196 1563 periculo
1225 1522 1379 1554 consistit.

299 1569 343 1603 Bt
365 1579 403 1601 ex
425 1569 489 1601 hoc
512 1568 615 1610 capite
637 1567 794 1599 habemus
818 1567 925 1599 statim
948 1566 1118 1602 intentum,
1144 1567 1379 1598 subsumendo:

297 1614 364 1647 sed
386 1613 492 1646 subire
515 1621 654 1645 mortem
671 1619 803 1654 propter
825 1611 922 1643 fidem
943 1611 995 1643 vel
1017 1611 1172 1643 iustitiam
1198 1619 1381 1644 constanter

299 1659 468 1692 tolerando
484 1658 552 1690 sine
569 1657 878 1699 contrapugnatione
892 1656 1010 1687 virium
1026 1657 1230 1694 exteriorum,
1247 1657 1380 1698 quando

299 1710 438 1745 oportet,
462 1710 533 1740 etc„
550 1702 695 1734 consistit
708 1702 742 1734 in
759 1702 901 1734 maximo
917 1709 948 1733 et
963 1701 1090 1743 optimo
1107 1701 1269 1742 periculo:
1294 1702 1380 1742 Ergo

299 1748 351 1781 hic
380 1755 429 1781 est
451 1758 524 1780 vere
547 1747 677 1789 proprie
699 1747 783 1779 dicta
807 1747 965 1779 fortitudo
993 1746 1094 1778 virtus
1117 1746 1224 1787 posita
1247 1747 1287 1778 ab
1310 1747 1380 1778 Ari-

298 1793 423 1826 stotele.
436 1793 572 1825 -Minor
587 1793 750 1833 probatur.
768 1792 809 1823 Et
825 1792 914 1834 quod
929 1791 1111 1832 periculum
1126 1791 1166 1823 sit
1181 1791 1360 1823 maximum
1373 1801 1379 1822 :

299 1838 376 1881 quia
390 1845 439 1870 est
453 1839 494 1869 de
509 1845 623 1869 morte.
643 1838 684 1868 Et
699 1837 789 1879 quod
805 1837 846 1868 sit
861 1836 1040 1877 optimum:
1061 1836 1138 1877 quia
1153 1843 1284 1877 propter
1298 1836 1381 1878 opti—

298 1893 407 1920 mum,
432 1883 550 1915 scilicet
579 1883 706 1914 bonum
729 1882 828 1912 animi
851 1882 1001 1919 interius,
1033 1891 1100 1922 quo
1126 1881 1205 1912 nihil
1229 1881 1380 1912 novimus

300 1928 416 1960 melius
439 1928 472 1959 in
497 1927 602 1958 nobis.
629 1927 839 1958 Concordant
860 1936 986 1967 quoque
1009 1931 1040 1957 et
1061 1926 1112 1957 his
1129 1926 1270 1957 honores
1285 1927 1380 1967 prin·

299 1973 423 2015 cipibus
438 1978 468 2004 et
483 1972 666 2004 civitatibus
679 1972 713 2001 *ε
738 1971 895 2012 quoniam
911 1971 989 2002 tales
1012 1970 1151 2001 maxime
1167 1971 1379 2002 honorantur.

300 2018 343 2050 Et
363 2018 451 2058 apud
475 2016 676 2048 Christianos
699 2022 786 2056 patet
809 2016 848 2047 de
871 2015 987 2047 sanctis
1003 2015 1205 2056 martyribus.
1229 2015 1271 2046 Et
1293 2016 1380 2056 apud

299 2062 432 2104 gentiles
455 2062 582 2093 Marcus
606 2060 754 2097 Attilius,
779 2061 835 2102 qui
859 2067 990 2102 propter
1012 2059 1108 2091 fidem
1134 2060 1286 2092 sustinuit
1309 2070 1380 2091 cru·

301 2107 431 2144 ciarum,
455 2113 622 2147 tantopere
645 2106 908 2142 commendatur,
940 2112 972 2136 et
994 2115 1013 2136 a
1036 2105 1148 2136 Tullio
1171 2105 1254 2136 inter
1282 2104 1380 2136 fortes

299 2153 439 2184 locatur:
464 2158 501 2183 ut
524 2158 611 2192 patet
634 2150 667 2182 in
684 2150 726 2181 111
742 2151 783 2181 de
809 2149 947 2192 Officiis.
959 2149 987 2186 *,
1011 2159 1081 2190 cap.
1101 2149 1141 2180 de
1163 2149 1378 2181 Foniticdine.

354 2196 472 2238 Liquet
494 2195 655 2236 secundo,
684 2195 775 2236 quod
796 2194 904 2236 fortis
926 2194 1159 2235 principaliter
1180 2194 1302 2226 dicitur
1323 2195 1381 2236 qui

299 2243 390 2274 cirea
410 2241 528 2273 bonam
543 2245 691 2278 mor-tem,
709 2245 740 2271 et
755 2249 987 2280 quaecumque,
1005 2239 1176 2280 repentina
1193 2240 1378 2277 existentia,

298 2286 449 2330 inferunt
471 2291 618 2323 mortem,
643 2283 826 2326 impavidus
848 2289 903 2315 est.
928 2284 970 2315 Et
994 2293 1031 2314 ex
1046 2283 1110 2315 hoc
1124 2283 1227 2324 capite
1243 2283 1380 2315 habetur

298 2330 397 2364 etiam
419 2330 527 2362 statim
549 2329 720 2366 intentum,
741 2329 978 2360 subsumendo:
1002 2328 1066 2360 Sed
1090 2328 1146 2370 qui
1162 2336 1294 2370 propter
1316 2329 1379 2360 vir·

298 2383 412 2412 tutem,
428 2375 550 2416 absque
566 2373 876 2415 contrapugnatione
893 2373 1088 2405 exteriorum
1104 2373 1232 2411 virium,
1245 2374 1378 2415 quando

298 2427 438 2462 oportet,
462 2427 533 2456 etc„
558 2426 740 2451 constanter
763 2418 899 2451 sustinet
922 2426 1071 2456 mortem,
1096 2425 1144 2450 est
1158 2419 1246 2450 circa
1263 2419 1378 2450 bonam

298 2471 434 2497 mortem
458 2470 489 2496 et
512 2465 681 2505 repentina
704 2463 879 2506 inferentia
909 2469 1044 2495 mortem
1068 2464 1269 2505 impavidus.-
1292 2464 1379 2505 Ergo

297 2510 370 2543 talis
393 2517 441 2541 est
463 2519 537 2540 vere
561 2517 592 2540 et
615 2509 745 2550 proprie
769 2508 872 2547 fortis,
895 2508 927 2539 in
951 2508 1119 2550 principali
1135 2508 1236 2549 gradu
1252 2508 1379 2540 fortitu-

299 2555 382 2587 dinis
397 2554 543 2591 existens,
561 2553 648 2594 apud
664 2553 879 2586 Aristotelem.
893 2554 1082 2585 -Probatur
1097 2553 1214 2586 minor.
1232 2554 1274 2585 Et
1288 2554 1379 2595 quod

299 2600 340 2631 sit
362 2599 544 2640 impavidus
567 2599 655 2631 circa
675 2598 791 2630 bonam
807 2603 955 2637 mortem,
971 2606 1072 2640 patet:
1097 2598 1174 2640 quia
1193 2599 1317 2639 optima
1332 2606 1380 2630 est

299 2643 488 2676 huiusmodi
511 2641 600 2674 mors
619 2650 752 2684 propter
765 2643 917 2675 virtutem
935 2644 1199 2676 conservandam.
1224 2643 1266 2675 Et
1288 2644 1380 2685 quod

299 2689 340 2721 sit
358 2688 539 2730 impavidus
554 2689 642 2719 circa
658 2689 827 2729 repentina
843 2687 1022 2730 inferentia
1038 2694 1194 2720 mortem:
1221 2689 1378 2729 quoniam

298 2734 377 2765 haec
393 2740 469 2765 sunt
482 2732 585 2774 magis
608 2732 773 2773 repentina
789 2733 955 2765 inferentia
971 2740 1112 2765 mortem
1127 2744 1226 2775 quam
1244 2744 1280 2765 ea
1296 2744 1380 2775 quae

299 2785 375 2811 sunt
390 2778 423 2809 in
439 2778 526 2809 bello
542 2777 727 2814 communi;
751 2778 907 2818 quoniam
923 2778 1037 2810 bellica
1060 2786 1135 2810 sunt
1150 2779 1303 2819 praevisa,
1320 2779 1379 2810 ista

299 2830 407 2855 autem
431 2832 526 2864 saepe
549 2822 685 2854 omnino
709 2829 839 2863 repente
863 2823 1048 2860 adveniunt,
1073 2830 1110 2854 ut
1132 2831 1219 2864 patet
1234 2824 1266 2854 in
1283 2824 1379 2864 gestis

298 2875 478 2910 martyrum
502 2878 539 2899 ex
561 2867 738 2908 improviso
754 2867 1040 2908 apprehensorum,
1065 2875 1136 2905 etc.,
1156 2869 1237 2900 etin
1254 2868 1380 2900 casibus

298 2912 450 2945 infinities
473 2912 689 2945 accidentibus
713 2919 843 2953 repente
865 2912 898 2943 in
922 2912 990 2943 istis
1013 2913 1258 2953 particularibus
1273 2913 1380 2954 impu—

297 2957 504 2999 gnationibus
527 2958 571 2988 ob
594 2957 820 2988 destruendam
843 2957 996 2988 virtutem
1023 2957 1167 2999 aliquam
1195 2957 1228 2988 in
1251 2958 1378 3000 aliquo,

299 3009 336 3034 ut
358 3009 446 3044 patet
467 3002 508 3033 de
530 3001 701 3039 iudicibus,
725 3002 766 3032 de
789 3001 978 3032 mulieribus
1002 3009 1033 3033 et
1057 3002 1096 3033 de
1119 3001 1312 3035 infidelibus.

354 3047 473 3088 Liquet
495 3046 599 3083 tertio,
615 3047 705 3088 quod
725 3046 823 3078 fortes
843 3047 875 3077 in
892 3047 1007 3088 quibus
1027 3052 1075 3078 est
1086 3046 1255 3088 fortitudo
1278 3053 1308 3078 et
1326 3048 1379 3079 bo-

299 3101 378 3124 num
393 3093 479 3123 mori
500 3091 639 3123 viriliter
658 3097 767 3133 agunt
789 3091 921 3132 quando
941 3098 1080 3132 oportet,
1097 3098 1128 3122 et
1152 3098 1283 3132 propter
1301 3092 1380 3134 quid

299 3143 444 3177 oportet,
468 3143 500 3168 et
525 3135 609 3168 sicut
631 3143 776 3177 oportet,
801 3143 833 3167 et
855 3146 923 3168 non
947 3136 1055 3167 aliter:
1086 3136 1132 3168 sic
1155 3136 1242 3167 enim
1266 3138 1380 3177 procul

299 3180 400 3212 dubio
421 3180 559 3213 intendit
580 3181 778 3213 Aristoteles.
803 3181 844 3212 Et
867 3191 905 3212 ex
921 3181 984 3212 hoc
1000 3181 1103 3222 capite
1126 3181 1261 3212 habetur
1276 3182 1381 3213 inten-

299 3231 372 3256 tum
394 3226 615 3257 subsumendo
639 3227 729 3268 quod
753 3226 786 3256 in
802 3226 1048 3267 impugnatione
1072 3226 1256 3266 particulari
1278 3226 1380 3258 homo

299 3269 492 3310 impavidus,
508 3271 640 3312 quando
664 3277 696 3302 et
719 3270 801 3302 sicut
814 3277 952 3312 oportet,
970 3270 1035 3311 agit
1049 3270 1179 3302 viriliter
1201 3271 1381 3302 secundum

300 3314 391 3356 quod
419 3321 564 3355 oportet,
588 3315 707 3347 scilicet
733 3315 856 3347 actibus
883 3315 1087 3346 interioribus
1106 3322 1146 3346 ·et
1173 3316 1381 3346 exterioribus

301 3359 511 3399 opportunis:
525 3366 604 3400 puta
617 3359 693 3391 fidei
708 3360 922 3397 confessione,
933 3368 965 3391 et
981 3360 1115 3392 ulterius
1130 3370 1197 3391 non
1214 3360 1380 3401 fugiendo,

300 3413 406 3444 neque
429 3403 620 3436 declinando
641 3412 792 3442 mortem,
817 3406 872 3436 sed
896 3412 1047 3446 prompte
1066 3415 1184 3445 corpus
1200 3405 1380 3436 exhibendo

300 3449 341 3479 ad
364 3447 541 3479 cruciatum
563 3455 595 3480 et
617 3457 772 3487 mortem,
796 3450 899 3481 immo
930 3450 1128 3491 quandoque
1156 3450 1248 3491 quasi
1271 3460 1380 3490 aggre-

300 3493 434 3529 diendo,
460 3499 496 3523 ut
518 3493 558 3523 de
580 3493 674 3525 beato
693 3493 863 3526 Vincentio
886 3495 1002 3535 legitur
1017 3495 1035 3514 *
1057 3495 1158 3536 quod,
1175 3505 1285 3526 moras
1307 3505 1379 3526 car-

301 3537 431 3578 nficum
453 3537 638 3578 arguendo,
661 3539 706 3569 ad
725 3548 865 3579 poenam
882 3539 1091 3580 properabat.
1125 3540 1198 3571 Hoc
1222 3540 1309 3570 enim
1333 3547 1381 3571 est

302 3582 441 3614 viriliter
468 3591 571 3623 agere
601 3583 634 3612 in
663 3582 714 3613 his
743 3584 776 3613 in
803 3583 919 3624 quibus
934 3590 982 3616 est
1002 3584 1170 3625 fortitudo
1199 3590 1231 3615 et
1261 3584 1378 3616 bonum

302 3636 395 3658 mort.

2469 235 2510 271 13

1491 314 1543 345 IV.
1569 314 1725 344 Probatur
1754 313 1843 343 aliter
1872 314 2216 354 contrapugnationem
2246 315 2438 346 exteriorum
2468 317 2514 346 vi-

1436 358 1518 389 rium
1542 369 1608 388 non
1625 368 1692 389 esse
1717 358 1936 389 conditionem
1961 358 2178 398 periculorum
2196 360 2308 390 mortis
2333 360 2412 391 circa
2432 371 2513 402 quae

1435 411 1481 434 est
1503 403 1670 434 fortitude.
1696 403 1737 434 Et
1760 403 1913 443 probatur
1937 403 1991 434 sic.
2016 402 2295 443 Contrapugnatio
2320 405 2437 436 minuit
2461 416 2514 446 pe-

1435 448 1582 479 riculum.
1607 448 1693 488 Ergo
1710 458 1777 478 non
1794 455 1841 479 est
1857 447 1999 478 conditio
2024 448 2157 488 periculi
2174 448 2256 479 circa
2279 450 2369 490 quod
2388 457 2435 480 est
2451 450 2514 480 for-

1434 493 1549 531 titudo.
1573 510 1595 516 —
1621 493 1820 523 Antecedens
1838 499 1941 533 patet:
1967 492 2043 533 quia
2060 502 2097 523 ex
2113 498 2175 523 noc
2191 493 2263 534 ipso
2280 495 2370 535 quod
2387 502 2515 535 oportet

1434 537 1779 578 contrapugnationem
1801 537 2001 573 intervenire,
2018 537 2126 568 minus
2143 544 2189 568 est
2213 539 2392 578 periculum
2416 549 2515 580 quarn

1434 583 1459 613 si
1475 593 1492 613 a
1510 583 1819 623 contrapugnatione
1831 582 2024 614 abstraheret
2038 582 2229 623 periculum.
2246 600 2261 606 -
2274 583 2515 624 Consequentia

1435 628 1603 668 probatur:
1629 627 1704 668 quia
1728 627 1884 658 fortitudo
1902 634 1948 658 est
1971 627 2079 658 solum
2103 627 2184 658 circa
2207 628 2349 668 pericula
2365 629 2514 659 maxima.

1434 672 1467 703 Si
1491 672 1575 703 enirn
1601 671 1757 703 fortitudo
1774 679 1821 703 est
1835 673 1944 703 solum
1960 671 2041 703 circa
2057 672 2207 708 maxima,
2224 673 2370 714 sequitur
2390 680 2426 704 ut
2449 684 2514 704 non

1434 717 1536 757 exigat
1559 717 1913 758 contrapugnationem‚
1938 727 2022 758 quae
2044 717 2186 757 pericula
2210 717 2284 748 facit
2307 718 2443 749 minora.

1490 761 1641 792 Similiter
1664 761 1843 793 ostenditur
1866 762 1929 792 alio
1949 762 2060 793 modo.
2085 761 2364 803 Contrapugnatio
2382 763 2516 794 exterio-

1434 816 1507 837 rum
1530 806 1648 837 virium
1672 806 1836 837 multoties
1860 806 1978 837 minuit
2001 806 2158 838 rationem
2175 807 2290 848 optimi
2314 808 2347 838 in
2371 808 2515 848 periculo

1435 858 1465 882 et
1481 859 1594 882 morte.
1612 852 1698 891 Ergo
1716 861 1781 882 non
1799 859 1846 882 est
1862 851 2005 882 conditio
2022 851 2173 892 requisita
2190 852 2230 883 ad
2244 852 2388 893 pericula
2403 852 2517 884 mortis

1435 896 1467 926 in
1484 896 1602 937 quibus
1626 903 1673 927 est
1697 896 1863 927 fortitudo.
1882 914 1903 920 —
1920 896 2160 937 Consequentia
2183 904 2287 938 patet:
2313 897 2388 939 quia
2413 898 2452 928 de
2469 907 2516 928 ra-

1435 940 1523 971 tione
1546 940 1743 971 fortitudinis
1760 947 1807 971 est
1825 941 1916 981 quod
1932 941 1972 972 sit
1995 941 2076 972 circa
2092 943 2211 982 optima
2221 943 2374 982 pericula
2391 943 2515 980 mortis,

1435 992 1471 1015 ut
1500 992 1586 1025 patet
1610 985 1651 1015 111
1671 985 1776 1015 Ethic.
1796 984 1814 1004 *
1836 1002 1858 1008 -—
1882 985 1923 1015 Et
1953 986 2142 1016 antecedens
2173 987 2338 1026 probatur.
2369 987 2455 1025 Quia
2483 988 2516 1018 in

1434 1039 1542 1070 pugna
1566 1028 1638 1060 fidei
1663 1039 1757 1069 saepe
1778 1037 1861 1060 recta
1878 1029 1958 1060 ratio
1982 1030 2078 1060 habet
2101 1037 2137 1061 ut
2160 1041 2226 1061 non
2245 1039 2517 1072 contrapugnetur

1434 1074 1553 1104 viribus
1573 1073 1791 1110 exterioribus,
1809 1074 1865 1104 sed
1888 1074 1957 1104 sola
1980 1073 2054 1104 fidei
2079 1075 2313 1114 praedicatione
2337 1084 2368 1107 et
2392 1077 2517 1108 confes-

1435 1118 1542 1154 sione,
1568 1118 1731 1149 offerendo
1760 1128 1879 1159 corpus
1910 1119 2006 1149 morti
2036 1126 2067 1150 et
2094 1119 2303 1151 cruciatibus:
2334 1129 2364 1152 et
2393 1129 2517 1152 constat

1435 1163 1525 1204 quod
1550 1163 1666 1193 melius
1690 1171 1737 1195 est
1761 1163 1805 1193 sic
1829 1163 1923 1195 mori.
1948 1163 2083 1194 Meliora
2107 1174 2240 1205 quoque
2264 1173 2339 1196 sunt
2362 1166 2439 1197 haec
2462 1176 2517 1206 pe-

1435 1208 1534 1239 ricula
1564 1217 1662 1248 quarn
1686 1207 1768 1238 mori
1793 1207 1825 1238 in
1850 1208 1936 1238 bello
1968 1214 2078 1239 contra
2106 1208 2261 1240 infideles.
2293 1210 2411 1241 Minuit
2442 1221 2517 1251 ergo

1435 1252 1593 1284 rationem
1617 1252 1733 1293 optimi
1764 1252 1896 1294 periculi
1920 1259 1951 1283 et
1979 1252 2122 1293 optimae
2145 1254 2258 1284 mortis
2283 1262 2518 1295 contrapugna—

1436 1297 1491 1329 tio.
1515 1315 1536 1320 —
1561 1298 1648 1328 Haec
1673 1297 1711 1328 de
1735 1297 1853 1338 primo.

1491 1342 1531 1373 V.
1556 1342 1674 1379 Quoad
1691 1342 1869 1373 secundum
1882 1342 1908 1378 ¹⁸,
1926 1342 2094 1374 sciendum
2112 1350 2158 1374 est
2182 1343 2297 1384 primo,
2316 1343 2347 1374 in
2373 1344 2435 1375 hoc
2459 1345 2518 1375 dif-

1435 1387 1514 1418 ferre
1544 1386 1766 1418 fortitudinem
1797 1397 1815 1417 a
1838 1386 1959 1418 iustitia
1989 1388 2080 1428 quod
2103 1387 2224 1419 iustitia
2247 1395 2295 1419 est
2318 1388 2519 1420 rectificativa

1435 1431 1661 1474 operationum
1686 1442 1770 1473 quae
1793 1439 1868 1463 sunt
1892 1432 1933 1463 ad
1957 1432 2103 1468 alterurn,
2129 1440 2164 1464 ut
2188 1433 2248 1464 sic:
2281 1433 2438 1465 fortitudo
2463 1445 2518 1466 au-

1435 1485 1499 1508 tem
1529 1477 1756 1518 operationum
1785 1487 1868 1518 quae
1897 1484 1972 1508 sunt
2001 1477 2040 1507 ad
2072 1478 2214 1518 seipsum
2244 1485 2443 1519 operantem.
2480 1480 2520 1511 Et

1434 1522 1510 1563 quia
1541 1521 1676 1553 exterior
1699 1522 1967 1562 contrapugnatio
1997 1530 2045 1553 est
2068 1523 2151 1554 actio
2183 1524 2223 1554 ad
2247 1524 2384 1555 alterum
2409 1531 2519 1556 contra

1434 1577 1534 1609 quem
1567 1574 1743 1608 pugnatur,
1769 1566 1859 1603 ide0,
1885 1574 1920 1598 ut
1948 1567 2037 1607 prius
2053 1566 2071 1586 *
2094 1568 2216 1599 dictum
2247 1568 2324 1605 fuit,
2349 1568 2520 1601 rectificare

1436 1612 1781 1653 contrapugnationem
1798 1612 1984 1642 exteriorem
2002 1622 2069 1643 non
2085 1620 2206 1653 spectat
2222 1613 2262 1643 ad
2286 1613 2518 1652 fortitudinem,

1436 1657 1496 1688 nisi
1518 1658 1714 1699 inquantum
1738 1664 1859 1697 spectat
1887 1657 1927 1688 ad
1952 1664 2070 1688 rectam
2098 1658 2344 1698 dispositionem
2377 1659 2520 1690 hominis

1436 1703 1467 1733 in
1485 1702 1602 1743 seipso.
1627 1702 1668 1733 Et
1691 1701 1765 1732 hinc
1782 1701 1926 1733 similiter
1949 1702 2096 1743 provenit
2115 1703 2204 1744 quod
2222 1703 2419 1735 fortitudinis
2436 1714 2520 1746 opus

1435 1748 1604 1788 proprium
1628 1754 1676 1778 est
1703 1747 1914 1778 solummodo
1939 1746 2124 1784 rectificare,
2149 1748 2363 1780 diversimode
2394 1756 2518 1787 tamen,

1435 1793 1626 1824 electionem
1650 1799 1681 1823 et
1704 1792 1855 1823 timorem
1879 1799 1910 1822 et
1933 1792 2100 1823 audaciam
2125 1800 2156 1824 et
2170 1800 2259 1824 actus
2275 1801 2519 1835 consequentes,

1435 1844 1579 1878 respectu
1599 1836 1712 1868 talium
1729 1836 1930 1868 obiectorum
1954 1837 2062 1878 qualia
2078 1838 2234 1879 descripta
2259 1846 2334 1869 sunt
2349 1839 2377 1878 *‚
2395 1840 2434 1869 ad
2457 1839 2520 1870 hoc

1436 1890 1471 1914 ut
1494 1882 1597 1913 homo
1621 1889 1705 1913 recte
1729 1881 1903 1922 dispositus
1923 1881 1956 1912 in
1972 1882 2078 1922 seipso
2103 1883 2283 1914 secundum
2299 1883 2451 1915 virtutem
2467 1885 2517 1915 sit.

1435 1925 1619 1958 Rectificare
1642 1925 1802 1967 siquidem
1819 1927 2164 1967 contrapugnationem
2189 1935 2220 1959 et
2245 1935 2366 1960 ceteros
2387 1929 2518 1960 exterio-

1434 1982 1483 2003 res
1506 1978 1595 2003 actus
1625 1978 1784 2012 quatenus
1808 1971 1849 2002 ad
1873 1971 2008 2002 alterurn
2028 1978 2113 2008 sunt,
2132 1972 2272 2004 iustitiae
2288 1981 2344 2010 est,
2371 1981 2406 2004 ut
2429 1984 2519 2014 prae-

1435 2017 1559 2048 dictum
1583 2023 1640 2048 est.

1490 2061 1665 2092 Sciendum
1689 2067 1736 2091 est
1759 2061 1921 2096 secunde,
1946 2060 1979 2091 in
2004 2060 2066 2092 hoc
2090 2061 2212 2092 differre
2236 2063 2404 2094 materiam
2428 2063 2519 2094 forti—

1434 2106 1553 2138 tudinis
1581 2106 1663 2137 circa
1685 2115 1785 2146 quam
1809 2112 1856 2136 est
1879 2104 2046 2142 fortitudo,
2071 2107 2110 2136 ab
2135 2106 2363 2148 impaviditatis
2386 2109 2519 2140 materia

1434 2151 1467 2181 in
1492 2150 1641 2191 periculis
1665 2149 1778 2180 mortis
1809 2156 1940 2190 propter
1962 2150 2196 2190 aegritudinem
2220 2152 2271 2183 vel
2294 2159 2519 2193 tempestatem

1435 2195 1548 2231 maris,
1573 2202 1609 2226 ut
1639 2194 1672 2226 in
1699 2194 1802 2226 littera
1831 2194 1954 2235 optime
1981 2194 2112 2232 dicitur,
2137 2196 2214 2237 quia
2243 2196 2318 2228 forti
2349 2197 2520 2229 imminent

1434 2240 1575 2281 pericula
1591 2239 1708 2271 directe
1724 2246 1856 2280 propter
1871 2239 2003 2280 aliquod
2021 2240 2146 2271 bonum
2163 2243 2430 2279 conservandum,
2448 2251 2518 2280 etc„

1434 2292 1466 2317 et
1488 2291 1658 2326 propterea
1673 2281 1749 2315 sunt
1763 2284 1888 2325 optima
1911 2284 2052 2325 pericula
2075 2285 2156 2317 circa
2180 2296 2263 2328 quae
2280 2294 2327 2318 est
2350 2287 2518 2325 fortitudo,

1434 2337 1512 2371 puta
1541 2337 1674 2371 propter
1695 2339 1829 2370 pacem,
1853 2328 1968 2366 fidem,
1993 2330 2186 2367 castitatem,
2204 2338 2280 2362 etc.:
2313 2332 2520 2372 aegritudinis

1434 2382 1543 2406 autem
1559 2381 1590 2406 et
1612 2374 1710 2406 maris
1734 2374 1875 2415 pericula
1890 2384 1957 2405 non
1974 2375 2146 2406 imminent
2162 2376 2278 2407 directe
2295 2384 2426 2417 propter
2442 2378 2518 2409 boni

1433 2420 1724 2461 impugnationem,
1750 2419 1845 2452 etiam
1869 2419 1895 2450 si
1919 2427 2051 2461 propter
2066 2420 2135 2460 pias
2152 2427 2183 2452 et
2197 2428 2320 2453 sanctas
2337 2431 2447 2453 causas
2464 2433 2518 2453 na-

1434 2465 1552 2506 vigant.
1583 2465 1683 2502 Quod
1707 2475 1744 2495 ex
1768 2474 1807 2496 eo
1831 2471 1918 2505 patet
1941 2465 2032 2506 quod
2055 2465 2244 2496 communia
2267 2474 2343 2498 sunt
2365 2467 2519 2499 omnibus

1433 2510 1467 2541 in
1490 2509 1571 2541 mari
1594 2517 1672 2541 tunc
1697 2509 1904 2540 existentibus
1922 2520 1959 2540 ex
1974 2520 2182 2552 quacumque
2198 2521 2304 2543 causa.
2328 2512 2376 2543 Ex
2399 2512 2462 2544 hoc
2478 2513 2519 2543 si-

1434 2555 1567 2596 quidem
1591 2555 1689 2586 habes
1712 2554 1803 2596 quod
1821 2554 1855 2585 in
1871 2554 2068 2586 fortitudinis
2084 2555 2231 2587 exercitio
2248 2566 2375 2597 semper
2391 2565 2519 2598 oportet

1434 2600 1624 2632 intervenire
1648 2600 1732 2630 duo:
1747 2599 1877 2632 ,scilicet
1898 2599 1932 2630 id
1955 2600 1995 2630 de
2018 2610 2086 2641 quo
2110 2607 2158 2631 est
2180 2611 2300 2642 pugna,
2324 2609 2403 2642 puta
2427 2601 2516 2639 fides,

1434 2645 1563 2682 iustitia,
1579 2654 1725 2685 regnum,
1743 2650 1814 2681 etc„
1839 2651 1870 2675 et
1894 2644 1956 2676 hoc
1975 2655 2010 2676 ex
2031 2651 2120 2685 parte
2137 2645 2286 2676 materiae
2303 2646 2384 2677 circa
2401 2656 2516 2688 quam;

1434 2697 1465 2721 et
1488 2700 1633 2731 pugnam
1655 2689 1759 2730 ipsam
1783 2689 1865 2720 inter
1886 2689 2132 2730 impugnantem
2161 2697 2192 2721 et
2214 2690 2462 2731 impugnatum,
2487 2699 2519 2723 et

1434 2735 1496 2766 hoc
1520 2745 1557 2766 ex
1581 2741 1669 2775 parte
1694 2734 1817 2765 formae
1841 2744 1896 2765 seu
1921 2734 2049 2766 habitus
2074 2734 2280 2766 fortitudinis.
2306 2736 2405 2773 Quod
2430 2736 2516 2767 enim

1434 2779 1577 2820 exigatur
1599 2779 1632 2810 id
1657 2779 1696 2810 de
1719 2789 1786 2820 quo
1811 2785 1859 2810 est
1882 2788 2000 2820 pugna,
2026 2787 2128 2820 patet:
2154 2780 2230 2820 quia
2247 2780 2337 2811 aliter
2360 2780 2517 2812 fortitudo

1434 2835 1501 2855 non
1533 2824 1662 2855 haberet
1691 2823 1857 2864 propriam
1881 2824 2064 2861 materiam,
2089 2824 2207 2855 scilicet
2236 2825 2377 2866 pericula
2405 2826 2517 2857 mortis

1434 2870 1574 2910 optima;
1599 2875 1674 2900 sunt
1697 2878 1838 2910 namque
1862 2869 1987 2910 optima
2011 2877 2143 2910 propter
2166 2870 2290 2900 bonum
2316 2871 2355 2901 de
2379 2881 2446 2912 quo
2471 2878 2518 2901 est

1434 2925 1553 2955 pugna.
1579 2914 1679 2952 Quod
1693 2924 1770 2945 vero
1787 2913 1930 2954 exigatur
1941 2924 2050 2955 pugna
2066 2914 2185 2955 aliqua,
2209 2921 2311 2955 patet:
2337 2916 2412 2957 quia
2429 2916 2518 2946 aliter

1435 2959 1525 2990 fortis
1549 2963 1616 2990 non
1640 2958 1821 2999 persisteret
1843 2958 1877 2989 in
1900 2959 1978 2990 boni
2002 2959 2123 3000 proprii
2147 2959 2381 2991 exercitatione.

1490 3004 1538 3035 Ex
1562 3003 1668 3044 primo
1692 3013 1768 3034 vero
1792 3003 1990 3035 documento
2020 3004 2118 3035 habes
2142 3005 2232 3045 quod
2261 3005 2337 3046 quia
2361 3004 2516 3035 fortitudo

1435 3056 1482 3080 est
1504 3049 1604 3080 virtus
1628 3048 1830 3080 rectificativa
1853 3048 1994 3079 hominis
2018 3049 2051 3080 in
2067 3049 2191 3090 seipso;
2217 3056 2248 3080 et
2263 3050 2303 3079 ad
2319 3057 2437 3081 rectam
2454 3050 2517 3080 dis-

1435 3093 1631 3134 positionem
1663 3093 1805 3124 hominis
1831 3093 1864 3124 in
1888 3103 1922 3124 se
1945 3103 2012 3124 non
2036 3103 2163 3134 semper
2186 3093 2321 3133 exigitur
2345 3102 2515 3134 contrapu-

1434 3137 1543 3179 gnatio
1567 3138 1761 3169 exteriorum
1783 3137 1902 3169 virium
1926 3145 2035 3169 contra
2059 3145 2215 3175 mortem,
2240 3138 2296 3168 sed
2319 3139 2516 3180 quandoque

1435 3189 1518 3214 recta
1541 3183 1623 3213 ratio
1646 3182 1742 3224 exigit
1763 3183 1855 3224 quod
1870 3190 2032 3223 pugnetur
2045 3182 2168 3213 actibus
2184 3182 2391 3214 exterioribus
2416 3191 2447 3215 et
2469 3184 2516 3214 in-

1435 3227 1621 3264 terioribus,
1650 3234 1729 3268 puta
1756 3227 1940 3263 locutione,
1968 3228 2089 3270 absque
2119 3228 2429 3268 contrapugnatione
2460 3239 2517 3270 per

1434 3272 1516 3302 vires
1541 3281 1728 3312 corporeas;
1757 3278 1794 3302 ut
1817 3278 1903 3311 patet
1927 3281 2002 3302 cum
2025 3278 2072 3302 est
2095 3271 2212 3303 directe
2235 3282 2345 3313 pugna
2377 3273 2417 3304 de
2435 3272 2514 3310 fide,

1435 3316 1522 3347 iuxta
1546 3316 1726 3347 doctrinam
1750 3315 1902 3352 Domini,
1926 3315 2027 3355 Ecce,
2052 3326 2114 3357 ego
2137 3317 2228 3347 mitto
2252 3327 2309 3348 vos
2335 3318 2419 3349 sicut
2441 3328 2516 3350 oves

1435 3362 1522 3391 inter
1540 3362 1633 3401 lupos
1647 3360 1675 3396 *,
1700 3367 1732 3391 et
1754 3360 1816 3391 hoc
1840 3361 1950 3401 quoad
1966 3361 2313 3401 contrapugnationem
2328 3361 2447 3393 virium
2465 3374 2515 3394 ex-

1436 3406 1606 3441 teriorum;
1631 3405 1742 3436 Estote
1755 3404 1867 3445 fortes
1890 3406 1923 3436 in
1947 3405 2042 3443 hello,
2059 3411 2093 3446 et
2108 3412 2261 3447 pugnate
2284 3417 2357 3438 cum
2382 3409 2515 3449 antiquo

1434 3455 1583 3491 serpente
1596 3450 1623 3486 *,
1638 3456 1669 3480 et
1688 3449 1750 3480 hoc
1766 3450 1876 3490 quoad
1893 3460 2035 3490 pugnam
2052 3450 2247 3487 interiorem,
2261 3459 2291 3482 et
2308 3452 2514 3492 praedicatio-

1436 3505 1511 3526 nem
1535 3505 1571 3526 ac
1595 3494 1831 3525 confessionem
1854 3493 1928 3525 fidei
1952 3502 1984 3525 et
2007 3505 2155 3526 morum:
2187 3513 2206 3519 -
2230 3506 2296 3527 non
2322 3507 2396 3537 ergo
2421 3497 2515 3537 exigit

1435 3540 1590 3571 fortitudo
1615 3540 1705 3580 quod
1728 3539 1769 3570 sit
1791 3546 1864 3570 actu
1887 3539 1937 3571 vel
1965 3540 2134 3581 proposito
2159 3542 2443 3582 contrapugnativa
2467 3552 2513 3572 se-

1435 3585 1580 3616 cundum
1604 3584 1773 3615 exteriores
1795 3584 1893 3621 vires,
1918 3585 1974 3615 sed
2004 3586 2094 3626 quod
2122 3593 2194 3626 agat
2221 3585 2365 3617 viriliter'
2382 3587 2512 3627 quando

1435 3637 1564 3670 oportet
1595 3636 1625 3660 et
1648 3639 1731 3670 quae
1755 3636 1899 3669 oportet,
1922 3637 1980 3661 etc.
2012 3632 2059 3660 Ac
2087 3640 2144 3670 per
2166 3630 2246 3666 hoc,
2271 3631 2510 3670 concludendo,

2544 993 2608 1042 Legi.
2618 999 2683 1015 num.
2693 999 2759 1021 prae—

2547 1356 2556 1385 .'
2573 1354 2613 1385 Cf.
2627 1360 2692 1376 uum.
2722 1360 2757 1377 ni.

2546 1385 2598 1402 init.

2547 1579 2557 1589 ⁸
2572 1579 2624 1600 Art.
2640 1584 2648 1600 ι
2659 1594 2665 1605 ,
2689 1578 2761 1601 Com-

2547 1609 2620 1628 meat.
2633 1611 2701 1628 num.
2715 1611 2746 1627 tv.

2547 1845 2558 1855 ⁹
2572 1843 2645 1866 Num.
2659 1850 2695 1866 m.

2542 3375 2755 3428 strueres:

2542 3434 2594 3456 cap.
2608 3434 2633 3455 x,
2646 3434 2707 3450 vers.
2721 3435 2741 3457 3.

2542 3465 2551 3474 ·
2558 3464 2595 3486 Cf.
2605 3463 2673 3486 Offic.
2681 3464 2755 3487 Com-

2542 3497 2606 3514 mun.
2621 3491 2706 3519 Apost-
