2768 4198
74 2256 83 2266 ·
98 2255 148 2276 Lib.
162 2254 223 2282 VIII,
235 2260 286 2281 cap.

73 2287 138 2303 mn.

75 2411 84 2421 ⁸
99 2409 166 2431 Vers.
180 2415 187 2430 ι
203 2425 208 2430 .

73 2517 85 2528 ·
98 2515 201 2537 Interlin.

80 2942 89 2953 ⁸
102 2943 153 2964 Art.
169 2943 265 2970 praeced
271 2959 276 2964 .

82 3262 91 3271 '¹
105 3261 142 3282 De
163 3260 237 3289 Offlc„
253 3262 291 3283 lib.

78 3288 97 3315 1,
113 3294 164 3316 cap.
179 3294 242 3309 xxix.

315 309 388 345 352

953 304 1219 352 QUAESTIO
1250 302 1459 348 CLXVIII,
1490 303 1787 340 ARTICULUS
1818 304 1866 338 111

992 434 1328 468 comment-,ana
1352 432 1605 466 cardinalis
1627 433 1828 466 Caietam

319 534 366 597 IN
398 508 529 553 articulo
565 518 704 550 secundo
740 515 933 557 quaestionis
965 512 1378 551 centesimaesexagesimae-

1433 511 1663 551 praedicatores
1694 512 1791 542 divini
1819 513 1905 543 verbi
1933 520 2082 552 peccant,
2107 512 2306 543 recreationis
2335 512 2434 552 gratia
2458 511 2503 541 di-

348 574 486 601 octavae,
512 565 636 594 adverte
655 563 730 592 duo.
756 561 872 595 Primo,
898 558 987 599 quod
1010 557 1141 587 nomine
1164 556 1231 586 ludi
1255 555 1287 585 in
1305 566 1377 596 pro·
1404 564 1406 592 ζ
1434 556 1534 585 cendo
1559 555 1689 596 aliquod
1707 556 1877 587 ridiculum
1893 557 1973 588 inter
1989 557 2253 596 praedicandum:
2271 556 2296 586 si
2314 555 2504 586 Ambrosius

316 612 421 653 posito
444 609 529 639 venit
552 616 617 638 tam
635 607 739 641 ludus,
755 604 810 644 qui
829 603 970 634 consistit
985 602 1016 631 in
1033 601 1135 637 factis;
1160 610 1258 641 quam
1277 600 1378 635 iocus,
1404 596 1406 627 i

315 657 370 697 qui
399 653 539 685 consistit
569 652 602 681 in
625 650 735 680 verbis.
767 649 888 678 Eadem
918 647 1004 677 enim
1034 653 1080 676 est
1109 644 1188 676 ratio
1214 644 1379 685 utriusque
1404 631 1406 687 i
1475 687 1482 693 ⁶
1566 687 1572 693 .
1621 688 1627 694 ι
1756 688 1763 694 ·
1922 689 1929 695 ·
2373 689 2379 695 .

1405 689 1407 728 i
1434 697 1519 718 enim
1543 688 1677 728 dignltas
1701 698 1804 718 maior
1832 689 1974 720 doctrina
2001 689 2124 727 divina,
2148 700 2246 730 quam
2275 690 2504 730 praedicatores

317 699 424 730 moris.

371 741 533 776 Secundo,
558 737 731 779 specialiter
754 735 786 765 in
810 734 1017 775 responsione
1044 733 1083 763 ad
1107 732 1265 773 primum,
1290 732 1378 772 quod
1405 730 1407 757 ἓ

1433 607 1463 630 et
1487 602 1608 630 Auctor
1630 610 1742 630 verum
1765 601 1885 637 dicunt,
1909 608 1940 631 et
1963 601 2043 632 ratio
2067 601 2218 632 Tulliana
2241 600 2428 636 admittitur,
2446 600 2503 630 sci-

1432 643 1514 679 licet,
1535 644 1663 684 quando
1680 645 1728 674 rei
1743 645 1887 685 dignitas
1909 643 2020 676 adimit
2033 645 2229 686 facultatem
2247 645 2383 676 iocandi.
2408 644 2505 675 Nulla

1435 731 1610 762 enuntiant.

1117 867 1439 909 ARTICULUS
1468 866 1699 907 TERTIUS

761 965 917 1022 UT'RUM
941 964 984 994 IN
1008 960 1367 993 SUPERFLUITATE
1392 960 1494 991 Luni
1518 960 1666 991 POSSIT
1691 960 1791 991 ESSE
1816 960 2055 992 PECCATUM

1259 1041 1294 1065 IV
1314 1040 1410 1070 Ethic„
1430 1041 1490 1066 lect.
1508 1047 1560 1065 xvi.

352 1168 377 1178 μ
402 1144 408 1156 ¹
434 1154 475 1177 „13
526 1140 549 1164 ι)
567 1138 728 1164 TERTmM
748 1138 801 1163 S1c
821 1136 1063 1162 PROCEmTUR.
1093 1123 1253 1160 Videtur
1273 1121 1379 1171 quod

526 1180 564 1217 in
579 1179 838 1229 superfluitate
858 1178 936 1216 ludi
956 1190 1033 1214 non
1053 1176 1172 1226 possit
1192 1188 1274 1212 esse
1294 1187 1382 1223 pec-

313 1340 425 1377 ludus
448 1341 681 1388 quandoque
702 1347 855 1376 excusat
874 1351 896 1375 a
916 1345 1095 1386 peccato:
1125 1337 1244 1373 multa
1264 1335 1379 1395 enim,

313 1393 342 1430 Si
371 1393 469 1430 Serio
499 1394 644 1440 fierent,
673 1393 804 1441 gravia
832 1399 988 1440 peccata
1017 1398 1151 1435 essent,
1182 1401 1281 1437 quae
1301 1401 1381 1437 qui-

315 1447 416 1492 dem,
447 1446 532 1483 ioco
561 1447 675 1491 facta,
704 1446 766 1482 vel
794 1446 897 1482 nulla
924 1444 986 1481 vel
1014 1443 1112 1481 levia
1141 1451 1239 1480 sunt.
1278 1443 1380 1490 Ergo

313 1500 464 1537 videtur
501 1500 605 1548 quod
643 1500 680 1536 in
719 1497 1068 1547 superabundantia
1105 1496 1183 1533 ludi
1222 1508 1300 1533 non
1338 1495 1382 1532 sit

314 1561 528 1602 peccatum.
1307 1567 1309 1569 ·

369 1618 403 1643 2.
441 1608 682 1648 paxamacia,
714 1605 843 1642 omnia
872 1604 943 1641 alia
961 1604 1052 1640 vitia
1081 1602 1314 1639 reducuntur
1333 1603 1381 1640 ad

315 1667 462 1708 septem
490 1659 581 1696 vitia
606 1658 798 1707 capitalia:
829 1665 870 1694 ut
898 1657 1105 1704 Gregorius
1134 1655 1232 1701 dicit,
1255 1656 1379 1692 XXXI

178 1723 288 1766 5333·
315 1713 458 1750 Moral.
483 1712 503 1734 ²¹⁸
539 1712 614 1749 Sed
645 1710 990 1760 superabundantia
1020 1710 1058 1746 in
1086 1709 1182 1746 ludis
1221 1721 1298 1745 non
1327 1708 1381 1745 vi-

314 1767 423 1803 detur
443 1765 571 1802 reduci
593 1766 642 1801 ad
661 1764 814 1813 aliquod
831 1763 1048 1811 capitalium
1063 1762 1256 1798 vitiorum.
1278 1762 1381 1809 Ergo

312 1820 466 1856 videtur
493 1819 597 1866 quod
627 1830 705 1854 non
733 1817 779 1853 sit
807 1824 1021 1865 peccatum.

369 1874 403 1909 3.
439 1873 680 1916 PRAETEREA,
711 1870 877 1906 maxime
910 1869 1110 1905 histriones
1139 1867 1176 1903 in
1206 1867 1296 1904 ludo
1325 1867 1380 1903 vi-

314 1925 449 1962 dentur
486 1923 818 1972 superabundare,
858 1922 922 1970 qui
955 1930 1074 1958 totam
1112 1920 1231 1957 vitam
1271 1932 1380 1956 suam

313 1978 489 2015 ordinant
518 1977 566 2014 ad
596 1977 819 2013 ludendum.
851 1975 890 2012 Si
912 1987 1001 2022 ergo
1032 1973 1381 2022 superabundantia

312 2031 391 2068 ludi
411 2038 510 2067 esset
537 2038 749 2079 peccatum,
770 2037 859 2066 tunc
880 2041 1015 2065 omnes
1034 2027 1236 2064 histriones
1257 2034 1381 2063 essent

312 2084 349 2121 in
379 2091 476 2120 statu
505 2083 661 2131 peccati.
692 2084 900 2119 Peccarent
929 2081 1043 2118 etiarn
1066 2092 1203 2117 omnes
1232 2079 1296 2129 qui
1317 2092 1381 2116 eo-

313 2150 399 2174 rum
427 2136 636 2174 ministerio
665 2143 871 2181 uterentur,
900 2135 963 2171 vel
993 2134 1058 2182 qui
1083 2134 1135 2171 eis
1155 2133 1282 2182 aliqua
1311 2133 1381 2170 lar-

312 2191 490 2238 girentur,
515 2197 698 2238 tanquam
719 2189 863 2238 peccati
883 2189 1061 2225 fautores.
1092 2187 1210 2234 Quod
1229 2186 1381 2224 videtur

314 2256 396 2281 esse
415 2243 565 2280 falsum.
587 2243 741 2291 Legitur
761 2244 864 2279 enirn
884 2242 921 2278 in
943 2242 1033 2278 Vitis
1047 2241 1205 2278 Patrum
1219 2239 1252 2286 *‚
1273 2241 1379 2289 quod

313 2298 426 2334 beato
455 2297 671 2345 Paphnutio
702 2296 912 2332 revelatum
939 2302 995 2331 est
1023 2294 1128 2342 quod
1149 2293 1306 2341 quidam
1328 2294 1381 2331 io-

314 2351 459 2387 culator
492 2350 639 2386 futurus
675 2357 753 2386 erat
781 2349 850 2385 sibi
879 2360 1036 2385 consors
1070 2347 1107 2384 in
1135 2347 1215 2384 vita
1243 2346 1379 2383 futura.

368 2404 442 2440 SED
472 2415 618 2440 CONTRA
646 2414 712 2439 Es’r
740 2403 858 2451 quod,
888 2414 1004 2450 super
1027 2401 1117 2438 illud
1136 2401 1251 2438 Prov.
1273 2411 1333 2437 xw
1347 2399 1379 2446 ²¹⁸,

314 2457 427 2494 Risus
454 2456 578 2493 dolori
603 2457 816 2493 miscebitur
843 2461 878 2492 et
905 2461 1076 2492 extrema
1101 2454 1236 2504 gaudii
1261 2454 1382 2490 luctus

314 2515 482 2558 occupat,
513 2509 600 2546 dicit
629 2509 820 2546 Glossa*:
850 2509 969 2546 luctus
992 2513 1207 2556 perpetuus.
1239 2507 1316 2544 Sed
1343 2507 1382 2544 in

314 2563 572 2611 superfluitate
601 2562 678 2599 ludi
708 2571 762 2599 est
791 2562 1027 2600 inordinatus
1057 2561 1152 2598 risus
1181 2568 1218 2597 et
1242 2560 1382 2598 inordi-

314 2624 445 2653 natum
465 2616 659 2664 gaudium.
690 2617 792 2664 Ergo
822 2624 878 2653 est
906 2615 957 2653 ibi
985 2622 1186 2663 peceatum
1207 2615 1380 2658 mortale,

315 2669 373 2706 cui
403 2670 470 2706 soli
501 2670 662 2707 debetur
690 2671 812 2706 luctus
841 2677 1059 2718 perpetuus.

368 2724 594 2760 REspounEo
623 2734 809 2760 D1CENDUM
847 2723 954 2771 quod
990 2722 1028 2759 in
1057 2720 1164 2758 omni
1194 2733 1240 2757 eo
1276 2719 1382 2769 quod

315 2784 371 2812 est
399 2776 582 2823 dirigibile
611 2777 823 2813 secundum
842 2776 1042 2821 rationem,
1069 2773 1307 2823 superfluum
1328 2773 1382 2810 di-

315 2830 410 2866 citur
437 2830 542 2877 quod
573 2831 741 2877 regulam
771 2829 925 2866 rationis
955 2828 1122 2874 excedit,
1153 2827 1382 2864 diminutum

315 2890 443 2919 autem
473 2882 607 2919 dicitur
635 2882 776 2931 aliquid
797 2881 812 2912 β
841 2882 1054 2919 secundum
1076 2881 1180 2930 quod
1209 2880 1337 2918 deficit
1361 2892 1382 2916 a

317 2936 444 2983 regula
464 2935 630 2972 rationis.
661 2935 813 2972 Dictum
836 2944 890 2972 est
910 2943 1039 2972 autem
1058 2934 1079 2957 '¹‘
1107 2934 1212 2982 quod
1241 2933 1383 2971 ludicra

316 2988 397 3026 sive
425 2988 556 3025 iocosa
574 2989 694 3025 verba
722 2990 783 3025 vel
812 2989 909 3026 facta
928 2996 1015 3025 sunt
1035 2987 1229 3036 dirigibilia
1249 2999 1383 3024 secun-

318 3042 411 3078 dum
440 3041 640 3078 rationem.
678 3043 726 3078 Et
754 3042 839 3079 ideo
870 3042 1108 3090 superfluum
1138 3041 1175 3078 in
1204 3041 1294 3078 ludo
1324 3052 1384 3077 ac-

319 3094 452 3143 cipitur
479 3095 585 3144 quod
614 3095 759 3132 excedit
779 3096 947 3143 regulam
968 3095 1134 3132 rationis.
1165 3094 1281 3141 Quod
1303 3093 1384 3141 qui-

318 3148 406 3184 dem
436 3156 560 3196 potest
590 3160 671 3184 esse
702 3148 910 3197 dupliciter.
941 3149 1028 3186 Uno
1057 3147 1197 3193 modo,
1229 3158 1274 3184 ex
1302 3146 1384 3195 ipsa

319 3201 444 3248 specie
460 3201 654 3238 actionum
675 3213 773 3249 quae
794 3209 1040 3238 assumuntur
1059 3201 1096 3238 in
1116 3201 1262 3246 ludum,
1279 3199 1384 3248 quod

319 3253 475 3301 quidem
495 3254 646 3291 iocandi
661 3266 781 3302 genus
800 3255 1013 3292 secundum
1030 3253 1231 3292 Tullium*
1251 3253 1385 3290 dicitur

321 3318 403 3342 esse
432 3307 630 3353 illiberale,
655 3307 849 3356 petulans,
869 3308 1130 3358 flagitiosum,
1160 3308 1383 3344 obscenum:

321 3360 474 3405 quando
503 3360 642 3397 scilicet
668 3361 781 3397 utitur
800 3361 946 3409 aliquis,
968 3373 1082 3397 causa
1101 3360 1190 3405 ludi,
1211 3359 1384 3408 turpibus

319 3411 445 3448 verbis
472 3414 533 3448 vel
562 3413 679 3460 factis,
708 3415 769 3450 vel
800 3414 912 3451 etiam
942 3414 999 3451 his
1028 3426 1127 3462 quae
1155 3420 1318 3460 vergunt
1347 3414 1383 3449 in

320 3465 480 3512 proximi
515 3474 806 3514 nocumentum,
836 3479 935 3516 quae
968 3467 1016 3504 de
1045 3478 1084 3503 se
1114 3473 1201 3503 sunt
1228 3473 1384 3515 peccata

374 3578 401 3611 α)
421 3578 536 3604 videtur.
548 3592 567 3598 -
585 3579 684 3604 dicitur
703 3579 731 3609 Ρ,
747 3583 837 3612 potest
858 3581 887 3606 C.

1434 1121 1620 1158 mortalia.
1652 1122 1701 1158 Et
1729 1121 1794 1168 sic,
1824 1130 1927 1170 patet
1955 1122 2060 1171 quod
2081 1135 2259 1162 excessus
2279 1124 2317 1162 in
2337 1125 2429 1162 ludo
2450 1135 2506 1163 est

1435 1182 1634 1223 peccatum
1665 1175 1839 1212 mortale.

1487 1227 1573 1264 Alio
1602 1235 1732 1265 autem
1761 1228 1881 1266 modo
1901 1237 2026 1277 potest
2050 1241 2133 1266 esse
2154 1242 2332 1268 excessus
2350 1231 2389 1268 in
2413 1232 2505 1270 ludo

1434 1281 1647 1318 secundum
1669 1282 1859 1318 defectum
1879 1282 2093 1320 debitarum
2114 1283 2504 1323 circumstantiarum:

1435 1342 1526 1383 puta
1555 1347 1643 1372 cum
1664 1335 1778 1384 aliqui
1798 1344 1955 1373 utuntur
1982 1337 2072 1373 ludo
2094 1337 2156 1374 vel
2183 1338 2424 1386 temporibus
2442 1339 2506 1376 vel

1435 1388 1527 1424 locis
1556 1388 1753 1434 indebitis,
1782 1397 1846 1426 aut
1875 1389 1989 1426 etiam
2019 1398 2168 1438 praeter
2196 1391 2504 1429 convenientiam

1436 1441 1576 1489 negotii
1604 1454 1672 1478 seu
1701 1453 1900 1490 personae.
1932 1443 1980 1479 Et
1999 1444 2073 1480 hoc
2093 1443 2251 1492 quidem
2271 1446 2506 1494 quandoque

1436 1502 1561 1543 potest
1585 1507 1668 1531 esse
1696 1504 1897 1544 peccatum
1919 1498 2091 1543 mortale,
2121 1505 2278 1546 propter
2296 1499 2507 1536 vehemen-

1435 1549 1525 1585 tiam
1547 1548 1705 1585 affectus
1726 1549 1774 1585 ad
1794 1550 1941 1596 ludum,
1958 1550 2066 1587 cuius
2086 1550 2378 1589 delectationem
2399 1564 2507 1601 prae-

1435 1602 1544 1650 ponit
1562 1602 1698 1650 aliquis
1719 1602 1841 1639 dilecti
1871 1603 1907 1640 ni
1927 1603 2010 1648 Dei,
2033 1603 2082 1641 ita
2112 1605 2216 1652 quod
2246 1614 2379 1642 contra
2398 1617 2507 1655 prae-

1437 1663 1590 1703 ceptum
1627 1655 1698 1692 Dei
1727 1657 1788 1692 vel
1822 1657 1854 1692 E
1880 1656 2015 1693 clesiae
2053 1657 2191 1694 talibus
2219 1658 2318 1695 ludis
2347 1659 2399 1695 uti
2427 1671 2507 1696 non

1436 1708 1604 1756 refugiat.
1627 1709 1794 1755 Quando
1851 1722 1871 1746 e
1891 1718 2020 1747 autem
2042 1718 2097 1747 est
2116 1719 2315 1759 peccatum
2337 1712 2505 1750 veniale:

1436 1769 1526 1810 puta
1556 1774 1643 1798 curn
1673 1762 1787 1810 aliqui
1835 1775 1912 1800 non
1935 1771 2083 1800 tantum
2104 1764 2266 1801 afficitur
2294 1766 2342 1802 ad
2372 1765 2506 1803 ludum

1436 1814 1542 1862 quod
1571 1823 1735 1874 'propter
1771 1816 1846 1852 hoc
1878 1817 1993 1853 vellet
2029 1817 2171 1865 aliquid
2209 1826 2340 1855 contra
2377 1819 2506 1856 Deum

1437 1875 1688 1904 committere.

1489 1922 1548 1956 Ao
1588 1932 1725 1958 ramum
1761 1932 1859 1958 ERGO
1897 1933 2083 1960 memnon
2119 1924 2227 1971 quod
2264 1924 2393 1972 aliqua
2421 1933 2509 1963 sunt

1436 1981 1592 2022 peccata
1621 1981 1776 2022 propter
1804 1975 1926 2012 solam
1958 1975 2219 2023 intentionem,
2249 1978 2341 2025 quia
2367 1977 2509 2016 scilicet

1435 2026 1473 2063 in
1502 2027 1677 2064 iniuriam
1707 2027 1863 2064 alicuius
1891 2029 2010 2066 fiunt:
2050 2041 2168 2078 quam
2197 2029 2356 2078 quidem
2384 2030 2508 2069 inten-

1434 2081 1579 2117 tionem
1609 2081 1772 2118 excludit
1799 2081 1924 2128 ludus,
1954 2082 2062 2120 cuius
2085 2082 2242 2120 intentio
2269 2084 2318 2121 ad
2347 2083 2509 2122 delecta-

1435 2134 1580 2171 tionem
1610 2134 1745 2180 fertur,
1777 2147 1855 2172 non
1891 2135 1940 2173 ad
1968 2136 2146 2174 iniuriam
2175 2136 2344 2174 alieuius.
2383 2138 2433 2176 Et
2469 2137 2508 2176 in

1435 2187 1573 2224 talibus
1610 2187 1722 2225 ludus
1761 2196 1913 2226 excusat
1948 2201 1970 2226 a
1999 2197 2179 2238 peccate,
2208 2191 2271 2228 vel
2308 2198 2509 2239 peccatum

1436 2241 1624 2278 diminuit.
1654 2261 1678 2269 -
1708 2241 1911 2288 Quaedam
1934 2254 2028 2280 vero
2049 2251 2139 2280 sunt
2166 2255 2265 2293 quae
2293 2245 2509 2283 secundum

1436 2306 1546 2331 suam
1577 2294 1745 2342 speciem
1775 2303 1862 2332 sunt
1889 2304 2064 2344 peccata:
2102 2296 2199 2334 sicut
2231 2297 2507 2344 homicidium,

1435 2347 1635 2384 fornicatio
1658 2355 1694 2384 et
1722 2347 1868 2385 similia.
1899 2349 1948 2386 Et
1976 2349 2062 2386 talia
2083 2362 2163 2387 non
2182 2358 2412 2388 excusantur
2438 2363 2510 2401 per

1435 2401 1586 2438 ludum:
1609 2401 1824 2449 quinimmo
1841 2413 1886 2439 ex
1905 2401 1964 2439 his
1983 2403 2095 2440 ludus
2111 2403 2280 2441 redditur
2287 2404 2510 2454 flagitiosus

1437 2462 1472 2491 et
1499 2454 1681 2491 obscenus
1698 2453 1729 2491 *.

1489 2508 1547 2544 An
1563 2519 1755 2545 SECUNDUM
1771 2519 1956 2546 memnon
1971 2510 2076 2557 quod
2097 2510 2338 2558 superfluitas
2357 2510 2395 2548 in
2415 2511 2508 2549 ludo

1436 2560 1596 2609 pertinet
1624 2561 1674 2598 ad
1702 2561 1866 2610 ineptam
1895 2562 2086 2607 laetitiam,
2117 2575 2233 2611 quarn
2263 2563 2508 2612 Gregorius*

1437 2613 1526 2651 dicit
1555 2626 1638 2650 esse
1668 2614 1785 2652 filiam
1814 2616 1935 2662 gulae.
1976 2615 2087 2653 Unde
2115 2617 2240 2654 Exod.
2275 2629 2372 2655 xxxu
2397 2617 2418 2640 ⁸
2455 2617 2508 2656 di-

1438 2667 1551 2704 citur:
1581 2667 1681 2704 Sedit
1703 2669 1867 2717 populus
1895 2670 2130 2707 manducare
2153 2675 2189 2707 et
2215 2670 2352 2717 bibere,
2373 2676 2411 2708 et
2425 2682 2510 2708 sur-

1439 2726 1622 2758 rexerunt
1647 2721 1786 2759 ludere.

1492 2776 1550 2811 Αι)
1578 2786 1739 2812 TER‘rium
1769 2786 1954 2813 DiCENnuM
1983 2776 2100 2825 quod,
2126 2776 2223 2813 sicut
2241 2776 2384 2815 dictum
2405 2784 2462 2815 est
2475 2777 2508 2824 ¹⁸¹,

1439 2827 1551 2864 ludus
1579 2835 1636 2864 est
1668 2828 1904 2866 necessarius
1932 2829 1981 2866 ad
2011 2829 2345 2869 conversationem
2373 2830 2509 2869 huma-

1439 2893 1511 2917 nae
1539 2881 1652 2918 vitae.
1682 2882 1744 2918 Ad
1764 2882 1893 2919 omnia
1913 2890 2043 2920 autern
2071 2895 2170 2932 quae
2190 2891 2278 2920 sunt
2296 2883 2399 2920 utilia
2419 2895 2509 2921 con-

1438 2934 1644 2971 versationi
1672 2935 1879 2982 humanae,
1910 2935 2084 2984 deputari
2110 2943 2272 2985 possunt
2300 2936 2426 2984 aliqua
2453 2937 2510 2974 of·

1439 2987 1525 3024 ficia
1560 2987 1670 3025 licita.
1712 2989 1761 3025 Et
1793 2988 1881 3026 ideo
1919 2989 2031 3026 etiam
2062 2989 2234 3027 officium
2262 2989 2509 3036 histrionum,

1439 3040 1545 3088 quod
1574 3041 1771 3079 ordinatur
1798 3042 1848 3079 ad
1877 3042 2055 3080 solatium
2083 3042 2304 3080 hominibus
2329 3042 2508 3081 exhiben-

1441 3093 1544 3140 dum,
1574 3106 1653 3132 non
1679 3102 1734 3131 est
1761 3095 1976 3133 secundum
2000 3107 2041 3132 se
2061 3094 2243 3142 illicitum,
2265 3108 2336 3133 nec
2356 3103 2444 3134 sunt
2471 3096 2510 3134 in

1440 3155 1538 3184 statu
1566 3147 1733 3196 peccati:
1763 3147 1980 3186 dummodo
2001 3147 2200 3186 moderate
2229 3149 2320 3186 ludo
2343 3157 2509 3197 utantur,

1439 3199 1548 3246 idest,
1579 3212 1657 3238 non
1687 3201 1831 3238 utendo
1859 3201 2048 3250 aliquibus
2067 3201 2200 3239 illicitis
2218 3202 2347 3240 verbis
2366 3203 2430 3241 vel
2457 3203 2511 3240 fa·

1441 3253 1507 3290 ctis
1536 3253 1586 3291 ad
1615 3253 1761 3301 ludum,
1793 3261 1829 3291 et
1847 3266 1926 3292 non
1945 3254 2165 3292 adhibendo
2195 3255 2330 3294 ludum
2350 3256 2510 3305 negotiis

1441 3313 1476 3343 et
1495 3307 1733 3355 temporibus
1752 3306 1938 3345 indebitis.
1970 3307 2018 3344 Et
2046 3308 2225 3357 quamvis
2245 3308 2283 3346 in
2305 3310 2425 3348 rebus
2439 3309 2511 3348 hu-

1442 3359 1566 3396 manis
1599 3372 1677 3396 non
1705 3367 1858 3396 utantur
1884 3359 1958 3396 alio
1989 3360 2117 3397 officio
2153 3373 2222 3410 per
2257 3362 2510 3411 comparatio-

1440 3423 1531 3449 nem
1559 3412 1608 3450 ad
1637 3412 1729 3449 alios
1756 3412 1954 3459 homines,
1985 3421 2115 3451 tamen
2153 3427 2221 3464 per
2254 3415 2511 3465 comparatio·
2556 3442 2558 3446 »

1440 3476 1530 3501 nem
1560 3465 1609 3502 ad
1637 3466 1784 3514 seipsos
1813 3473 1849 3502 et
1877 3465 1925 3502 ad
1955 3467 2096 3514 Deum,
2122 3468 2212 3506 alias
2231 3469 2376 3506 habent
2395 3468 2511 3507 serio-

1494 3578 1519 3612 β)
1539 3579 1650 3611 aliquid.
1662 3593 1680 3598 -
1698 3578 1759 3605 Om.
1779 3579 1832 3611 Pa,·
1850 3581 1994 3607 secundum
2014 3589 2067 3608 om.
2086 3589 2120 3613 a,·
2139 3590 2187 3616 pro
2210 3582 2403 3617 deficitsdecit
2418 3581 2509 3608 ΠΕΡΙ-1

1411 3582 1415 3647 i
1440 3614 1546 3648 ILpCK.
1566 3616 1639 3641 deest
1658 3615 1700 3645 sC,
1721 3620 1781 3648 post
1799 3618 1893 3650 regula
1912 3618 1984 3650 ponit
2001 3619 2032 3644 A.

2537 2459 2736 2488 ’camare

2535 2567 2547 2580 ⁸
2556 2567 2612 2590 ιω.
2621 2567 2660 2590 dt.
2669 2567 2693 2590 in
2702 2573 2755 2595 arg„

2536 2626 2548 2638 ⁶
2559 2625 2628 2648 Vm.
2641 2626 2665 2649 ⁶.

2537 2779 2733 2809 mmm-ud.
