2768 4198
57 574 268 606 ‘’Camunni-xxx,

57 608 79 623 in
95 606 139 624 vet.
154 608 237 623 xxxin.

63 3014 74 3025 ⁸
82 3013 120 3036 De
131 3013 180 3036 Lib.
191 3013 275 3042 Arm„

63 3039 102 3062 lib.
109 3039 149 3067 m,
155 3045 205 3068 etp.
210 3046 275 3062 xvni.

65 3068 74 3078 ⁸
88 3066 126 3088 Ps.
141 3072 172 3094 iv,
185 3072 243 3089 ven.
254 3073 275 3095 5.

65 3118 75 3129 ⁸
92 3118 148 3140 ord.
169 3118 275 3140 Cassiod.

64 3222 144 3272 scil}
159 3229 257 3271 13:1²3
267 3234 277 3239 '

65 3433 77 3445 ⁸
89 3433 126 3455 De
138 3432 198 3455 Fue
208 3433 277 3455 Orth.

65 3459 157 3508 {gi—11,
176 3465 227 3487 etp.
247 3466 278 3487 iv,

961 282 1230 329 QUAESTIO
1260 283 1431 331 cmm,
1461 285 1759 323 ARTlcULUS
1790 286 1821 321 11
2410 291 2483 336 273

295 359 446 396 tudine:
475 359 578 397 unde
606 361 721 397 habet
755 359 941 397 rationem
980 361 1081 398 mali.
1118 361 1203 398 Alio
1233 362 1365 409 modo,
1390 363 1393 378 ³
1473 366 1532 400 An
1560 375 1721 401 TERTmM
1750 375 1934 402 DICENDUM
1954 365 2060 412 quod
2080 374 2258 414 appetere
2279 366 2485 404 vindictam

297 420 596 461 consequenter:
632 421 746 462 prout
773 413 914 450 scilicet
942 415 1130 462 appetitus
1165 415 1366 452 sensitivus
1391 455 1393 466 .
1419 425 1576 465 propter
1604 417 1749 454 malum
1780 417 1860 454 eius
1889 417 1954 466 qui
1982 418 2198 466 puniendus
2228 427 2294 467 est,
2320 419 2485 457 illicitum

297 474 475 503 movetur
504 473 635 503 contra
653 466 744 503 vitia
764 466 978 504 secundum
1003 467 1177 504 ordinem
1198 469 1365 506 rationis.
1421 477 1487 506 est.
1537 470 1614 507 Sed
1653 477 1832 519 appetere
1868 470 2077 508 vindictam
2113 479 2271 521 propter
2306 472 2486 510 vitiorum

296 519 346 556 Et
373 519 469 557 haec
487 519 544 556 ira
563 527 619 556 est
638 520 758 556 bona:
789 532 887 568 quae
907 520 1043 557 dicitur
1062 521 1120 558 ira
1142 533 1216 570 per
1233 522 1365 571 zelum.
1421 523 1697 560 correctionem
1727 531 1763 560 et
1791 525 1939 561 bonum
1973 525 2132 562 iustitiae
2165 526 2487 571 conservandum,

296 572 408 610 Unde
437 573 644 621 Gregorius
669 572 768 619 dicit,
789 573 828 610 in
847 574 881 609 V
903 574 1049 611 Moral.
1070 574 1110 611 *ε
1146 576 1366 612 Curandum
1419 576 1609 613 laudabile
1639 584 1705 613 est.
1736 578 1784 613 Et
1813 577 1851 614 in
1878 578 1954 614 hoc
1968 586 2094 627 potest
2116 579 2272 616 tendere
2301 580 2489 628 appetitus

295 637 535 674 summopere
553 632 606 663 est
633 638 680 663 ne
707 627 779 672 ira,
799 638 898 675 quae
918 632 958 663 ut
974 627 1262 666 instrumentum
1290 629 1364 664 vir·
1392 645 1394 678 ξ
1419 629 1621 666 sensitivus
1641 630 1864 678 inquantum
1895 639 2075 668 movetur
2093 644 2116 668 a
2136 632 2293 669 ratione.
2322 634 2372 670 Et
2397 633 2487 669 dum

296 679 382 715 tutis
399 679 616 725 assumitur,
637 680 754 716 menti
770 679 1001 717 dominetur.-
1021 692 1068 717 ne
1086 682 1196 729 quasi
1212 681 1367 718 domina
1419 682 1587 720 vindicta
1610 684 1821 720 secundum
1851 684 2026 722 ordinem
2046 685 2173 722 iudicii
2197 686 2250 732 fit,
2272 698 2294 723 a
2322 687 2407 723 Deo
2434 686 2489 731 fit,

290 737 462 780 praeeat,
481 733 548 770 sed
575 733 675 769 velut
701 733 840 770 ancilla
860 734 911 770 ad
928 734 1146 782 obsequium
1172 740 1323 783 parata,
1343 746 1367 771 a
1421 735 1528 772 cuius
1566 736 1737 773 minister
1774 745 1829 774 est
1864 745 2032 785 potestas
2060 739 2245 787 puniens,
2282 746 2323 775 ut
2357 739 2491 776 dicitur

296 785 453 822 rationis
481 791 589 835 tergo
610 798 804 834 nunquam
825 787 984 824 recedat.
1016 788 1123 824 Haec
1151 796 1280 824 autem
1299 787 1366 834 ira,
1420 790 1532 826 Rom.
1554 801 1614 826 xm
1633 790 1664 826 *.
2518 795 2526 804 ’
2543 794 2608 816 vm.
2623 801 2646 820 ⁴·

297 838 366 875 etsi
402 838 442 876 in
470 839 553 888 ipsa
591 840 814 877 executione
852 848 957 877 actus
992 840 1175 878 iudicium
1213 841 1368 878 rationis
1474 844 1533 878 An
1554 854 1727 885 QUARTUM
1747 855 1931 881 DICENDUM
1960 844 2066 892 quod
2085 846 2170 882 Deo
2187 845 2383 882 assimilari
2402 858 2489 894 pos-

297 890 506 940 aliqualiter
533 892 727 941 impediat,
754 905 833 930 non
860 901 990 930 tamen
1019 894 1282 931 rectitudinem
1311 907 1367 931 ra·
1422 907 1555 932 sumus
1576 903 1611 932 et
1631 895 1819 933 debemus
1838 896 1877 933 in
1898 898 2066 946 appetitu
2086 898 2197 935 boni:
2224 898 2292 936 sed
2312 898 2351 935 in
2371 899 2490 936 modo

296 944 409 982 tionis
438 945 542 982 tollit.
572 946 684 983 Unde
714 946 933 994 Gregorius,
962 947 1116 993 ibidem,
1148 947 1235 984 dicit
1264 948 1368 996 quod
1422 948 1628 997 appetendi
1657 948 1691 985 ei
1723 949 1883 986 omnino
1921 950 2118 988 assimilari
2147 964 2225 988 non
2262 964 2490 1000 possumus;

297 997 355 1034 ira
377 1010 452 1047 per
471 999 590 1048 zelum
610 1000 737 1037 turbat
755 1000 911 1037 rationis
931 1000 1105 1037 oculum:
1132 1001 1198 1038 sed
1224 1001 1282 1038 ira
1296 1012 1370 1048 per
1423 1002 1511 1049 quia
1540 1001 1578 1038 in
1606 1003 1691 1038 Deo
1721 1014 1799 1039 non
1829 1010 1884 1039 est
1921 1004 2109 1052 appetitus
2143 1005 2366 1051 sensitivus,
2396 1005 2491 1042 sicut

295 1051 427 1088 vitium
456 1059 645 1090 excaecat.
676 1054 768 1090 Non
789 1060 918 1090 autem
947 1060 1003 1090 est
1031 1060 1162 1090 contra
1182 1054 1369 1091 rationem
1422 1054 1461 1090 in
1494 1054 1626 1100 nobis,
1658 1055 1763 1091 cuius
1801 1063 1928 1093 motus
1966 1056 2079 1094 debet
2116 1058 2249 1095 rationi
2286 1058 2489 1095 deservire.

297 1104 445 1141 virtutis
464 1112 506 1142 ut
524 1105 792 1143 intermittatur
811 1106 1030 1143 deliberatio
1052 1106 1206 1143 rationis
1226 1107 1266 1143 in
1285 1118 1370 1143 exe·
1422 1107 1534 1144 Unde
1565 1107 1771 1154 Gregorius
1801 1108 1900 1155 dicit,
1930 1109 1968 1145 in
1995 1110 2031 1146 V
2059 1111 2203 1148 Moral.
2219 1111 2250 1157 ²¹²,
2280 1111 2386 1159 quod
2405 1117 2492 1148 tunc
2519 1120 2603 1168 }itLoe·
2625 1122 2730 1148 proxime

298 1158 451 1195 cutione
473 1158 554 1196 eius
573 1159 678 1207 quod
698 1167 754 1196 est
773 1171 796 1196 a
814 1159 961 1196 ratione
981 1159 1243 1197 deliberatum.
1269 1159 1371 1205 Quia
1423 1160 1610 1196 robustius
1629 1161 1726 1198 ratio
1747 1167 1879 1198 contra
1907 1163 1997 1199 vitia
2017 1164 2187 1212 erigitur,
2208 1176 2294 1201 cum
2323 1165 2381 1201 ira
2408 1166 2492 1201 sub·
2553 1164 2557 1168 ’

299 1210 414 1248 etiam
435 1223 496 1248 ars
524 1211 772 1261 impediretur
790 1212 829 1248 in
857 1224 928 1248 suo
958 1219 1043 1248 actu
1072 1212 1114 1258 si,
1135 1212 1228 1249 dum
1256 1212 1370 1248 debet
1425 1213 1501 1250 dita
1530 1213 1671 1250 rationi
1685 1215 1917 1262 famulatur.

297 1275 423 1312 agere,
453 1265 680 1307 deliberaret
709 1265 756 1302 de
785 1265 953 1313 agendis.
1397 1265 1400 1312 ᾖ

981 1361 1315 1395 Commentaria
1338 1361 1590 1396 Oardjnalis
1613 1363 1814 1397 Caietam

327 1449 349 1470 Ν
371 1439 504 1470 articulo
528 1440 634 1480 primo
659 1440 854 1480 quaestionis
879 1439 1368 1481 centesimaequinquagesimae-
1392 1440 1394 1484 ξ
1421 1441 1500 1472 dum
1516 1441 1698 1478 insinuavit,
1715 1442 1850 1473 dicendo
1866 1452 1871 1472 :
1892 1443 1987 1474 Haec
2002 1449 2108 1474 autem
2127 1445 2188 1481 ira,
2207 1446 2266 1475 etsi
2282 1446 2313 1474 in
2331 1446 2400 1485 ipsa
2416 1455 2491 1476 exe-

300 1450 468 1521 Ioctavae,
486 1484 612 1515 adverte
628 1484 718 1525 quod
742 1491 852 1515 motus
876 1484 1032 1524 passionis
1048 1484 1112 1514 irae
1128 1494 1195 1515 non
1211 1484 1368 1516 ministrat
1392 1487 1395 1510 1
1422 1487 1549 1516 cutione
1572 1491 1665 1517 actus
1688 1487 1840 1518 iudicium
1869 1488 2006 1518 rationis
2033 1489 2220 1529 aliqualiter
2243 1489 2410 1529 impediat,
2436 1497 2494 1520 etc.

297 1527 454 1559 voluntati
470 1535 500 1559 et
516 1529 630 1559 rationi
653 1535 754 1559 rectae
771 1529 804 1559 in
824 1535 896 1559 actu
921 1528 1054 1564 consilii,
1071 1528 1192 1567 iudicii,
1209 1529 1368 1570 praecepti
1393 1511 1395 1556 l
1478 1530 1520 1560 Et
1542 1530 1616 1561 hinc
1639 1529 1674 1561 fit
1698 1538 1733 1562 ut
1752 1531 1784 1561 hi
1809 1531 1864 1572 qui
1889 1542 1954 1562 non
1983 1540 2057 1562 sunt
2080 1532 2232 1563 executivi
2258 1533 2423 1569 vindictae,
2441 1535 2494 1564 sed

298 1578 354 1603 aut
369 1572 547 1603 electionis:
572 1573 727 1614 quoniam
751 1573 918 1614 quodlibet
939 1572 1058 1604 horum
1077 1573 1263 1613 praecedere
1279 1580 1370 1604 natu-
1393 1569 1396 1632 ι
1423 1574 1632 1606 solummodo
1660 1575 1844 1612 consiliarii,
1869 1576 1989 1607 iudices
2017 1587 2073 1607 seu
2100 1587 2264 1613 censores,
2290 1587 2356 1607 non
2384 1585 2495 1618 egeant

298 1616 403 1648 taliter
426 1617 519 1648 debet
540 1617 603 1648 irae
627 1624 765 1654 motum,
783 1623 814 1648 et
837 1617 900 1648 irae
922 1617 1062 1648 turbatio
1086 1617 1134 1647 his
1158 1617 1278 1648 actibus
1302 1628 1368 1648 non
1394 1633 1396 1649 l
1422 1619 1476 1649 ira.
1505 1619 1546 1650 Et
1573 1619 1612 1649 de
1639 1619 1706 1650 istis
1733 1619 1911 1651 verificatur
1939 1621 2037 1651 stoica
2065 1621 2229 1658 sententia,
2259 1622 2349 1662 quod
2381 1622 2495 1652 debent

297 1660 430 1693 confert.
461 1661 523 1692 Sed
550 1661 706 1693 ministrat
731 1662 796 1692 irae
823 1668 932 1692 motus
962 1662 1046 1693 actui
1076 1662 1270 1693 executionis
1301 1663 1369 1693 eius
1423 1673 1491 1694 esse
1515 1663 1596 1694 sicut
1619 1664 1714 1704 leges,
1731 1674 1815 1704 quae
1838 1665 1927 1695 nulla
1949 1665 2097 1705 passione
2122 1672 2368 1696 commoventur
2381 1666 2408 1697 *.
2434 1667 2495 1697 Sed
2522 1673 2532 1683 ·
2551 1672 2684 1703 Cf.,Senec.
2705 1673 2734 1694 de

298 1706 388 1746 quod
411 1705 558 1742 electum,
583 1713 799 1746 praeceptum,
823 1706 1000 1737 iudicatum
1032 1707 1282 1747 consultumque
1306 1713 1368 1738 est:
1423 1707 1468 1738 illi
1492 1708 1547 1748 qui
1572 1715 1647 1739 sunt
1670 1708 1823 1739 executivi
1851 1708 2022 1746 vindictae,
2046 1710 2143 1740 verbo
2168 1708 2226 1752 (ita
2248 1711 2337 1751 quod
2360 1710 2428 1750 ipsa
2451 1720 2495 1741 re·
2521 1699 2734 1754 sszffgssffikhecgfl

299 1759 339 1781 eo
362 1750 452 1791 quod
474 1749 562 1782 iuvat
584 1751 688 1790 ipsam
710 1750 942 1787 executionem,
963 1757 1075 1790 utpote
1091 1761 1109 1781 a
1125 1758 1237 1782 natura
1254 1752 1294 1782 ad
1308 1751 1370 1782 hoc
1395 1778 1397 1789 1
1423 1751 1593 1792 prehensio
1618 1752 1658 1782 sit
1677 1751 1855 1795 castigatio)
1875 1760 1931 1784 aut
1946 1753 2040 1790 facto,
2058 1761 2150 1794 egent
2173 1761 2265 1785 motu
2289 1755 2352 1785 irae
2377 1755 2495 1786 submi-
2515 1752 2572 1800 ζῇν»
2587 1752 2626 1773 ¹³¹³·
2645 1752 2667 1778 ¹¹
2683 1758 2732 1780 ‘³²³¹'-

298 1793 510 1826 ministerium
530 1795 691 1831 ordinata;
715 1794 830 1825 melius
846 1794 932 1825 enim
955 1794 990 1826 fit
1008 1795 1098 1835 quod
1117 1795 1296 1826 secundum
1319 1805 1371 1825 na·
1424 1795 1574 1827 nistrante
1606 1797 1763 1827 voluntati
1794 1797 1982 1834 vindicanti,
2011 1798 2154 1839 alioquin
2186 1799 2335 1830 voluntas
2366 1799 2495 1830 remissa
2571 1795 2576 1800 ⁷

298 1844 387 1869 turae
409 1839 554 1869 ordinem
571 1838 615 1870 fit.
641 1839 681 1869 Et
703 1839 765 1869 hoc
780 1841 902 1869 Auctor
924 1839 957 1868 in
979 1839 1187 1879 responsione
1203 1840 1242 1869 ad
1259 1849 1370 1870 secun·
1396 1851 1398 1862 ⁸
1424 1846 1484 1870 est:
1511 1848 1546 1871 ut
1570 1840 1602 1870 in
1628 1841 1742 1871 ultimo
1766 1841 1861 1872 huius
1885 1842 2081 1882 quaestionis
2108 1843 2242 1874 articulo
2266 1850 2361 1883 patet.

1031 1973 1385 2016 ARTICULUS
1424 1974 1759 2017 SECUNDUS

1092 2066 1249 2097 UTRUM
1273 2066 1345 2097 IRA
1369 2067 1436 2098 SIT
1459 2067 1700 2099 PECCATUM

697 2144 764 2169 Part.
783 2143 823 2174 111,
843 2152 887 2177 qu.
906 2152 946 2174 ιν,
965 2149 1011 2170 art.
1030 2152 1061 2178 93
1081 2145 1112 2169 111
1133 2145 1215 2175 sent„
1235 2145 1293 2171 dist.
1313 2153 1353 2176 xv,
1372 2153 1415 2178 qu.
1434 2153 1462 2177 n,
1481 2151 1528 2172 art.
1549 2154 1572 2177 2,
1592 2146 1642 2179 qu·
1662 2153 1692 2177 2;
1714 2146 1755 2171 De
1773 2146 1856 2176 Malo,
1876 2154 1921 2179 qu.
1939 2154 1984 2176 xu,
2003 2152 2050 2173 art.
2071 2155 2098 2177 23

827 2180 868 2204 De
888 2180 985 2205 Decem
1005 2180 1151 2212 staecept„
1171 2188 1227 2213 cap.
1246 2181 1280 2205 de
1303 2181 1327 2205 V
1341 2181 1496 2213 Pruecept.‚·
1514 2182 1559 2206 Ad
1578 2182 1684 2213 Ephes„
1705 2190 1760 2214 cap.
1778 2189 1812 2211 iv,
1831 2183 1888 2208 lect.
1908 2190 1962 2208 vm.

337 2275 393 2292 ⁸
420 2287 486 2323 a«
511 2271 742 2298 nsncuNnUM
756 2271 810 2297 su:
825 2271 1067 2298 PROCEDITUR.
1087 2260 1250 2298 Videtur
1264 2263 1370 2309 quod
1424 2261 1510 2298 ralis
1539 2261 1732 2310 potentiae
1759 2274 1859 2312 quae
1888 2271 1945 2299 est
1972 2263 2179 2300 irascibilis.
2209 2264 2321 2301 Unde
2351 2272 2387 2301 et
2407 2265 2497 2301 Hie-

334 2310 382 2371 ζῇ
431 2303 482 2372 ζμ
511 2312 566 2350 ira
593 2325 673 2350 non
701 2313 747 2350 sit
779 2321 995 2363 peccatum.
1034 2314 1238 2351 Peccando
1268 2314 1370 2351 enirn
1425 2326 1612 2363 ronymus
1632 2315 1732 2362 dicit,
1754 2315 1791 2352 in
1812 2316 1980 2364 quadam
2011 2316 2170 2365 epistola
2187 2317 2220 2364 ²³²,
2249 2317 2356 2366 quod
2385 2318 2499 2355 irasci
2524 2330 2734 2379 ffgisjidzfflboffi.

320 2370 398 2444 (γε
414 2375 439 2420 *J
459 2364 766 2406 (demeremur.
798 2367 875 2404 Sed
893 2367 1134 2416 passionibus
1153 2379 1228 2404 non
1248 2367 1370 2405 deme·
1425 2373 1479 2405 est
1504 2368 1679 2406 hominis.
1711 2369 1812 2417 Ergo
1842 2368 1897 2405 ira
1917 2374 1934 2390 ²
1963 2382 2042 2406 non
2072 2377 2126 2407 est
2153 2378 2367 2419 peccatum.
2524 2373 2632 2405 Mona’ch.
2729 2374 2734 2379 '

399 2421 440 2444 '-
468 2411 653 2466 remur,
681 2419 777 2457 sicut
804 2431 924 2469 neque
950 2421 1225 2470 vituperamur,
1246 2429 1287 2458 ut
1315 2421 1370 2459 di·
1396 2417 1398 2427 “
1480 2421 1556 2458 SED
1577 2433 1725 2459 CONTRA
1744 2434 1811 2459 EST
1830 2423 1935 2471 quod
1950 2425 2159 2472 Apostolus
2181 2424 2279 2471 dicit,
2297 2425 2349 2461 ad
2359 2425 2495 2472 Ephes.

173 2492 180 2504 2
211 2492 217 2498 ·
245 2487 273 2498 ·-
300 2469 395 2509 citur
422 2471 462 2508 in
490 2472 523 2509 11
551 2473 672 2510 Ethic.
691 2472 712 2494 ⁸⁸
740 2473 843 2522 Ergo
872 2473 975 2510 nulla
1002 2473 1130 2523 passio
1161 2481 1217 2511 est
1236 2486 1371 2523 pecca·
1425 2486 1461 2511 1v
1478 2473 1514 2511 *ε
1549 2474 1679 2512 Omnis
1707 2476 1916 2525 indignatio
1945 2482 1982 2512 et
2008 2477 2066 2514 ira
2095 2477 2248 2514 tollatur
2274 2490 2298 2514 a
2326 2479 2442 2514 vobis.
2526 2480 2658 2509 ’Vm-³¹·

210 2517 217 2525 ’
248 2519 273 2562 ’,
299 2532 394 2562 turn.
431 2525 490 2561 Ira
517 2533 646 2563 autem
685 2533 741 2563 est
767 2526 917 2576 passio:
947 2534 988 2563 ut
1016 2540 1130 2576 supra
1149 2527 1170 2549 '¹‘
1197 2527 1370 2565 habitum
1479 2529 1708 2566 Rusponmzo
1746 2541 1933 2566 niel-:unum
1971 2530 2076 2578 quod
2114 2531 2186 2578 ira,
2225 2530 2320 2567 sicut
2352 2531 2496 2567 dictum

301 2585 369 2625 est,
399 2589 487 2615 cum
507 2578 556 2616 de
583 2579 825 2628 passionibus
853 2588 1038 2629 ageretur.
1077 2581 1179 2629 Ergo
1210 2582 1263 2618 ira
1292 2594 1370 2618 non
1426 2589 1482 2618 est
1495 2581 1527 2628 ²⁸,
1547 2582 1701 2631 proprie
1721 2582 1896 2619 nominat
1923 2583 2120 2632 quandam
2145 2584 2376 2632 passionem.
2406 2585 2497 2621 Pas·
2526 2594 2599 2614 ‘Art-
2615 2594 2719 2620 praeced-

302 2638 358 2668 est
385 2639 599 2679 peccatum.
1425 2635 1482 2671 sio
1511 2643 1640 2672 autem
1660 2635 1860 2684 ¹appetitus
1888 2636 2056 2674 sensitivi
2085 2637 2271 2674 intantum
2311 2644 2366 2673 est
2395 2638 2497 2674 bona

355 2695 391 2721 2.
424 2684 665 2733 PRAETEREA,
694 2684 733 2722 in
761 2686 868 2723 omni
895 2694 1055 2736 peccato
1085 2695 1142 2724 est
1169 2688 1369 2724 conversio
1425 2687 1652 2736 inquantum
1681 2689 1825 2726 ratione
1854 2691 2060 2738 regulatur:
2099 2690 2129 2726 si
2164 2697 2291 2727 autem
2321 2690 2495 2726 ordinem

298 2736 350 2774 ad
379 2737 535 2787 aliquod
563 2738 837 2776 commutabile
874 2740 1034 2777 bonum.
1073 2741 1150 2778 Sed
1178 2752 1247 2789 per
1274 2741 1370 2778 iram
1425 2741 1580 2779 rationis
1609 2742 1794 2790 excludat,
1826 2750 1882 2779 est
1910 2744 2021 2780 mala.
2053 2743 2161 2780 Ordo
2191 2751 2319 2780 autem
2342 2743 2496 2780 rationis

299 2796 380 2828 non
408 2791 640 2828 convertitur
667 2791 802 2840 aliquis
827 2794 874 2830 ad
903 2793 1059 2843 aliquod
1088 2795 1235 2830 bonum
1266 2806 1371 2831 cotn-
1425 2795 1464 2831 in
1488 2795 1542 2832 ira
1561 2803 1686 2844 potest
1705 2795 1848 2833 attendi
1867 2804 2052 2845 quantum
2074 2797 2123 2833 ad
2144 2796 2234 2833 duo.
2263 2796 2394 2833 Primo
2415 2796 2495 2844 qui-

300 2843 501 2892 mutabile,
531 2845 598 2882 sed
627 2845 665 2882 in
693 2846 838 2883 malurn
868 2846 1037 2883 alicuius.
1073 2847 1175 2895 Ergo
1205 2846 1260 2883 ira
1292 2860 1371 2885 non
1426 2848 1530 2896 dem,
1551 2857 1738 2897 quantum
1764 2849 1812 2886 ad
1833 2850 2035 2898 appetibile
2055 2850 2093 2886 in
2114 2850 2220 2898 quod
2239 2849 2369 2896 tendit,
2391 2849 2496 2897 quod

302 2904 359 2934 est
385 2904 602 2946 peccatum.
1427 2909 1482 2938 est
1509 2901 1691 2939 vindicta.
1720 2902 1832 2940 Unde
1852 2903 1882 2939 si
1903 2903 2035 2952 aliquis
2064 2911 2217 2952 appetat
2236 2903 2341 2950 quod
2362 2915 2495 2939 secun-

358 2951 392 2987 3.
423 2951 657 2998 PRAETEREA,
688 2951 812 2988 nullus
832 2958 970 3000 peccat
994 2953 1031 2989 in
1061 2965 1104 2989 eo
1125 2953 1227 3001 quod
1251 2954 1373 2990 vitare
1398 2990 1399 2994 ,
1426 2956 1520 2992 dum
1541 2955 1718 2992 ordinem
1749 2955 1902 2992 rationis
1925 2957 1992 2993 fiat
2015 2956 2194 3003 vindicta,
2216 2964 2271 2993 est
2299 2955 2495 2992 laudabilis

302 3015 377 3040 non
401 3009 533 3053 potest,
553 3011 595 3041 ut
613 3004 847 3053 Augustinus
867 3005 956 3043 dicit
973 3005 1005 3042 *.
1036 3005 1114 3043 Sed
1133 3006 1228 3042 iram
1250 3007 1371 3044 homo
1425 3007 1503 3045 irae
1519 3009 1718 3058 appetitus,
1732 3016 1768 3046 et
1778 3016 1938 3046 vocatur
1953 3010 2012 3047 ira
2021 3021 2094 3058 per
2108 3010 2226 3058 :gelum
2237 3009 2494 3046 *.-Siautem
2523 3021 2532 3030 ·
2546 3019 2644 3067 <ingre
2663 3037 2666 3040 .
2682 3020 2734 3041 Μο-

301 3057 421 3094 vitare
442 3069 521 3094 non
540 3065 680 3106 potest:
711 3058 800 3108 quia
823 3071 939 3107 super
957 3059 1047 3096 illud
1066 3059 1209 3096 Psalmi
1228 3059 1259 3107 ²⁸,
1287 3061 1371 3098 Ira·
1426 3061 1561 3110 aliquis
1590 3069 1743 3111 appetat
1767 3062 1871 3111 quod
1891 3062 1958 3099 fiat
1976 3063 2143 3099 vindicta
2168 3062 2495 3111 qualitercumque
2522 3052 2732 3121 {{ff›x3¹‚2;',f,ix⁶·³¹⁵'n'

301 3109 450 3147 scimini
476 3116 512 3147 et
529 3110 641 3148 nolite
657 3122 827 3159 peccare,
849 3112 937 3149 dicit
960 3112 1097 3149 Glossa
1118 3113 1138 3134 '⁸'
1167 3112 1272 3161 quod
1291 3125 1370 3151 mo·
1427 3122 1559 3152 contra
1587 3115 1762 3152 ordinem
1801 3115 1977 3162 rationis;
2005 3123 2097 3165 puta
2130 3115 2160 3152 si
2188 3122 2341 3163 appetat
2371 3115 2495 3163 puniri
2562 3117 2566 3121 '
2657 3117 2660 3120 ⁴

303 3167 362 3199 tus
383 3162 465 3200 irae
491 3175 566 3201 non
595 3169 650 3201 est
675 3165 712 3201 in
737 3170 919 3214 potestate
946 3171 1086 3202 nostra.
1115 3165 1372 3216 Philosophus
1427 3179 1516 3204 eurn
1546 3168 1611 3216 qui
1635 3180 1714 3205 non
1732 3168 1881 3215 meruit,
1902 3169 1964 3205 vel
1992 3170 2090 3205 ultra
2118 3180 2234 3217 quarn
2263 3168 2412 3215 meruit,
2432 3169 2495 3205 vel

305 3213 419 3251 etiarn
448 3215 545 3264 dicit,
574 3216 613 3254 in
640 3217 710 3254 VII
730 3218 850 3255 Ethic.
871 3218 902 3265 ²⁸³,
933 3218 1040 3266 quod
1059 3218 1178 3256 iratus
1201 3230 1287 3256 cum
1307 3221 1372 3257 tri-
1427 3220 1541 3257 etiam
1562 3233 1640 3258 non
1661 3222 1874 3258 secundum
1894 3221 2104 3269 legitimum
2126 3221 2313 3264 ordinem,
2333 3222 2396 3258 vel
2416 3234 2495 3258 non

303 3267 402 3304 stitia
429 3274 630 3317 operatur.-
666 3269 812 3308 tristitia
839 3279 968 3308 autem
1004 3278 1060 3308 est
1087 3272 1275 3310 contraria
1301 3285 1372 3310 vo·
1426 3281 1582 3322 propter
1611 3274 1782 3311 debiturn
1815 3274 1956 3321 finem,
1986 3275 2050 3323 qui
2080 3282 2135 3311 est
2164 3275 2403 3311 conservatio
2439 3275 2495 3312 iu-

304 3319 448 3357 luntati.
477 3321 580 3370 Ergo
609 3322 665 3360 ira
692 3335 771 3361 non
800 3332 857 3361 est
883 3333 1097 3374 peccatum.
1427 3327 1546 3363 stitiae
1576 3334 1613 3363 et
1642 3327 1825 3363 correctio
1856 3328 2009 3375 culpae:
2040 3327 2108 3364 erit
2136 3327 2324 3376 appetitus
2343 3327 2419 3364 irae
2438 3328 2494 3365 vi—

357 3384 395 3420 4.
425 3373 668 3423 Pam-renni,
696 3385 898 3426 peccatum
928 3385 984 3414 est
1011 3384 1143 3415 contra
1179 3384 1370 3425 naturam,
1425 3379 1556 3416 tiosus.
1587 3379 1635 3415 Et
1664 3379 1883 3416 nominatur
1911 3380 1969 3416 ira
1992 3392 2066 3429 per
2092 3380 2223 3417 vitium
2241 3380 2273 3417 ⁸.
2522 3386 2580 3407 'Cf-
2596 3385 2651 3406 ibid*

304 3433 346 3462 ut
368 3427 631 3464 Damascenus
659 3428 758 3476 dicit,
777 3430 817 3469 in
836 3431 868 3467 II
889 3431 986 3468 libro
1005 3431 1036 3468 ²¹⁸.
1068 3431 1146 3468 Sed
1164 3431 1273 3469 irasci
1292 3445 1371 3469 non
1398 3424 1400 3440 ⁸
1479 3432 1565 3469 Alio
1595 3432 1714 3469 modo
1743 3432 1946 3469 attenditur
1973 3433 2069 3470 ordo
2089 3433 2244 3471 rationis
2273 3433 2370 3470 circa
2399 3434 2494 3471 iram

307 3487 361 3516 est
390 3486 521 3516 contra
540 3487 715 3518 naturam
734 3482 917 3521 hominis:
948 3497 1036 3522 cum
1057 3484 1103 3521 sit
1130 3492 1236 3522 actus
1264 3494 1371 3523 natu-
1427 3493 1613 3533 quantum
1634 3485 1682 3522 ad
1710 3485 1874 3522 modum
1894 3486 2100 3524 irascendi:
2129 3494 2172 3524 ut
2197 3486 2337 3524 scilicet
2366 3494 2493 3524 motus

360 3593 387 3624 α)
408 3593 490 3617 ira.-
509 3592 591 3617 irasci
610 3592 656 3618 Pa.

448 3646 558 3671 Summa
578 3645 679 3671 Tutior..
700 3645 731 3671 D.
744 3646 860 3672 Tnoiun
878 3648 910 3674 T.
929 3650 983 3675 Vll.
2319 3654 2349 3679 35
