2768 4198
75 2151 85 2161 ⁸
99 2149 166 2172 Ven.
180 2155 218 2177 24,
232 2155 265 2178 25-

75 2367 86 2414 ζ
97 2365 144 2392 Qu.
154 2370 236 2391 unu,
246 2369 288 2388 art.

74 2465 290 2490 ’Dela-auam

74 2495 122 2543 g:
137 2493 177 2516 mv.
191 2492 221 2521 n,
236 2499 288 2521 etp.

74 2574 86 2584 ⁸
99 2571 148 2601 Qu.
167 2577 231 2599 ma,
245 2576 288 2594 nrt.

73 2605 102 2627 ⁴3
116 2605 155 2628 qu.
165 2604 236 2626 am,
245 2603 288 2621 nrt.

73 2632 94 2656 ³.

1011 265 1279 312 QUAESTIO
1309 264 1429 310 CLX,

1457 263 1755 301 ARTICULUS
1786 264 1798 298 1
2426 264 2503 310 289

664 491 1082 563 QUAESTIO
1122 490 2148 548 CENTESIMASEXAGESIMA

1098 612 1138 651 D
1164 611 1202 651 E
1255 611 1301 650 M
1325 611 1365 650 o
1390 611 1431 650 D
1456 610 1495 650 E
1518 609 1550 650 S
1574 610 1613 649 T
1637 610 1654 649 1
1680 610 1720 650 A

1144 726 1178 751 IN
1208 726 1304 751 DUOS
1331 725 1535 750 ARTICULOS
1562 725 1679 750 DlVlSA

398 833 507 858 EINDE
542 821 865 858 considerandum
903 829 959 857 est
987 820 1034 858 de
1065 820 1302 857 modestia*.
1333 820 1409 856 Et

279 832 544 924 Dprimo,
579 876 625 912 de
655 875 738 923 ipsa
774 875 813 915 in
851 874 1071 933 communi;
1111 875 1301 919 secundo,
1333 855 1410 910 de¹

314 928 469 976 singulis
498 941 595 976 quae
625 929 696 964 sub
727 940 771 965 ea
800 927 1040 964 continentur
1058 927 1089 964 ²¹⁶.
1408 907 1411 975 l

1438 819 1550 856 Circa
1577 819 1746 868 primum
1775 827 2008 868 quaeruntur
2037 819 2126 856 duo.

1493 873 1644 909 Primo:
1674 880 1801 909 utrum
1827 873 2016 909 modestia
2041 872 2086 909 sit
2104 885 2191 920 pars
2220 872 2505 921 temperantiae.

1493 926 1691 962 Secundo:
1723 938 1820 974 quae
1850 925 1895 962 sit
1924 926 2081 962 materia
2110 926 2331 962 modestiae.

1137 1035 1457 1079 ARTICULUS
1490 1035 1696 1077 PRIMUS

918 1129 1073 1160 UTRUM
1097 1128 1321 1159 MODESTIA
1345 1128 1412 1158 SIT

666 1211 758 1243 Supra,
778 1217 823 1242 qu.
843 1216 936 1239 cx1.1u;
956 1208 976 1232 11
996 1208 1079 1237 Sent„
1100 1208 1158 1233 dist.
1177 1215 1243 1238 κων,
1263 1215 1308 1239 qu.
1327 1215 1354 1237 ιι,
1374 1211 1419 1231 art.

396 1321 408 1344 Ι
436 1316 499 1350 ἐξ
520 1290 549 1326 'n
574 1301 713 1326 PRIMUM
741 1301 795 1326 s1c
825 1299 1066 1325 PROCEDlTUR.
1091 1287 1251 1324 Videtur
1280 1285 1413 1346 quod

317 1462 333 1478 v
372 1422 463 1476 ‘¹⁸²⁴'
463 1439 706 1486 omnibus
742 1447 944 1486 virtutibus
984 1447 1185 1497 requiritur
1222 1446 1383 1483 modus:

315 1515 405 1541 nam
433 1503 554 1539 virtus
582 1502 779 1539 ordinatur
798 1502 845 1539 ad
866 1502 1034 1547 bonum;
1065 1502 1212 1538 bonum
1241 1507 1382 1545 autem,

313 1565 356 1594 ut
382 1556 617 1604 Augustinus
646 1555 753 1602 dicit,
784 1555 822 1592 in
851 1555 947 1592 libro
976 1555 1022 1591 de
1049 1554 1204 1592 Natura
1233 1553 1334 1590 Boni
1351 1552 1383 1599 *,

315 1609 484 1647 consistit
511 1609 549 1646 in
577 1610 706 1655 modo,
733 1609 855 1657 specie
881 1614 918 1646 et
943 1608 1086 1645 ordine.
1115 1608 1218 1655 Ergo
1252 1607 1386 1644 mode·
1411 1650 1413 1654 ‚

313 1664 385 1701 stia
420 1670 475 1700 est
508 1663 693 1711 generalis
721 1663 851 1699 virtus.
892 1663 983 1699 Non
1018 1674 1108 1710 ergo
1143 1661 1256 1698 debet
1291 1660 1384 1709 poni
1411 1663 1413 1701 j

312 1729 402 1767 pars
429 1716 717 1765 temperantiae.

369 1781 405 1807 2.
427 1771 665 1815 PRAETEREA,
687 1771 769 1806 laus
793 1768 1067 1817 temperantiae
1096 1768 1301 1816 praecipue
1329 1766 1385 1803 vi—

315 1823 424 1861 detur
453 1823 660 1860 consistere
696 1835 742 1860 ex
771 1827 788 1844 ‘²
817 1822 986 1871 quadam
1015 1821 1284 1858 moderatione.
1323 1820 1384 1857 Ab
1411 1856 1413 1871 Δ

1412 1879 1413 1882 ’
1441 1881 1476 1909 et
1505 1871 1721 1920 adiungitur
1749 1871 2025 1920 temperantiae
2054 1872 2150 1909 sicut
2177 1873 2384 1922 principali.

315 1929 435 1968 destia
463 1938 519 1968 est
553 1930 654 1967 idem
686 1929 791 1978 quod
829 1928 1097 1978 temperantia,
1128 1936 1163 1964 et
1191 1939 1269 1964 non
1298 1939 1385 1975 pars
1411 1944 1413 1982 ᾗ

1411 1983 1413 2000 ³
1441 1991 1558 2016 mune
1588 1979 1822 2028 quandoque
1849 1978 2117 2028 appropriatur
2135 1979 2192 2016 his
2222 1992 2320 2028 quae
2340 1988 2427 2017 sunt
2455 1980 2510 2017 in-

313 1877 386 1914 hac
406 1885 534 1914 autem
554 1877 716 1914 sumitur
744 1888 888 1913 nomen
910 1874 1132 1912 modestiae.
1173 1875 1275 1922 Ergo
1302 1886 1385 1912 mo-

316 1995 408 2020 elus.

370 2037 405 2073 3.
426 2037 661 2081 PRAETEREA,
683 2035 871 2073 modestia
889 2034 1040 2072 videtur
1060 2034 1267 2072 consistere
1287 2033 1385 2070 circa

314 2089 582 2139 proximorum
604 2089 901 2126 correctionem:
932 2088 1144 2125 secundum
1166 2087 1256 2124 illud
1283 2088 1314 2124 II
1336 2087 1388 2124 ad

320 2142 415 2180 Tim.
438 2155 461 2180 11
479 2142 519 2179 *ι
549 2143 710 2179 Servum
743 2141 818 2180 Dei
845 2153 919 2178 non
954 2147 1100 2190 oportet
1124 2141 1292 2191 litigare,
1321 2141 1387 2177 sed

315 2202 553 2233 mansuetum
582 2208 660 2233 esse
692 2196 743 2233 ad
769 2207 914 2240 omnes,
945 2207 1031 2232 cum
1059 2194 1240 2233 modestia
1268 2194 1386 2230 corri-

311 2250 475 2300 pientem
503 2261 566 2286 eos
593 2250 660 2298 qui
685 2249 860 2286 resistunt
893 2248 1052 2286 veritati.
1093 2247 1171 2284 Sed
1200 2247 1385 2284 correctio

316 2302 615 2352 delinquentium
644 2310 700 2339 est
728 2309 834 2339 actus
862 2301 1023 2338 iustitiae
1052 2301 1114 2338 vel
1142 2300 1316 2347 caritatis,
1345 2308 1387 2337 ut

316 2368 430 2404 supra
450 2355 471 2378 *
498 2355 670 2393 habitum
700 2363 767 2392 est.
802 2355 905 2402 Ergo
938 2354 1090 2393 videtur
1118 2353 1224 2403 quod
1252 2353 1386 2391 mode-

316 2409 386 2446 stia
414 2409 533 2457 magis
562 2408 608 2446 sit
636 2421 723 2458 pars
758 2408 919 2445 iustitiae
948 2421 1064 2458 quam
1098 2407 1383 2458 temperantiae.

370 2462 445 2499 SED
474 2474 621 2500 CONTRA
656 2474 722 2500 EST
754 2463 859 2510 quod
889 2461 1038 2499 Tullius
1057 2461 1077 2483 *
1105 2461 1213 2510 ponit
1250 2461 1384 2498 mode-

316 2515 427 2552 stiam
456 2523 604 2564 partem
633 2515 919 2564 temperantiae.

369 2570 596 2606 Responmzo
616 2581 801 2606 DtCENDUM
822 2568 939 2618 quod,
955 2568 1050 2605 sicut
1070 2580 1184 2617 supra
1198 2567 1219 2589 *
1240 2567 1384 2605 dictum

317 2630 383 2670 est,
404 2622 656 2672 temperantia
683 2622 990 2660 moderationem
1027 2621 1183 2659 adhibet
1212 2622 1311 2658 circa
1339 2634 1384 2658 ea

314 2675 353 2712 in
373 2675 511 2724 quibus
532 2675 795 2713 difficillimum
825 2683 881 2712 est
900 2674 1104 2721 moderari,
1125 2674 1264 2712 scilicet
1286 2674 1384 2711 circa

315 2729 644 2778 concupiscentias
665 2728 959 2766 delectationum
979 2736 1111 2765 tactus.
1140 2728 1384 2777 Ubicumque

368 2862 396 2894 α)
414 2868 461 2887 ex.
475 2875 493 2880 -
512 2861 538 2886 in
559 2861 627 2886 Asc.

369 2895 394 2931 β)
412 2897 556 2922 secundum
576 2897 698 2922 virtutes.
710 2910 730 2916 -
748 2896 809 2922 Om.
829 2903 854 2926 a,
874 2895 1020 2921 secundum
1039 2895 1165 2920 virtutem
1185 2895 1239 2919 ΡΗ.

368 2932 395 2967 γ)
408 2933 454 2966 fit.
466 2947 486 2951 -
505 2935 546 2958 est
565 2932 595 2958 D.

1435 1127 1542 1158 PARS
1567 1127 1908 1157 TEMPERANTIAE

1443 1214 1464 1236 1,
1485 1207 1517 1231 ad
1539 1206 1567 1236 3;
1587 1206 1627 1236 111,
1647 1206 1705 1231 dist.
1724 1213 1810 1236 xxxin,
1829 1214 1872 1239 qu.
1892 1214 1928 1235 ιιι,
1949 1212 1994 1232 art.
2016 1214 2039 1238 2,
2059 1208 2107 1239 qu*E
2132 1215 2152 1233 1.

1440 1293 1568 1322 autem
1599 1293 1655 1322 est
1683 1285 1808 1333 aliqua
1836 1286 1955 1323 virtus
1984 1286 2194 1336 specialiter
2227 1287 2324 1324 circa
2353 1288 2508 1336 aliquod

389 1351 396 1364 '
450 1349 499 1400 “5¹0
526 1342 713 1379 modestia
756 1354 833 1379 non
876 1343 922 1379 sit
962 1353 1050 1390 pars
1097 1340 1382 1389 temperantiae.
1410 1336 1413 1379 I
1441 1339 1664 1383 maximum,
1695 1346 1845 1387 oportet
1874 1351 1955 1375 esse
1985 1339 2098 1376 aliam
2127 1341 2306 1377 virtutem
2337 1341 2434 1378 circa
2463 1354 2508 1379 ea

329 1395 371 1435 ’ΣΥ
383 1409 454 1442 ,ν
467 1379 497 1433 ¹(
512 1391 717 1433 Modestia
741 1395 844 1432 enim
873 1407 895 1432 a
923 1395 1035 1431 modo
1065 1393 1211 1431 dicitur.
1243 1393 1320 1430 Sed
1346 1393 1383 1429 in
1411 1380 1413 1418 !

1411 1440 1413 1460 ²
1441 1453 1627 1494 quantum
1657 1445 1704 1482 ad
1726 1445 1857 1481 omnia
1875 1445 1994 1482 vitam
2013 1446 2180 1483 hominis
2201 1447 2414 1484 secundum
2434 1448 2509 1484 vir-

1440 1404 1539 1441 quae
1577 1368 1820 1428 mediocriter
1857 1404 1896 1428 se
1934 1392 2093 1438 habent,
2134 1405 2180 1429 eo
2217 1394 2322 1441 quod
2361 1402 2509 1443 oportet

1440 1506 1538 1535 tutes
1557 1496 1572 1527 β
1601 1499 1808 1546 regulatam
1839 1510 1942 1535 esse:
1973 1498 2067 1535 sicut
2096 1511 2210 1547 supra
2233 1499 2253 1521 '¹‘
2282 1500 2425 1537 dictum
2456 1508 2511 1537 est

1412 1575 1413 1581 κ
1440 1552 1546 1602 quod
1567 1551 1848 1600 magnificentia
1869 1559 1924 1588 est
1944 1552 2042 1588 circa
2062 1564 2222 1600 magnos
2243 1561 2416 1602 sumptus
2445 1566 2510 1603 pe-

1441 1606 1652 1651 cuniarum,
1674 1613 1824 1654 praeter
1844 1617 1960 1653 quam
1983 1613 2038 1642 est
2061 1606 2274 1643 necessaria
2296 1607 2508 1654 liberalitas,

1440 1671 1538 1708 quae
1558 1659 1601 1695 fit
1620 1663 1635 1686 Υ
1665 1658 1763 1695 circa
1790 1659 2005 1695 mediocres
2034 1667 2218 1707 sumptus.
2249 1660 2360 1697 Unde
2381 1673 2510 1697 neces-

1440 1712 1582 1749 sarium
1613 1720 1668 1748 est
1696 1711 1801 1759 quod
1832 1711 1878 1748 sit
1905 1712 2096 1760 quaedam
2125 1713 2244 1750 virtus
2272 1714 2511 1751 moderativa

1411 1777 1413 1809 ζ
1439 1765 1478 1803 in
1507 1765 1587 1802 aliis
1615 1765 1886 1812 mediocribus,
1916 1765 1954 1802 in
1983 1765 2120 1813 quibus
2144 1778 2222 1803 non
2252 1775 2308 1803 est
2336 1767 2385 1804 ita
2415 1767 2510 1805 diffi-

1441 1819 1508 1856 cile
1537 1818 1740 1855 moderari.
1771 1819 1820 1854 Et
1847 1819 1942 1855 haec
1970 1819 2092 1855 virtus
2120 1828 2281 1856 vocatur
2310 1821 2510 1867 modestia,

1493 1928 1551 1962 AD
1589 1937 1726 1962 PRIMUM
1747 1936 1846 1961 ERGO
1875 1937 2060 1962 DICENDUM
2090 1927 2196 1974 quod
2234 1939 2378 1963 nomen
2408 1939 2510 1964 com-

1439 2033 1553 2070 fima:
1584 2033 1680 2069 sicut
1709 2043 1851 2068 nomen
1876 2044 2083 2069 commune
2112 2033 2339 2083 angelorum
2371 2046 2509 2082 appro-

1439 2086 1584 2136 priatur
1620 2085 1755 2122 infimo
1794 2085 1918 2122 ordini
1956 2087 2190 2134 angelorum.
2232 2088 2285 2123 Ita
2324 2087 2436 2123 etiam
2476 2095 2512 2124 et

1440 2140 1591 2185 modus,
1623 2138 1688 2187 qui
1727 2138 1980 2176 communiter
2015 2139 2241 2176 observatur
2274 2140 2311 2176 in
2345 2140 2513 2188 qualibet

1440 2193 1597 2238 virtute,
1628 2191 1893 2242 appropriatur
1928 2192 2140 2242 specialiter
2176 2193 2303 2229 virtuti
2341 2206 2439 2242 quae
2473 2193 2511 2230 in

1440 2245 1609 2283 minimis
1638 2245 1800 2282 modum
1831 2245 1950 2294 ponit.

1493 2302 1553 2336 An
1582 2310 1774 2336 SECUNDUM
1803 2310 1988 2335 DICENDUM
2026 2299 2131 2347 quod
2167 2299 2294 2348 aliqua
2321 2307 2511 2349 tempera-

1439 2352 1544 2390 tione
1564 2351 1733 2400 indigent
1752 2349 1765 2373 ὅ
1793 2359 1949 2402 propter
1969 2365 2078 2389 suam
2099 2352 2395 2399 vehementiam,
2417 2353 2513 2390 sicut

1439 2406 1575 2443 vinum
1595 2406 1691 2443 forte
1711 2413 1962 2454 temperatur:
1990 2406 2056 2443 sed
2078 2406 2291 2443 moderatio
2314 2406 2513 2454 requiritur

1440 2460 1478 2497 in
1509 2459 1701 2497 omnibus.
1732 2459 1781 2495 Et
1809 2459 1896 2496 ideo
1917 2459 2168 2509 temperantia
2196 2459 2317 2507 magis
2338 2472 2377 2496 se
2396 2460 2513 2497 habet

1441 2514 1489 2551 ad
1517 2513 1717 2562 passiones
1735 2513 2003 2550 vehementes:
2033 2513 2222 2550 modestia
2241 2525 2335 2549 vero
2356 2515 2402 2550 ad
2433 2526 2511 2550 me-

1441 2566 1602 2604 diocres.

1493 2622 1553 2657 An
1581 2631 1743 2657 ‘ram-ium
1771 2631 1954 2656 nicENDuM
1980 2619 2084 2668 quod
2114 2619 2301 2656 modestia
2335 2619 2386 2655 ibi
2415 2619 2511 2656 acci-

1439 2673 1541 2722 pitur
1569 2685 1590 2710 a
1610 2678 1622 2694 ε
1651 2672 1770 2710 modo
1810 2673 2066 2709 communiter
2103 2680 2277 2721 sumpto,
2307 2680 2421 2720 prout
2454 2686 2510 2709 re-

1440 2727 1600 2775 quiritur
1629 2726 1667 2763 in
1695 2725 1874 2762 omnibus
1903 2725 2115 2762 virtutibus.

1490 2857 1515 2891 δ)
1536 2858 1730 2890 temperatione
1744 2857 1875 2890 indigent.
1884 2870 1902 2876 -
1914 2856 2110 2888 temperantiae
2125 2856 2249 2889 indigent
2262 2857 2294 2887 H,
2308 2856 2431 2889 indigent
2443 2860 2509 2881 tem-

1433 2894 1563 2926 perantia
1579 2894 1605 2919 Ρ.

1492 2930 1514 2962 ε)
1536 2937 1593 2955 α.-
1612 2929 1666 2954 alio
1685 2929 1716 2957 L,
1735 2936 1789 2953 om.
1809 2927 1856 2952 Pa.

993 3010 1326 3043 commentaria
1350 3008 1603 3041 Car-dinatus
1626 3008 1827 3041 Caietam

320 3102 373 3164 Iu
387 3093 519 3124 articulo
543 3092 648 3143 primo
673 3092 868 3133 quaestionis
892 3089 1302 3141 centesimaesexagesimae,
1327 3090 1382 3120 du-

344 3137 434 3167 bium
457 3137 594 3168 occurrit
617 3136 696 3167 circa
720 3137 808 3167 illam
824 3135 1097 3176 propositionem.
1126 3134 1321 3174 Ubicumque
1337 3139 1383 3164 est

316 3180 426 3220 aliqua
457 3182 559 3212 virtus
585 3181 733 3222 specialis
765 3182 851 3211 circa
881 3180 1012 3220 aliquod
1042 3180 1236 3214 maximum,
1261 3183 1385 3218 oportet
1408 3191 1411 3251 1

317 3233 386 3254 esse
407 3225 506 3255 aliam
530 3226 677 3256 virtutem
702 3226 790 3256 circa
814 3235 851 3255 ea
875 3234 958 3265 quae
980 3223 1183 3254 mediocriter
1204 3232 1239 3253 se
1256 3223 1383 3253 habent.

317 3268 450 3298 Videtur
479 3268 565 3299 enim
594 3269 670 3300 haec
697 3269 877 3320 propositio
906 3268 1078 3305 contraria,
1106 3267 1226 3309 primo,
1251 3266 1383 3298 veritati.

1436 3090 1630 3130 inquantum
1646 3089 1809 3129 passiones
1826 3094 1910 3123 sunt,
1928 3086 2141 3127 principaliter
2157 3086 2361 3117 adversantur
2383 3087 2507 3123 rationi,

1437 3144 1503 3164 non
1528 3134 1767 3173 distinguuntur
1790 3133 1872 3162 duae
1887 3131 2027 3166 virtutes,
2046 3141 2109 3161 una
2134 3130 2213 3160 circa
2232 3141 2386 3170 magnum
2403 3139 2433 3162 et
2448 3132 2508 3163 alia

1438 3178 1518 3209 circa
1542 3178 1713 3208 mediocre.

1494 3222 1530 3252 11.
1555 3222 1606 3252 Ad
1631 3221 1862 3252 dubitationem
1886 3221 1967 3250 hanc
1990 3219 2123 3249 breviter
2158 3218 2270 3248 dicitur
2294 3220 2382 3259 quod
2406 3220 2508 3251 maior

1409 3274 1411 3289 ³
1436 3267 1491 3297 illa
1510 3276 1584 3296 sane
1601 3273 1647 3296 est
1671 3265 1890 3305 intelligenda:
1916 3264 2032 3294 scilicet
2049 3263 2087 3292 de
2105 3263 2318 3293 mediocribus
2341 3263 2373 3293 in
2390 3264 2506 3304 quibus

317 3312 402 3349 Quia
426 3312 506 3343 circa
521 3313 792 3363 concupiscentias
817 3321 846 3344 et
870 3314 939 3349 iras,
958 3320 988 3343 et
1011 3312 1142 3343 timores
1165 3322 1200 3342 ac
1223 3311 1383 3349 audacias,
1408 3296 1412 3345 l
1438 3311 1576 3341 salvatur
1606 3309 1734 3350 propria
1767 3308 1933 3344 difficultas
1964 3307 2121 3337 notabilis.
2156 3306 2206 3337 Sic
2235 3307 2319 3337 enirn
2350 3307 2506 3340 intellecta

317 3363 364 3387 est
387 3356 493 3397 aliqua
515 3356 614 3387 virtus
629 3358 770 3397 specialis
787 3358 867 3390 circa
883 3357 1069 3393 maximum,
1087 3363 1164 3397 puta
1181 3356 1304 3387 castitas
1319 3356 1384 3386 sive
1409 3367 1411 3389 t

1437 3364 1549 3385 omnes
1573 3354 1751 3389 instantias,
1776 3360 1807 3383 et
1830 3352 2012 3393 simpliciter
2036 3358 2066 3381 et
2089 3351 2128 3381 ad
2151 3351 2334 3388 hominem,
2359 3353 2505 3385 excludit.

318 3400 515 3437 abstinentia,
539 3403 763 3438 mansuemdo‚
778 3402 949 3433 fortitudo:
974 3409 1004 3432 et
1019 3409 1126 3432 tamen
1150 3401 1238 3432 nulla
1254 3400 1384 3440 ponitur
1409 3401 1411 3431 Ι
1437 3399 1503 3430 Nec
1526 3399 1706 3438 arguendus
1721 3404 1768 3428 est
1784 3395 2005 3427 diminutionis
2029 3402 2195 3435 propterea
2214 3398 2346 3427 Auctor.
2371 3397 2482 3434 Quia'
2474 3408 2506 3428 m

317 3445 416 3476 virtus
440 3445 521 3476 circa
549 3455 586 3475 ea
608 3455 690 3486 quae
722 3446 922 3478 mediocriter
951 3456 984 3477 se
1006 3446 1123 3477 habent
1146 3446 1179 3476 in
1204 3445 1293 3476 dictis
1317 3455 1384 3475 ma-

318 3489 413 3520 teriis.

373 3533 496 3564 Deinde
519 3539 649 3573 apparet
675 3533 830 3564 contraria
851 3534 994 3571 Amori,
1014 3534 1070 3576 qui
1094 3533 1249 3575 superius,
1273 3533 1305 3564 in
1328 3543 1383 3573 qu.

319 3587 407 3608 cxxxx
420 3577 452 3613 *,
477 3587 514 3607 ex
537 3576 703 3617 proposito
734 3577 844 3608 docuit
872 3578 961 3619 quod
991 3578 1071 3610 circa
1098 3578 1262 3619 passiones
1291 3587 1383 3618 quae,

460 3640 570 3664 Summe
589 3639 690 3664 Timor..
709 3639 741 3664 D.
754 3638 869 3664 TnouAss
887 3639 919 3665 T.
938 3640 991 3665 Vll.

1438 3443 1528 3474 omni
1551 3453 1698 3473 sermone
1722 3441 1858 3477 formali,
1878 3450 1952 3471 cum
1975 3440 2014 3470 de
2037 3439 2168 3470 materia
2182 3439 2306 3471 virtutis
2329 3442 2481 3472 moralis
2473 3453 2505 3472 in

1439 3487 1604 3519 communi
1629 3487 1741 3527 agitur,
1766 3485 2046 3535 subintelliguntur
2069 3484 2170 3514 salvae
2194 3484 2391 3516 conditiones
2420 3496 2505 3516 com-

1438 3542 1562 3568 munes,
1584 3541 1639 3562 seu
1663 3530 1848 3571 generaliter
1872 3528 2039 3570 requisitae
2055 3529 2094 3559 ad
2110 3528 2275 3559 materiam
2298 3530 2419 3560 virtutis
2439 3540 2506 3560 mo-

1438 3577 1520 3607 ralis.
1546 3577 1586 3607 Et
1611 3582 1787 3616 propterea,
1805 3574 1885 3605 sicut
1908 3572 2153 3613 subintelligitur
2169 3574 2257 3613 quod
2277 3574 2315 3604 de
2339 3574 2506 3604 mediocri-

2332 3635 2363 3668 37

2641 1508 2649 1516 .

2538 1537 2548 1547 ·
2561 1536 2607 1564 Qu.
2620 1502 2697 1563 αξιοι,
2709 1541 2749 1558 art.

2538 1570 2562 1589 κς
2587 1569 2624 1590 qu.
2654 1569 2749 1588 cxxxiv,

2538 1594 2579 1612 art.
2594 1596 2614 1618 3,
2629 1590 2657 1611 ad
2673 1596 2689 1611 ι.

2635 1666 2651 1691 Υ
