2612 4178
162 277 209 301 ΧΗ

163 354 250 385 gere:
285 350 451 374 contextus
475 351 540 371 non
557 339 695 370 admittit
712 337 771 368 nisi
789 337 943 367 adoraret
967 341 1022 363 aut
1046 333 1226 381 honoraret
1231 337 1244 366 ‚⁵
1270 340 1271 376 j

163 391 350 421 alterutrum
375 398 407 418 se
431 393 545 426 sponte
570 383 758 423 suggerebat
787 378 1036 413 correctoribus,
1053 386 1132 417 qu1n
1153 384 1242 426 cogi·
1270 407 1271 411 Ἰ

163 434 296 465 taverint
320 433 358 463 de
390 431 498 462 habitu
528 429 652 460 erroris.
687 427 773 457 Nihil
799 435 873 464 ergo
899 430 1008 454 contra
1034 431 1093 452 nos
1117 420 1242 455 mihtat,

163 480 252 520 quod
276 478 440 513 adoraret,
459 475 547 516 quod
573 472 804 504 correctoribus
828 470 976 503 debetur,
999 474 1033 517 et
1056 471 1244 515 sensum-et

163 533 302 554 errorem
333 528 450 556 servat;
476 520 530 550 sed
555 519 616 549 hoc
649 517 763 547 militat
797 517 906 545 contra
935 513 1108 542 lecnonem
1133 516 1243 540 tertiae

163 569 285 603 classis,
314 567 402 607 quod
427 575 514 595 error
546 563 677 604 primae,
710 560 888 591 secundum
918 555 1135 587 communiter
1166 565 1242 585 con-

163 613 326 653 tingentia,
344 621 381 641 ex
399 621 435 641 ea
457 609 531 639 oriri
556 618 621 638 non
648 606 798 647 potuit.-
812 603 877 641 Qui
902 602 941 632 de
968 601 1145 651 adhoraret
1170 609 1242 641 pro-

163 666 232 699 pter
246 658 265 687 h
286 656 420 691 dubitat,
437 654 541 684 videat
558 652 683 683 codices
707 649 906 681 Matritenses
923 654 954 677 et
969 647 1244 677 Barcinonensem

163 702 289 733 Archivi
308 701 457 732 Coronae
478 697 656 737 Aragoniae
676 697 726 731 51,
744 693 899 733 scriptum
923 692 962 722 ab
987 691 1120 721 homine
1146 690 1242 725 Italo;

162 747 356 788 quinimmo,
375 750 532 775 corrector
550 739 794 772 Barcinonensis
816 737 961 768 eiusdem
986 735 1116 766 Archivi
1137 736 1188 774 54,
1207 744 1244 765 ex

162 793 334 823 abhorreat
356 791 376 820 h
402 799 466 818 non
492 786 655 827 expungit.
1218 824 1225 830 ¹

217 835 383 867 Secundus
406 834 498 863 locus
523 838 569 861 est
600 830 664 866 Qu.
689 839 740 859 xtv
757 834 841 858 art.1
867 832 958 866 corp.'
974 832 1049 866 post
1066 825 1169 855 med.:
1196 825 1243 854 dt-

157 889 238 912 cunt
255 879 352 920 aliqui
366 876 596 917 blasphemiam
610 875 642 904 in
654 873 808 914 Spiritum
824 872 979 903 Sanctum
995 881 1063 901 esse
1084 883 1098 898 ι
1109 870 1243 911 quando

161 926 275 966 aliquis
293 930 400 965 peccat
416 928 525 952 contra
547 919 790 960 appropriatum
812 918 936 948 bonum
954 916 1038 947 sicut
1058 915 1109 947 cui
1127 925 1243 956 appro-
1270 942 1271 947 ,

162 971 281 1011 priatur
305 967 429 999 bonitas
458 966 539 996 sicut
567 964 651 995 Patri
682 962 908 1005 appropriatur
937 961 1082 1002 potentia
1107 967 1138 992 et
1161 960 1244 991 Filio

161 1013 313 1056 sapientia
332 1026 360 1043 ›.
385 1012 415 1043 Si
440 1021 499 1051 pro
515 1011 632 1041 bonum
656 1010 740 1040 sicut
763 1009 816 1039 cui
831 1007 1050 1048 legistonum
1074 1016 1101 1038 s.
1125 1016 1151 1037 s.
1178 1007 1243 1044 cui,
1270 1015 1272 1042 ῑ,

160 1059 249 1101 quod
274 1065 319 1088 est
343 1058 460 1088 bonum
483 1056 623 1096 Spiritus
646 1054 758 1084 Sancti
781 1054 845 1090 cui,
867 1052 978 1084 omnia
1002 1052 1098 1092 plana
1121 1058 1197 1082 sunt
1214 1059 1245 1083 et

161 1114 246 1135 error
263 1102 384 1144 primae
396 1101 503 1132 classis
519 1100 645 1130 solutus
662 1106 718 1129 est.
735 1100 778 1129 At
794 1097 927 1138 antiqua
951 1097 1042 1128 tertia
1067 1107 1134 1127 non
1159 1097 1246 1128 exhi-

160 1151 212 1180 bet
240 1147 417 1189 simplicem
449 1147 537 1176 illam
568 1143 810 1179 correctionem,
830 1143 886 1174 sed
916 1142 1093 1183 periphrasi
1124 1142 1244 1173 utitur:

163 1209 176 1223 κ
199 1194 330 1235 quando
348 1191 462 1233 aliquis
480 1198 588 1231 peccat
604 1196 715 1221 contra
733 1188 978 1230 appropriatum
998 1188 1136 1218 bonum.
1154 1187 1246 1220 Sicut

160 1241 244 1270 enim
262 1238 399 1279 Spiritui
421 1236 540 1267 Sancto
560 1233 787 1275 appropriatur
802 1233 940 1270 bonitas,
964 1234 1013 1264 sic
1037 1233 1121 1263 Patri
1141 1245 1155 1259 a·
1184 1240 1243 1264 etc.
1271 1250 1273 1253 .

161 1285 306 1315 Habetne
330 1282 419 1313 tertia
442 1281 613 1312 lectionem
641 1289 740 1320 quam
765 1278 869 1319 prima
890 1277 1050 1319 corrupit,
1077 1288 1116 1308 an
1142 1278 1245 1318 prima

161 1329 269 1370 potius
293 1338 364 1358 eam
382 1337 485 1370 ⁸quam
506 1325 595 1356 tertia
621 1321 775 1355 correxit?

216 1373 287 1405 Alia
317 1372 410 1403 lectio
442 1378 591 1410 corrupta
623 1369 745 1410 primae
773 1369 882 1400 classis
903 1369 1015 1400 multis
1039 1369 1245 1400 correctioni·
1272 1389 1274 1430 Β

159 1421 219 1450 bus
236 1429 302 1449 sese
319 1415 540 1448 manifestandi
557 1415 762 1446 occasionem
778 1414 875 1450 dedit,
889 1421 920 1445 et
936 1414 1033 1445 simul
1047 1414 1247 1445 demonstrat

1363 329 1411 359 18.
1436 339 1548 360 omnes
1571 329 1611 360 ab
1636 330 1704 370 ipso
1715 330 1905 369 puniuntur
1921 329 2070 359 timentes
2086 333 2214 359 cessant
2239 338 2325 359 unus
2342 339 2388 358 re-

1299 384 1374 405 cens
1399 374 1539 414 primae;

1323 455 1334 458 ,
1361 429 1410 458 19.
1435 420 1552 450 timens
1575 420 1644 458 ipso
1654 419 1772 459 puniri
1786 423 1817 449 et
1841 423 1948 449 cessat
1966 428 2052 449 unus
2069 418 2222 459 antiquus
2246 418 2388 458 primae;

1358 473 1410 494 20.
1434 463 1476 494 ab
1504 465 1572 503 ipso
1596 464 1713 494 timens
1735 464 1854 504 puniri
1882 468 1987 495 cessat
2019 464 2086 494 duo
2118 462 2242 504 antiqui
2266 463 2390 503 primae

1299 515 1331 539 et
1354 518 1440 538 unus
1464 516 1593 547 margo;

1358 563 1410 583 21.
1436 553 1552 583 timens
1574 552 1616 583 ab
1639 562 1677 583 eo
1695 554 1813 593 puniri
1833 558 1939 584 cessat
1956 560 2018 584 tres
2037 560 2178 584 recentes
2203 553 2343 594 primae;

1358 607 1410 628 22.
1435 598 1552 628 timens
1575 597 1616 628 ab
1632 598 1702 638 ipso
1714 599 1832 638 puniri
1846 603 1962 635 cessat,
1981 605 2018 629 ut
2033 598 2287 638 autographum,
2305 609 2390 629 unus

1300 643 1466 682 Hispanus
1490 641 1586 684 (saec.
1619 642 1735 673 decimi
1758 643 1864 684 quarti
1889 643 2033 674 exeuntis
2064 643 2175 683 potius
2198 653 2299 685 quam
2323 653 2389 674 me-

1300 686 1368 729 dii),
1386 695 1417 724 et
1441 697 1526 717 unus
1550 696 1659 717 recens
1683 687 1887 719 Monacensis
1910 688 2044 729 primae,
2065 695 2207 730 quatuor
2231 688 2391 729 margines

1299 740 1330 763 et
1354 732 1513 763 editiones
1536 732 1575 762 ab
1600 731 1816 764 incunabulis.

1353 777 1450 808 Nulla
1465 776 1599 817 antiqua
1614 776 1711 807 lectio
1729 777 1825 808 huius
1841 776 2008 819 farraginis
2028 777 2089 809 fuit
2112 777 2146 809 in
2171 779 2390 819 autographo:

1270 821 1271 825 ’
1305 833 1331 854 1.
1357 821 1524 853 manifeste
1545 821 1679 852 debetur
1701 821 1848 858 librario;
1877 823 1906 854 5.
1930 829 1962 854 et
1985 823 2015 854 8.
2041 823 2165 854 diversa
2188 824 2312 855 ratione
2341 834 2391 855 er-

1299 877 1406 898 rorem
1430 866 1670 907 aggrediuntur,
1695 866 1750 896 sed
1775 876 1834 898 nec
1858 876 1915 907 per
1933 869 2122 908 puniuntur
2138 879 2196 900 nec
2220 879 2278 910 per
2295 869 2391 901 inter·

1299 913 1501 954 polationem
1527 911 1714 943 recedentes
1744 921 1844 943 nexus
1872 912 2031 944 enuntiati
2062 921 2241 954 reparatur;
2278 925 2327 946 10.
2355 925 2392 946 ex

1300 958 1410 990 codice
1435 957 1543 989 tertiae
1568 957 1675 988 classis
1700 956 1784 987 male
1808 955 1968 997 applicata
1991 964 2054 995 est;
2085 969 2135 990 11.
2151 959 2281 1000 corrigit
2305 967 2391 991 octa-

1299 1014 1384 1040 vam,
1402 1012 1433 1035 et
1449 1003 1513 1034 alio
1531 1013 1631 1044 quam
1643 1001 1866 1033 Thomisticae
1886 1001 2037 1033 dictionis
2053 1002 2132 1034 flore
2148 1004 2230 1041 olet;
2254 1016 2302 1046 ¹9·
2321 1015 2393 1036 cor-

1299 1049 1441 1080 rectione
1458 1048 1615 1085 abundat;
1643 1058 1695 1079 20.
1713 1046 1803 1090 (post
1825 1057 1851 1077 1.
1870 1053 1901 1077 et
1918 1046 1948 1077 8.
1967 1047 2204 1091 antiquissima)
2221 1051 2393 1082 correctio-

1300 1104 1375 1126 nem
1400 1094 1475 1125 loco
1494 1093 1639 1125 indebito
1656 1091 1839 1134 applicavit.
1857 1092 1940 1123 Vera
1956 1093 2150 1134 autographi
2168 1094 2276 1132 lectio,
2292 1105 2394 1137 quam

1299 1140 1368 1181 ipse
1392 1149 1480 1171 error
1504 1149 1564 1170 suo
1589 1139 1691 1170 modo
1706 1137 1901 1175 manifestat,
1920 1137 1954 1168 in
1978 1137 2149 1170 traditione
2170 1146 2246 1180 post
2262 1147 2392 1172 centum

1300 1195 1404 1216 annos
1429 1195 1446 1215 a
1470 1184 1501 1215 S.
1519 1184 1671 1215 Thomae
1695 1184 1734 1214 ad
1762 1181 1879 1214 Beatos
1911 1182 2082 1214 transitum
2105 1183 2147 1215 ad
2169 1184 2277 1216 lucem
2299 1185 2393 1218 redit.

1357 1230 1375 1271 g
1405 1241 1454 1272 ¹7·
1476 1229 1658 1271 Antiquitas
1682 1236 1786 1260 textus
1803 1227 1926 1269 primae
1945 1228 2054 1259 classis
2073 1238 2112 1260 ex
2126 1228 2276 1269 pluribus
2293 1240 2395 1272 quam

1271 1273 1273 1277 ’
1300 1282 1425 1317 septem
1452 1275 1648 1306 variantibus
1665 1274 1774 1306 tertiae
1790 1273 1994 1315 comprobari
2019 1281 2138 1314 posset,
2154 1274 2210 1306 sed
2227 1285 2295 1307 non
2319 1276 2394 1307 msi-

1300 1321 1432 1357 stimus;
1458 1321 1543 1352 ultro
1569 1318 1762 1352 confitemur
1785 1319 1939 1351 lectiones
1964 1319 2166 1351 correctrices
2193 1320 2302 1352 tertiae
2325 1331 2395 1352 nnn

1301 1377 1358 1408 per
1381 1373 1531 1399 centenas
1556 1365 1734 1403 numerari,
1759 1364 1842 1396 sicut
1866 1374 1989 1396 errores
2012 1364 2115 1396 solius
2138 1365 2267 1403 tertiae,
2292 1373 2324 1398 et
2346 1376 2394 1398 er-

1301 1421 1389 1443 rores
1413 1411 1535 1452 primae
1559 1419 1590 1443 et
1614 1410 1723 1443 tertiae
1743 1419 1947 1446 communes,
1965 1410 2104 1452 ideoque
2129 1410 2238 1442 minus
2261 1410 2395 1443 firmum

159 1474 258 1506 quam
290 1463 375 1494 tarde
402 1461 554 1492 lectiones
587 1460 713 1502 aliquae
744 1459 935 1500 autographi
965 1459 998 1490 in
1027 1459 1246 1501 manuscripta
1272 1441 1275 1495 Ι
1300 1464 1529 1498 argumentum
1554 1455 1769 1488 consideranti
1793 1455 1955 1496 praebent.
1982 1455 2070 1487 Idem
2099 1455 2275 1488 dicendum
2299 1457 2396 1490 nobis

159 1509 327 1541 traditione
352 1506 601 1548 reapparuerint.
626 1505 692 1544 Qu.
715 1515 781 1536 xvn
798 1512 856 1536 art.
881 1515 935 1535 v111
960 1513 1065 1545 corp.:
1095 1518 1109 1532 ‹
1129 1504 1247 1546 aliquis
1272 1501 1275 1547 1
1301 1511 1348 1534 est
1367 1502 1407 1534 de
1427 1502 1522 1533 bonis
1541 1501 1733 1534 lectionibus
1753 1501 1864 1532 tertiae
1883 1508 1995 1532 contra
2014 1511 2138 1533 errores
2154 1501 2251 1543 primi
2275 1501 2394 1535 librarii

158 1553 371 1585 introducitur
394 1552 433 1582 ad
458 1551 635 1582 amandum
659 1551 767 1582 Deum
792 1560 849 1591 per
873 1550 936 1581 hoc
960 1550 1051 1592 quod
1075 1560 1191 1582 omnes
1206 1551 1246 1582 ab

1273 1564 1275 1573 1

1273 1579 1275 1587 ι

159 1601 229 1641 ipso
254 1598 346 1639 punit
370 1605 469 1628 cessat
493 1607 509 1627 a
534 1603 666 1637 peccato
685 1608 712 1628 ».
731 1596 778 1627 Ex
798 1605 911 1627 sensus
935 1602 966 1626 et
990 1602 1167 1627 structurae
1192 1596 1246 1627 de·
1273 1600 1275 1634 ξ

1273 1649 1274 1653 ’
1300 1639 1442 1680 ideoque
1467 1648 1533 1669 non
1558 1645 1682 1670 tantam
1701 1637 1927 1668 certitudinem
1950 1637 2113 1678 ingerunt.
2131 1637 2235 1670 Nobis
2259 1638 2409 1680 quidem,

158 1644 241 1676 fectu
267 1650 352 1684 patet
374 1642 541 1674 librarium
566 1642 650 1672 male
674 1641 791 1672 vidisse
819 1640 1011 1682 exemplaris
1042 1641 1245 1682 scripturam.

159 1689 261 1721 Facile
286 1696 332 1719 est
355 1698 391 1719 ex
416 1694 567 1718 contextu
591 1686 742 1727 colligere
766 1686 846 1728 quid
871 1686 902 1718 S.
920 1686 1068 1717 Thomas
1093 1686 1247 1718 voluerit:

159 1746 195 1766 ex
220 1735 317 1775 punit
347 1740 378 1764 et
401 1743 439 1764 ex
462 1743 501 1763 eo
534 1733 624 1774 quod
650 1732 796 1774 sequitur
823 1732 924 1773 paulo
954 1738 1046 1772 post:
1075 1744 1090 1760 ι
1111 1732 1245 1774 aliquis,

157 1789 293 1821 sperans
305 1779 514 1809 remunerari
525 1788 543 1808 a
556 1778 638 1814 Deo,
656 1777 841 1808 accenditur
851 1778 890 1808 ad
902 1777 1079 1808 amandum
1094 1777 1201 1808 Deum
1218 1790 1246 1815 »,

159 1832 244 1866 patet
268 1825 357 1864 quod
381 1823 413 1854 in
438 1823 536 1864 priori
568 1823 670 1854 inciso
695 1832 802 1854 sermo
831 1822 943 1853 debuit
973 1832 1042 1853 esse
1066 1822 1106 1853 de
1130 1824 1248 1855 timore

153 1879 289 1912 poenae,
303 1869 403 1910 quod,
417 1867 531 1899 erroris
548 1868 672 1899 ratione
689 1867 805 1904 habita,
818 1867 861 1898 ibi
879 1867 1076 1908 exprimetur
1091 1867 1247 1907 legendo:

162 1930 176 1944 «
196 1925 251 1956 per
275 1915 335 1945 hoc
350 1914 451 1955 quod,
469 1913 586 1944 timens
602 1913 641 1943 ab
659 1913 731 1954 ipso
750 1912 868 1953 puniri,
893 1919 996 1943 cessat
1014 1925 1042 1943 ιι.
1070 1912 1116 1944 lta
1133 1923 1247 1945 sensus

159 1968 189 1992 et
206 1970 304 1991 nexus
324 1959 478 1990 enuntiati
496 1965 677 1998 resurgunt.
696 1976 714 1980 -
737 1958 823 1998 Ergo
848 1957 996 1988 librarius
1020 1958 1114 1989 tiones
1137 1958 1178 1989 ab
1194 1959 1247 1999 ιῖο

154 2005 245 2047 puni'
269 2005 493 2045 interpretatus
518 2011 564 2035 est
587 2004 676 2035 effes
690 2003 731 2034 ab
748 2004 800 2044 ἰῇ)
820 2004 918 2044 punit
933 2010 964 2034 et
981 2012 1057 2034 cum
1078 2013 1174 2034 sensu
1193 2014 1245 2035 ne-

159 2061 235 2083 xum
253 2049 384 2091 fugavit.
411 2049 499 2081 Sicut
516 2049 548 2079 in
569 2050 675 2089 primo
691 2048 766 2080 loco
790 2047 1024 2089 compendium
1050 2048 1247 2080 desinentiae

158 2115 179 2120 -
197 2101 286 2127 raret
310 2095 523 2136 aequivocum
541 2101 588 2124 est
605 2102 635 2126 et
660 2093 830 2135 explicatio
848 2093 967 2135 pendet
983 2104 1002 2124 a
1024 2093 1136 2124 litteris
1160 2101 1247 2126 ante-

160 2140 354 2176 cedentibus,
379 2140 421 2171 ita
444 2139 495 2170 hic
511 2158 532 2163 -
549 2141 619 2171 Rs
642 2139 850 2181 aequivocat:
876 2139 901 2169 si
926 2149 946 2170 o
962 2156 981 2162 -
1003 2138 1175 2180 praecedit,
1200 2139 1247 2171 in·

159 2185 397 2227 terpretandum
426 2192 471 2216 est
486 2203 506 2208 -
523 2195 625 2222 mnes,
651 2185 676 2216 si
701 2185 725 2216 ti
741 2202 776 2220 -,
802 2201 821 2208 -
838 2194 939 2216 mens.
963 2183 1129 2215 Variantes
1150 2185 1247 2216 huius

160 2231 222 2263 loci
247 2231 278 2262 in
304 2230 467 2262 codicibus
491 2229 723 2272 quadripartito
749 2229 973 2261 exscribimus:

223 2288 246 2307 1.
272 2286 382 2307 omnes
405 2276 444 2307 ab
462 2277 530 2317 ipso
549 2277 647 2317 punit
670 2281 774 2307 cessat
798 2275 910 2316 viginti
936 2282 999 2306 tres
1023 2274 1158 2316 antiqui,
1184 2283 1247 2307 tres

162 2321 268 2358 medii,
294 2329 368 2352 octo
394 2328 534 2352 recentes
559 2322 698 2362 primae;

219 2377 246 2398 2.
273 2376 382 2398 omnes
404 2366 445 2398 ab
467 2367 535 2407 ipso
560 2367 658 2408 punit
680 2371 711 2398 et
733 2371 840 2397 cessat
865 2375 951 2397 unus
980 2375 1091 2397 recens
1123 2366 1247 2407 primae

448 2421 454 2427 “
1273 2419 1275 2438 Ι

162 2419 192 2444 et
216 2422 529 2497 gisshsmiii'iriztg’ipso
548 2458 689 2499 punitur
711 2458 767 2498 qui
792 2467 855 2488 non
880 2461 985 2488 cessat
1010 2466 1095 2487 unus
1119 2457 1248 2488 medius
1273 2452 1275 2487 !
1302 2459 1338 2485 ut
1362 2459 1486 2494 praeter
1513 2451 1755 2492 autographum
1787 2449 1893 2494 (quod
1918 2458 2055 2493 utraque
2078 2451 2188 2483 classis
2211 2451 2246 2484 iu
2269 2452 2396 2485 rubrica

1273 2512 1275 2523 ¹
1308 2510 1332 2531 1.
1353 2497 1479 2539 attingit
1513 2505 1544 2528 et
1561 2505 1684 2538 praeter
1701 2496 1929 2538 apographum
1947 2496 2075 2538 utrique
2091 2506 2270 2529 commune
2289 2495 2398 2541 (quod

186 2511 300 2538 r1mae;

163 2513 183 2543 p
219 2557 250 2587 4.
274 2547 368 2578 homo
392 2547 432 2578 ab
456 2549 523 2588 ipso
543 2548 682 2588 punitur
704 2553 809 2579 cessat
834 2557 918 2578 unus
944 2556 1072 2587 margo;

1302 1547 1439 1589 primae;
1465 1547 1550 1578 idem
1579 1548 1619 1578 de
1648 1546 1743 1578 bonis
1772 1546 1967 1578 lectionibus
1995 1546 2127 1578 alterius
2150 1547 2254 1579 utrius
2280 1554 2394 1581 contra

1300 1594 1413 1629 bonas,
1434 1593 1489 1624 sed
1510 1592 1621 1629 varias,
1643 1591 1787 1624 alterius:
1809 1602 1864 1623 eae
1883 1591 1982 1624 etiam
2002 1602 2068 1623 non
2085 1598 2151 1624 tam
2168 1593 2290 1624 multae
2307 1602 2394 1631 sunt.

1301 1693 1492 1725 persuasum
1518 1691 1565 1714 est
1588 1682 1815 1724 apographum
1839 1681 1991 1714 omnium
2007 1682 2152 1724 primum
2175 1683 2224 1715 bis
2247 1684 2394 1716 transcri-

1302 1736 1395 1770 ptum
1427 1739 1514 1765 esse,
1539 1728 1632 1770 peius
1657 1736 1687 1760 et
1711 1727 1845 1765 melius,
1870 1736 1902 1760 et
1924 1728 1988 1760 hoc
2019 1738 2057 1760 ex
2088 1728 2394 1770 phaenomenorum

1301 1774 1474 1815 complexu
1499 1781 1567 1806 tute
1599 1773 1750 1805 concludi
1775 1783 1880 1815 posse.
1913 1773 2114 1815 Complexus
2142 1774 2230 1806 enim
2254 1775 2398 1817 phaeno-

1301 1829 1476 1850 menorum
1507 1819 1729 1851 unanimitatis
1756 1826 1787 1850 et
1814 1818 1973 1851 varietatis
2003 1819 2155 1851 classium
2185 1820 2231 1852 sic
2260 1820 2395 1862 exprimi

1301 1865 1406 1896 debet.
2309 1870 2313 1874 '

1441 1955 1553 1987 Prima
1578 1955 1704 1987 classis.
1988 1954 2020 1986 T
2014 1956 2100 1987 ertia
2130 1956 2256 1989 classis.

1398 2055 1425 2075 1.
1450 2043 1560 2074 Bonae
1586 2042 1741 2074 lectiones
1940 2042 2083 2074 Eaedem

1394 2100 1424 2121 α.
1449 2089 1559 2120 Bonae
1583 2087 1738 2120 lectiones
1940 2087 2073 2120 Errores

1396 2136 1423 2167 3.
1450 2135 1583 2166 Errores
1943 2132 2042 2165 iidem

1391 2191 1434 2221 4.-
1451 2181 1560 2211 Bonae
1584 2179 1740 2211 lectiones
1941 2179 2052 2211 Bonae
2076 2179 2181 2212 variae

1395 2227 1424 2258 5.
1450 2226 1582 2257 Errores
1938 2224 2050 2256 Bonae
2073 2224 2230 2257 lectiones

1393 2273 1424 2303 6.
1450 2271 1583 2302 Errores
1941 2270 2112 2302 Lectiones
2135 2271 2340 2304 correctrices

1392 2328 1423 2359 7.
1449 2317 1559 2348 Bonae
1583 2315 1738 2347 lectiones
1940 2315 2209 2357 interpolationes

1358 2406 1446 2439 Cum
1469 2406 1514 2438 sic
1534 2406 1760 2447 phaenomena
1780 2405 1913 2443 iaceant,
1935 2405 2044 2437 nescio
2064 2405 2143 2447 quid
2163 2406 2398 2439 desideraretur

1305 2545 1334 2576 3.
1359 2543 1478 2575 indicat
1525 2543 1608 2574 duae
1639 2541 1872 2583 descriptiones
1899 2541 2011 2573 ceteris
2041 2541 2175 2574 rubricis
2203 2541 2396 2576 sufficerent.

1302 2589 1369 2622 Sub
1388 2599 1417 2621 2.
1435 2587 1643 2621 continentur
1666 2587 1820 2619 lectiones
1836 2586 2016 2628 apographi
2032 2594 2202 2629 corruptae
2219 2598 2276 2629 per
2292 2598 2412 2629 unum,

222 2636 249 2667 5.
274 2645 384 2666 omnes
406 2635 446 2666 ab
470 2645 507 2666 eo
526 2637 713 2677 puniuntur
735 2641 839 2667 cessat
863 2636 1004 2667 secunda
1026 2636 1145 2674 classis,
1163 2647 1248 2668 unus
1273 2627 1276 2668 ἶ
1301 2634 1518 2671 librariorum,
1539 2634 1599 2664 sub
1627 2634 1655 2664 5.
1681 2633 1812 2664 eaedem
1830 2641 1999 2674 corruptae
2016 2642 2073 2674 per
2094 2633 2244 2665 alterum.
2269 2633 2338 2667 Sub
2361 2643 2395 2675 4.

163 2681 312 2722 antiquus
337 2688 367 2712 et
392 2691 475 2712 unus
501 2691 608 2712 recens
637 2681 776 2722 primae;

220 2726 249 2756 6.
267 2726 307 2756 ab
324 2735 359 2757 eo
376 2735 487 2757 omnes
497 2727 685 2767 puniuntur
700 2731 805 2758 cessat
830 2737 914 2758 unus
927 2726 1054 2758 medius
1070 2727 1246 2764 secundae3
1273 2744 1276 2770 1
1301 2726 1406 2768 doque

1274 2782 1276 2792 ν
1303 2771 1414 2803 cedere
1438 2770 1552 2802 solent.
1578 2770 1645 2801 Sub
1670 2770 1701 2802 6.
1719 2777 1750 2801 et
1774 2781 1805 2811 7.
1831 2778 1953 2801 errores
1977 2769 2165 2811 apographi,
2190 2769 2256 2801 veri
2281 2777 2312 2802 et
2335 2780 2396 2812 pu-

220 2782 250 2812 7.
275 2780 386 2802 omnes
404 2772 591 2811 puniuntur
616 2782 700 2802 unus
725 2782 833 2803 recens
857 2772 1033 2809 secundae:

222 2859 252 2890 8.
278 2869 387 2890 omnes
411 2859 594 2891 recedentes
617 2861 657 2892 ab
681 2862 749 2902 ipso
768 2863 863 2902 punit
888 2867 991 2893 cessat
1013 2861 1103 2893 tertia
1128 2862 1247 2898 classis.

167 2904 276 2935 decem
298 2904 392 2935 medii
418 2912 447 2935 et
473 2913 612 2936 recentes
637 2906 770 2946 primae,
795 2906 940 2948 quinque
965 2906 1138 2948 margines;

168 2993 299 3034 primae,
317 3002 456 3035 quatuor
480 2995 650 3035 margines;

230 3049 277 3070 ιο.
296 3049 406 3070 omnes
419 3040 603 3072 recedentes
610 3042 706 3082 punit
722 3047 826 3073 cessat
843 3052 927 3073 unus
941 3043 1094 3085 antiquus
1108 3044 1248 3084 primae:

231 3094 277 3115 11.
302 3094 412 3116 omnes
429 3084 612 3118 recedentes
633 3086 673 3118 ab
693 3087 760 3127 ipso
779 3089 876 3128 punit
893 3093 923 3119 et
939 3094 1044 3120 cessat
1059 3099 1144 3120 unus
1168 3089 1247 3121 anti·

168 3138 251 3169 quus
276 3129 384 3161 tertiae
408 3127 542 3172 (scilicet
566 3130 736 3172 Speculum
762 3133 893 3163 Morale
915 3133 1075 3165 Vincentii
1101 3134 1250 3166 Bellova-

171 3173 270 3204 censis
294 3174 562 3218 supposititium),
589 3177 654 3207 duo
679 3184 828 3213 recentes,
855 3188 938 3209 unus
964 3188 1091 3219 margo;

233 3228 280 3249 12.
303 3229 412 3269 omnes
436 3219 476 3251 ab
500 3222 567 3261 ipso
587 3221 772 3254 recedentes
791 3224 887 3263 punit
910 3228 940 3254 et
964 3230 1070 3255 cessat
1093 3234 1178 3256 unus
1203 3235 1249 3256 re-

173 3272 246 3293 cens
271 3273 408 3303 primae:

236 3308 281 3338 13.
306 3314 414 3348 sperat
444 3319 478 3340 se
502 3312 711 3342 remunerari
739 3312 780 3343 ab
804 3322 841 3343 eo
865 3322 928 3353 per
951 3314 1012 3345 hoc
1039 3319 1148 3346 autern
1172 3316 1249 3356 quia

174 3352 356 3383 recedentes
379 3353 418 3384 ab
442 3364 478 3385 eo
499 3356 592 3395 punit
616 3362 719 3388 cessat
743 3367 827 3388 unus
852 3357 1004 3400 antiquus
1029 3359 1153 3395 tertiae;

215 3451 282 3492 ,14-
308 3452 417 3474 omnes
447 3444 486 3475 ab
518 3446 584 3485 ipso
615 3447 729 3477 timens
749 3450 844 3488 punit
875 3455 978 3480 cessat
1011 3459 1095 3481 unus
1123 3449 1250 3481 medius

177 3495 313 3526 pr1mae;

239 3531 285 3561 15.
310 3532 399 3563 timet
421 3532 462 3563 ab
485 3534 553 3574 ipso
572 3535 686 3575 puniri
709 3542 810 3567 cessat
835 3538 901 3568 duo
927 3538 1024 3570 medii
1050 3538 1189 3580 primae:

239 3576 285 3606 ¹6.
310 3576 386 3607 dum
411 3578 498 3609 timet
521 3578 561 3608 ab
585 3580 652 3619 ipso
671 3581 785 3621 puniri
808 3588 910 3614 cessat
936 3593 1021 3615 unus
1041 3593 1171 3625 margo;

240 3630 286 3661 ¹7·
308 3630 369 3661 per
391 3621 450 3653 hoc
479 3623 564 3664 quod
593 3634 704 3655 omnes
732 3626 916 3659 recedentes
939 3628 980 3660 ab
1004 3629 1074 3670 ipso
1092 3630 1191 3670 punit
1221 3634 1252 3660 et
1278 3617 1281 3672 i

177 3665 293 3696 timens
316 3671 420 3697 cessat
444 3677 527 3698 unus
552 3678 659 3699 recens
683 3670 808 3706 terti803

1302 2681 1389 2712 leves
1413 2679 1605 2711 reductionis
1625 2678 1798 2710 variantes:
1823 2678 2017 2720 quandoque
2035 2688 2112 2710 vero
2133 2689 2192 2720 pro
2211 2678 2270 2711 sed
2292 2689 2397 2722 quan-

1429 2732 1461 2756 et
1484 2724 1612 2760 similia,
1636 2724 1755 2766 quibus
1786 2723 1903 2755 librarii
1928 2724 1968 2755 ab
1993 2723 2230 2766 exemplaribus
2258 2724 2326 2757 auis
2349 2735 2397 2758 re-

1274 2841 1276 2847 ι
1302 2816 1402 2852 tativi,
1419 2815 1539 2857 quibus
1563 2815 1708 2847 librarius
1733 2814 1858 2856 primus
1877 2814 1987 2846 tertiae
2011 2814 2094 2847 inter
2116 2814 2324 2862 scribendum
2340 2825 2395 2848 co·

1303 2869 1398 2893 natus
1427 2866 1476 2893 est
1506 2860 1637 2892 mederi.
1658 2878 1679 2885 -
1699 2860 1732 2892 Si
1761 2870 1838 2892 vero
1868 2861 1930 2892 sub
1962 2860 2087 2892 rubrica
2118 2869 2148 2892 2.
2180 2867 2396 2894 correctorem

1274 2938 1277 2949 ,
1302 2907 1399 2939 latere
1415 2914 1576 2942 autumas.
1595 2913 1735 2948 quatuor
1753 2905 1886 2938 ultimae
1901 2905 2040 2937 omnino
2063 2905 2154 2938 aliter
2170 2904 2226 2936 tibi
2242 2905 2277 2937 in

224 2959 253 2989 9.
278 2959 388 2980 omnes
411 2950 450 2981 ab
474 2950 540 2991 ipso
565 2951 748 2983 recedentes
772 2953 868 2993 punit
892 2957 997 2984 cessat
1013 2962 1098 2984 unus
1122 2953 1250 2985 medius
1276 2971 1277 2991 ι

1276 3024 1277 3029 ,
1304 2997 1545 3030 continerentur
1563 2997 1718 3029 lectiones
1734 2997 1840 3028 bonae
1864 3003 1895 3028 et
1919 2996 2024 3028 malae
2041 2996 2211 3028 solitariae
2229 2994 2318 3028 illius
2341 3006 2395 3028 co-

1276 3063 1277 3083 2
1303 3043 1382 3075 dicis
1405 3043 1513 3074 tertiae
1534 3042 1642 3074 classis
1662 3041 1729 3084 qui.
1747 3048 1921 3079 correctus,
1941 3048 2040 3083 caput
2063 3040 2189 3082 primae
2206 3040 2309 3073 factus
2329 3049 2395 3079 est;

1303 2952 1419 2984 tandae
1450 2959 1540 2983 sunt:
1566 2962 1603 2983 ex
1628 2958 1716 2993 parte
1741 2961 1859 2992 nempe
1884 2950 2006 2992 primae
2031 2950 2141 2982 classis
2164 2950 2225 2982 sub
2249 2960 2282 2991 4.
2307 2958 2339 2983 et
2366 2953 2394 2984 5.

1303 3088 1473 3120 solitariae
1492 3087 1638 3130 inquam,
1654 3087 1732 3130 quia
1748 3087 1859 3119 nullus
1875 3086 1958 3118 alius
1974 3087 2077 3118 codex
2092 3085 2203 3119 tertiae
2219 3095 2272 3117 eas
2289 3086 2395 3119 habet.

1303 3134 1371 3166 Sub
1389 3134 1420 3165 6.
1437 3143 1474 3164 ex
1491 3141 1579 3174 parte
1603 3131 1713 3165 tertiae
1738 3142 1805 3164 non
1829 3132 2004 3173 legendum
2028 3138 2076 3163 est
2102 3145 2117 3160 ι
2137 3131 2309 3163 Lectiones
2325 3142 2396 3164 cor-

1305 3178 1449 3211 rectrices
1466 3192 1479 3206 »
1499 3178 1556 3210 sed
1578 3193 1593 3208 ι
1609 3178 1741 3210 Errores
1756 3190 1784 3214 ν.
1809 3187 1848 3209 ex
1867 3184 1956 3219 parte
1974 3187 2050 3208 vero
2068 3175 2191 3217 primae
2207 3186 2274 3208 non
2303 3190 2318 3207 e
2332 3177 2395 3209 Er-

1304 3234 1392 3256 rores
1412 3237 1424 3250 »
1453 3223 1660 3265 simpliciter,
1684 3222 1740 3254 sed
1768 3237 1780 3251 ι
1801 3222 1959 3254 Errorum
1983 3222 2118 3254 Errores
2137 3230 2173 3252 »:
2203 3222 2294 3263 quod
2329 3233 2398 3255 uno

1305 3269 1454 3310 exemplo
1486 3269 1610 3300 clarum
1641 3266 1707 3300 fiat.
1739 3267 1771 3299 Si
1795 3276 1908 3299 omnes
1932 3267 2119 3300 recedentes
2141 3267 2182 3299 ab
2210 3268 2279 3308 ipso
2298 3269 2399 3309 punit

1276 3343 1278 3348 ,
1304 3319 1410 3347 cessat
1433 3324 1499 3346 non
1524 3321 1571 3346 est
1594 3312 1690 3345 lectio
1715 3312 1949 3345 correctionem
1972 3312 2153 3348 intendens,
2179 3319 2227 3344 est
2246 3322 2336 3345 error
2361 3313 2398 3345 li·

1305 3359 1418 3395 brarii.
1443 3369 1519 3390 nam
1543 3369 1610 3390 non
1635 3365 1681 3390 est
1705 3357 1904 3394 authentica;
1930 3357 1955 3389 si
1981 3365 2091 3390 autem
2118 3364 2166 3389 est
2189 3367 2296 3395 error,
2322 3365 2398 3391 tunc

1305 3403 1440 3436 omissio
1459 3404 1546 3435 verbi
1567 3403 1751 3435 recedentes
1770 3410 1818 3435 est
1837 3413 1925 3435 error
1940 3403 2039 3435 errori
2056 3401 2193 3434 additus.
2219 3403 2287 3435 Sub
2308 3414 2338 3446 7.
2360 3413 2398 3436 ex

1307 3456 1396 3491 parte
1426 3449 1535 3481 tertiae
1567 3448 1675 3480 nescio
1705 3448 1785 3490 quid
1813 3448 1983 3480 scriberem
2014 3447 2075 3479 nisi
2102 3461 2116 3476 ι
2137 3447 2308 3480 Lectiones
2330 3451 2397 3481 Αιι-

1277 3514 1279 3520 <
1306 3493 1455 3535 tographi
1476 3506 1504 3531 u,
1520 3500 1551 3525 et
1575 3503 1613 3526 ex
1637 3500 1726 3534 parte
1750 3492 1872 3534 primae
1896 3493 2101 3525 scribendum
2126 3500 2208 3525 esset
2235 3507 2250 3523 ι
2270 3493 2397 3527 Lectio·

1278 3579 1279 3585 ¹
1308 3549 1364 3570 nes
1389 3549 1406 3570 a
1431 3538 1640 3580 corruptione
1665 3537 1816 3570 meliores
1834 3537 1870 3569 t!

1363 3583 1381 3626 5
1412 3583 1460 3615 18.
1487 3582 1672 3616 Conclusio.
1710 3583 1778 3615 lam
1802 3583 1918 3624 longae
1942 3584 2098 3617 orationis
2122 3583 2223 3616 finem
2246 3581 2399 3615 facientes

1308 3628 1419 3670 paucis
1430 3628 1534 3660 verbis
1550 3628 1671 3661 exitum
1687 3628 1954 3661 considerationis
1971 3629 2202 3662 contrahimus.
2223 3626 2398 3659 Credimus

1278 3685 1281 3713 ι
1308 3674 1460 3715 probasse
1484 3674 1586 3715 quod,
1605 3674 1726 3715 primo,
1752 3684 1874 3705 errores
1900 3684 2093 3707 communes
2117 3673 2167 3706 vel
2190 3671 2283 3715 quasi
2310 3682 2398 3704 com·
