2768 4198
43 516 52 525 ·
66 514 132 536 Ver-s.
147 514 168 535 8.

42 564 52 573 ⁴
59 562 131 584 Hilar.
141 561 204 583 Diae.
211 561 254 583 sub

41 594 105 610 nom.
119 588 231 610 Ambros.

139 616 154 650 β

955 268 1224 314 QUAESTIO
1255 269 1409 317 CLVII,
1438 270 1737 307 ARTICULUS
1768 269 1817 306 IV

283 347 349 383 sed
373 347 531 383 vincunt
556 347 593 383 in
623 347 721 383 bono
751 346 907 382 malum.
938 346 1024 382 Hoc
1053 354 1182 382 autem
1201 346 1353 383 videtur

282 399 472 447 pertinere
501 399 551 436 ad
584 398 885 435 misericordiam
923 398 986 434 vel
1019 398 1218 447 pietatem,
1253 411 1352 446 quae

282 451 432 489 videtur
460 464 544 489 esse
562 451 760 500 potissima
779 450 984 488 virtutum:
1016 451 1105 500 quia
1124 464 1238 499 super
1262 451 1353 488 illud

284 505 298 540 I
327 505 379 541 ad
409 505 505 543 Tim.
526 516 563 542 1v
580 504 620 552 ⁵¹²,
649 505 772 542 Pletas
799 504 852 542 ad
881 504 1011 541 omnia
1039 504 1138 540 utilis
1165 510 1234 549 est,
1266 504 1355 541 dicit

283 557 421 595 Glossa
440 557 669 595 Ambrosii*
688 558 795 606 quod
815 558 937 594 omnis
955 569 1105 594 summa
1121 555 1136 586 β
1159 557 1354 606 religionis

288 611 524 648 Christianae
541 612 579 648 in
593 612 732 660 pietate
759 611 934 648 consistit.
964 611 1067 658 Ergo
1097 611 1351 647 mansuetudo

283 672 319 701 et
347 665 548 701 clementia
576 672 663 702 sunt
691 665 882 701 maximae
910 663 1080 701 virtutes.

336 718 411 755 SED
440 729 587 755 CONTRA
615 730 701 765 EST,
731 718 822 766 quia
855 730 934 755 non
972 724 1168 766 ponuntur
1194 716 1353 753 virtutes

279 770 527 820 principales,
558 773 624 808 sed
654 771 911 820 adiunguntur
948 771 1053 808 alteri
1081 769 1209 807 virtuti
1245 769 1354 818 quasi

279 823 548 873 principaliori.

334 879 562 915 Rssspounzo
596 889 782 915 DiCENDuM
811 877 922 937 quod
955 857 1045 914 nihil
1082 876 1261 926 prohibet
1289 875 1354 912 ali-

280 943 375 979 quas
393 931 551 969 virtutes
579 944 658 969 non
687 943 771 968 esse
794 930 1011 980 potissimas
1039 929 1259 978 simpliciter
1282 941 1354 965 nec

280 985 410 1033 quoad
439 986 591 1033 omnia,
622 985 689 1022 sed
719 984 934 1022 secundum
963 983 1055 1033 quid
1084 991 1120 1020 et
1150 983 1188 1020 in
1223 982 1352 1030 aliquo

280 1049 429 1086 genere.
452 1039 544 1076 Non
559 1046 615 1075 est
629 1046 758 1075 autem
773 1037 954 1087 possibile
973 1037 1079 1086 quod
1102 1035 1301 1073 clementia
1318 1043 1355 1072 et

280 1092 537 1129 mansuetudo
567 1092 640 1129 sint
657 1091 878 1141 potissimae
896 1090 1054 1128 virtutes
1083 1089 1303 1138 simpliciter
1321 1088 1352 1126 ²¹⁵.

281 1145 383 1192 Quia
411 1146 495 1182 laus
524 1156 657 1182 earum
691 1144 896 1182 attenditur
931 1143 970 1181 in
998 1145 1075 1181 hoc
1102 1143 1208 1193 quod
1238 1150 1352 1179 retra-

278 1199 374 1235 hunt
402 1211 424 1235 a
452 1199 567 1245 malo,
589 1198 815 1246 inquantum
846 1197 986 1234 scilicet
1014 1197 1232 1235 diminuunt
1256 1196 1352 1233 iram
1381 1212 1383 1228 τ

278 1252 341 1289 vel
354 1251 766 1300 poenam„Perfectius
786 1258 914 1288 autem
930 1258 986 1287 est
1001 1250 1184 1299 consequi
1204 1251 1352 1287 bonum

226 1334 239 1337 ><
276 1306 544 1354 quamcarere
565 1305 680 1342 malo.
702 1305 751 1342 Et
769 1304 856 1342 ideo
876 1304 1034 1342 virtutes
1054 1316 1154 1354 quae
1174 1303 1353 1352 simplici-

36 1904 49 1916 ⁸
61 1902 127 1927 Van.
142 1910 172 1934 3¹·

36 2113 110 2142 ’,Ωιι
131 2112 197 2141 ειη,
209 2117 250 2137 m.

37 2140 136 2169 7‚.ad=

278 1366 335 1396 ter
362 1358 541 1396 ordinant
570 1358 608 1395 in
637 1358 798 1406 bonum,
825 1358 920 1395 sicut
943 1358 1054 1405 fides>
1084 1369 1182 1406 speS‚
1205 1356 1352 1404 caritas,

279 1419 316 1450 et
352 1411 468 1449 etiam
506 1411 706 1461 prudentia
745 1419 782 1449 et
814 1411 973 1457 iustitia,
1010 1419 1097 1448 sunt
1133 1410 1354 1460 simpliciter

279 1465 444 1504 maiores
469 1465 628 1503 virtutes
648 1477 765 1514 quam
796 1465 995 1502 clementia
1016 1473 1052 1501 et
1080 1464 1351 1501 mansuetudo.

59 1557 84 1570 x,
182 1560 195 1567 ,Ἰ
333 1519 412 1557 Sed
439 1519 652 1556 secundum
681 1518 786 1567 quid,
808 1518 898 1556 nihil
926 1518 1105 1568 prohibet
1131 1525 1352 1555 mansuetu-
1380 1536 1382 1555 ι

35 1567 40 1574 ’
123 1566 154 1624 ⁷3
227 1618 229 1622 .
279 1571 409 1610 dinem
440 1580 476 1609 et
504 1571 744 1610 clementiam
765 1572 907 1609 habere
941 1571 1138 1621 quandam
1168 1572 1352 1609 excellen-
1380 1583 1382 1613 ξ

277 1626 370 1664 tiam
407 1626 504 1664 inter
539 1626 699 1663 virtutes
737 1637 836 1674 quae
873 1625 1050 1663 resistunt
1086 1625 1351 1662 affectionibus
1380 1626 1390 1661 l,

277 1679 418 1729 pravis.
449 1680 554 1718 Nam
574 1678 640 1726 ira,
661 1691 780 1727 quarn
809 1678 955 1727 mitigat
974 1679 1243 1725 mansuetudo,
1265 1691 1353 1728 pro·
1380 1691 1382 1705 ³

276 1741 362 1784 pter
399 1745 513 1770 suurn
549 1732 736 1781 impetum
774 1732 941 1770 maxime
980 1732 1141 1782 impedit
1177 1732 1351 1770 animum

277 1786 446 1831 hominis
464 1791 480 1814 Υ
510 1798 557 1823 ne
577 1786 696 1822 libere
720 1785 861 1824 iudicet
879 1785 1092 1823 veritatem.
1123 1786 1172 1822 Et
1197 1793 1354 1834 propter

276 1839 365 1895 1100,
395 1839 653 1877 mansuetudo
689 1839 857 1876 maxime
900 1839 987 1876 facit
1024 1838 1224 1876 hominem
1268 1851 1352 1876 esse

278 1901 504 1943 compotem
533 1893 612 1930 sui:
642 1893 745 1929 unde
775 1892 911 1929 dicitur
938 1892 1054 1928 Eccli.
1079 1903 1103 1928 x
1122 1891 1159 1927 *ε
1190 1891 1284 1938 Fili,
1314 1893 1351 1928 in

278 1946 565 1985 mansuetudine
583 1957 694 1983 serva
713 1945 883 1982 animam
904 1950 1019 1982 tuam.
1052 1921 1240 1992 Quamvis
1263 1958 1352 1982 con-

279 1998 532 2057 cupiscentiae
562 1998 858 2037 delectationum
896 2005 1016 2036 tactus
1045 1997 1117 2035 sint
1151 1998 1350 2047 turpiores,

279 2053 316 2090 et
334 2053 456 2101 magis
476 2052 656 2089 continue
676 2052 870 2089 infestent:
905 2059 1061 2101 propter
1080 2052 1186 2100 quod
1205 2059 1351 2100 tempe-

279 2106 399 2145 rantia
413 2106 535 2155 magis
550 2106 705 2154 ponitur
714 2106 834 2143 virtus
850 2105 1080 2155 principalis,
1093 2113 1134 2142 ut
1150 2118 1194 2142 ex
1212 2105 1318 2142 dictis
1332 2105 1353 2127 ’³‘

277 2167 392 2210 patet.
422 2180 446 2188 -
476 2159 690 2197 Clementia
717 2171 831 2206 vere,
861 2158 900 2196 in
927 2159 1003 2196 hoc
1032 2158 1136 2207 quod
1175 2158 1353 2196 diminuit

277 2226 443 2263 poenas,
472 2213 639 2250 maxime
667 2212 820 2250 videtur
848 2212 1031 2249 accedere
1060 2211 1109 2248 ad
1143 2211 1349 2258 caritatem,

330 2328 356 2362 β)
375 2336 488 2389 stamma.
501 2341 520 2347 -
537 2328 656 2353 humana
684 2327 786 2360 13pr.
810 2327 945 2352 humanae
968 2327 1005 2357 L;
1025 2334 1073 2359 pro
1100 2326 1284 2356 Christianae,
1304 2327 1353 2351 hu-

276 2371 374 2390 manae
414 2384 420 2390 .

2402 281 2472 318 271

1410 359 1508 395 quae
1529 356 1584 384 est
1602 348 1800 397 potissima
1819 347 2014 394 virtutum,
2035 360 2104 396 per
2123 360 2240 396 quam
2264 350 2367 385 bona
2387 360 2477 396 ope—

1411 412 1541 437 ramur
1560 401 1608 438 ad
1627 401 1823 450 proximos
1844 408 1880 438 et
1900 413 2035 438 eorum
2055 402 2156 438 mala
2178 401 2422 451 impedimus.

1463 455 1523 490 AD
1552 466 1690 491 ramum
1726 466 1824 491 ERGO
1859 466 2044 492 01οΕΝοοΜ
2079 456 2184 503 quod
2222 454 2477 492 mansuetudo

1409 514 1612 554 praeparat
1646 508 1845 544 hominem
1883 509 1932 545 ad
1960 508 2033 545 Dei
2067 508 2323 556 cognitionem
2353 520 2478 544 remo-

1409 559 1538 595 vendo
1569 560 1899 608 impedimentum.
1930 562 1979 598 Et
2006 561 2081 598 hoc
2110 561 2317 611 dupliciter.
2347 561 2477 598 Primo

1410 611 1588 659 quidem,
1619 613 1794 650 faciendo
1832 614 2030 651 hominem
2069 623 2291 664 compotem
2326 614 2382 651 sui
2411 626 2479 662 per

1380 669 1383 720 Ι
1411 641 1702 703 diminutionem
1730 666 1824 714 irae,
1855 675 1895 704 ut
1923 667 2065 705 dictum
2095 677 2150 706 est
2167 668 2198 705 ³⁸.
2228 668 2315 706 Alio
2344 668 2477 714 modo,

1410 717 1498 766 quia
1527 719 1576 755 ad
1599 696 1932 757 mansuetudinem
1952 721 2113 780 pertinet
2132 698 2238 771 quod
2258 722 2378 758 homo
2399 733 2478 757 non

1411 771 1645 808 contradicat
1671 773 1799 810 verbis
1826 774 2003 821 veritatis,
2025 775 2131 834 quod
2158 776 2385 824 plerumque
2415 774 2478 811 ali-

1410 823 1474 882 qui
1503 824 1642 861 faciunt
1672 838 1716 862 ex
1747 827 2009 864 commotione
2037 828 2126 866 irae.
2157 830 2206 866 Et
2233 828 2320 866 ideo
2349 831 2476 876 Augu—

1410 876 1530 913 stinus
1558 878 1658 925 dicit,
1688 878 1726 915 in
1755 880 1786 915 ll
1816 880 1861 916 de
1888 881 1996 917 Doct.
2031 882 2164 919 Christ.
2185 882 2216 929 ²¹⁶,
2246 882 2350 930 quod
2374 882 2478 918 mite-

1408 941 1513 966 scere
1532 936 1586 967 est
1604 943 1678 968 non
1699 933 1956 970 contradicere
1974 934 2124 972 divinae
2142 936 2376 983 Scripturae:
2401 935 2479 972 sive

1410 983 1627 1030 intellectae
1646 985 1681 1021 si
1697 985 1825 1033 aliqua
1844 987 1934 1023 vitia
1954 993 2082 1024 nostra
2095 989 2277 1036 percutit,·
2303 989 2382 1025 sive
2401 1000 2476 1025 non

1410 1037 1633 1083 intellectae,
1663 1039 1773 1086 quasi
1799 1051 1866 1075 nos
1903 1040 2035 1077 melius
2062 1047 2099 1077 et
2123 1043 2249 1078 verius
2285 1053 2418 1090 sapere
2445 1046 2480 1078 et

1403 1088 1659 1139 praecipere⁶
1682 1103 1889 1139 possemus.

1463 1146 1522 1181 AD
1559 1156 1751 1181 SECUNDUM
1789 1157 1974 1182 DICENDUM
2013 1147 2117 1194 quod
2151 1147 2404 1184 mansuetudo
2443 1155 2480 1184 et

1410 1198 1611 1234 clementia
1645 1198 1809 1235 reddunt
1841 1198 2040 1236 hominem
2074 1200 2159 1236 Deo
2196 1208 2232 1236 et
2259 1201 2479 1237 hominibus

1409 1257 1624 1300 acceptum,
1646 1251 1858 1288 secundum
1879 1252 1984 1300 quod
2005 1261 2233 1290 concurrunt
2252 1253 2291 1290 in
2311 1255 2478 1291 eundem

1410 1305 1590 1341 effectum
1612 1317 1699 1341 curn
1717 1304 1880 1351 caritate,
1897 1317 1997 1353 quae
2018 1313 2073 1343 est
2095 1307 2263 1343 maxima
2278 1307 2478 1344 virtutum:

1409 1358 1550 1395 scilicet
1578 1358 1615 1394 in
1644 1358 1904 1396 subtrahendo
1934 1360 2035 1395 mala
2063 1360 2340 1408 proximorum.

1462 1414 1522 1448 An
1546 1423 1708 1448 TERTiuM
1733 1423 1918 1449 memnon
1939 1413 2043 1460 quod
2069 1413 2327 1450 misericordia
2348 1421 2383 1450 et
2401 1413 2479 1461 pie-

1409 1472 1467 1502 tas
1488 1465 1724 1502 conveniunt
1753 1465 1910 1513 quidem
1932 1478 2020 1502 curn
2038 1466 2333 1503 mansuetudine
2355 1474 2390 1503 et
2410 1468 2480 1503 cle-

1409 1518 1568 1566 mentia,
1598 1519 1826 1567 inquantum
1856 1527 2087 1556 concurrunt
2123 1519 2162 1556 in
2198 1520 2360 1557 eundem
2391 1520 2480 1556 effe-

1410 1579 1526 1619 ctum,
1555 1572 1621 1621 qui
1649 1580 1706 1609 est
1732 1572 1937 1621 prohibere
1967 1574 2068 1610 mala
2096 1572 2371 1622 proximorum.
2401 1574 2480 1610 Dif-

1409 1626 1534 1662 ferunt
1562 1633 1691 1663 tamen
1717 1633 1904 1674 quantum
1933 1625 1982 1663 ad
2002 1626 2205 1663 motivum.
2236 1627 2339 1664 Nam
2359 1626 2479 1676 pietas

1409 1686 1585 1716 removet
1613 1680 1713 1716 mala
1741 1679 2007 1727 proximorum
2038 1692 2082 1716 ex
2111 1680 2324 1717 reverentia
2361 1692 2478 1728 quarn

1407 1733 1523 1769 habet
1551 1733 1599 1770 ad
1637 1732 1804 1781 aliquem
1842 1732 2096 1782 superiorem,
2126 1741 2218 1782 puta
2252 1734 2380 1770 Deum
2417 1734 2478 1771 vel

1406 1793 1620 1834 parentem.
1651 1785 1916 1822 Misericordia
1943 1798 2037 1823 vero
2068 1787 2364 1824 removet'mala
2392 1799 2478 1835 pro-

1406 1839 1599 1875 ximorum
1629 1851 1675 1875 ex
1703 1839 1778 1875 hoc
1807 1839 1912 1887 quod
1941 1839 1979 1876 in
2001 1839 2054 1876 eis
2075 1839 2209 1888 aliquis
2238 1840 2479 1877 contristatur

1406 1892 1633 1940 inquantum
1655 1891 1829 1929 aestimat
1850 1904 1913 1929 eas
1929 1892 1977 1929 ad
1998 1905 2037 1929 se
2058 1893 2258 1941 pertinere,
2274 1901 2314 1930 ut
2335 1893 2479 1942 supra*

1407 1945 1549 1982 dictum
1576 1953 1650 1982 est:
1680 1945 1784 1993 quod
1804 1946 1983 1994 provenit
2003 1958 2047 1982 ex
2067 1946 2243 1993 amicitia,
2265 1958 2363 1995 quae
2393 1947 2479 1984 facit

1407 1998 1553 2036 amicos
1582 1999 1630 2036 de
1661 1998 1807 2036 eisdem
1843 1999 2011 2047 gaudere
2047 2007 2083 2035 et
2110 1999 2256 2036 tristari.
2297 2000 2477 2037 Mansue-

1406 2052 1499 2089 tudo
1519 2064 1613 2089 vero
1642 2053 1718 2088 hoc
1747 2051 1833 2089 facit
1852 2052 2080 2102 inquantum
2110 2060 2284 2090 removet
2309 2053 2405 2090 iram
2424 2053 2478 2090 in-

1407 2105 1584 2142 citantem
1614 2105 1663 2142 ad
1682 2105 1901 2142 vindictam.
1933 2106 2145 2143 Clementia
2166 2118 2260 2143 vero
2289 2107 2364 2143 hoc
2392 2106 2480 2144 facit

1408 2171 1452 2196 ex
1473 2158 1591 2195 animi
1609 2158 1773 2205 lenitate,
1795 2159 2023 2207 inquantum
2043 2159 2183 2196 iudicat
2207 2171 2288 2196 esse
2310 2172 2478 2208 aequum

1405 2220 1447 2248 ut
1475 2211 1609 2260 aliquis
1638 2224 1716 2249 non
1746 2212 1909 2260 amplius
1938 2212 2126 2261 puniatur.

1460 2327 1487 2360 γ)
1507 2327 1628 2351 animum
1653 2326 1776 2352 hominis.
1788 2340 1807 2346 —
1825 2334 1935 2352 causam
1961 2327 2077 2352 hominis
2102 2327 2262 2360 ACFHIpE,
2280 2328 2413 2353 rationem
2433 2329 2480 2354 ho-

1408 2362 1487 2387 minis
1506 2362 1537 2391 D,
1557 2362 1672 2387 hominis
1692 2362 1740 2394 pK.
1759 2362 1892 2388 hominem
1912 2363 1959 2389 sK.

1460 2397 1485 2430 ὃ)
1502 2398 1668 2430 praecipere.
1681 2411 1700 2417 ·-
1714 2398 1856 2430 percipere
1874 2398 1942 2423 PCa.

950 2476 1290 2509 commentaria
1313 2476 1569 2510 Cardinalis
1591 2476 1796 2509 Caietani

279 2569 327 2632 ΙΝ
350 2558 484 2589 articulo
516 2564 631 2598 quarto
663 2557 808 2588 eiusdem
836 2557 1032 2598 quaestionis
1064 2557 1349 2598 centesimaequin-

1403 2557 1518 2597 pietate
1542 2557 1658 2588 utitur:
1684 2564 1714 2588 et
1730 2557 1755 2587 si
1780 2558 2025 2598 consanguineis
2049 2557 2165 2588 minuit
2183 2568 2323 2598 poenam
2347 2566 2477 2599 propter

307 2602 683 2644 quagesimaeseptimae,
713 2601 746 2632 in
778 2601 986 2642 responsione
1018 2602 1057 2632 ad
1092 2602 1238 2638 tertium,
1271 2608 1348 2632 nota
1403 2601 1667 2633 coniunctionem
1691 2602 1865 2642 sanguinis.
1890 2602 1952 2633 Sed
1970 2602 1995 2632 si
2015 2612 2052 2632 ex
2068 2602 2165 2632 animi
2189 2602 2318 2633 lenitate
2342 2604 2382 2633 ad
2405 2614 2477 2643 pro-

277 2657 404 2678 auream
425 2646 604 2678 doctrinam
627 2646 667 2677 ad
690 2645 935 2676 discernendum
954 2656 1018 2687 qua
1041 2646 1114 2687 quis
1137 2646 1253 2677 virtute
1280 2652 1348 2676 uta-

277 2699 328 2722 tur
352 2701 427 2722 cum
449 2691 532 2721 mala
556 2690 693 2732 proximi
716 2690 799 2721 tollit
822 2689 1060 2721 rationabiliter.
1083 2691 1167 2721 Nam
1191 2690 1217 2721 si
1241 2700 1279 2721 ex
1301 2700 1348 2721 re-

1401 2646 1536 2682 ximum,
1553 2656 1620 2677 non
1645 2646 1771 2687 pietate,
1796 2646 1850 2677 sed
1871 2646 2038 2677 clementia
2065 2646 2174 2677 utitur.
2202 2647 2244 2677 Et
2267 2647 2310 2677 sic
2335 2648 2373 2678 de
2397 2647 2474 2684 aliis,

1402 2690 1519 2722 scilicet
1542 2691 1759 2722 misericordia
1782 2698 1813 2722 et
1836 2690 2097 2726 mansuetudine,
2122 2691 2277 2731 intellige,
2304 2698 2334 2722 et
2362 2702 2474 2722 eorum

276 2735 414 2767 verentia
437 2736 478 2766 ad
502 2742 663 2776 parentes,
688 2742 764 2771 etc.,
788 2735 850 2765 hoc
874 2733 962 2771 facit,
987 2744 1053 2765 non
1082 2734 1264 2771 clementia,
1292 2735 1348 2765 sed
1403 2735 1570 2776 oppositis.

2507 679 2555 700 'In
2571 684 2675 707 corpore.

2507 889 2588 917 ⁸Cnp.
2604 895 2644 911 vu.

2507 1900 2516 1909 ¹
2525 1899 2571 1926 Qu.
2580 1905 2635 1926 xxx,
2647 1902 2688 1920 art.
2698 1905 2717 1920 2.
