2768 4198
35 1103 48 1117 ⁸
61 1103 120 1133 Cup.
133 1109 199 1126 ινιιι.

35 1430 250 1512 ἰδ’.)ἰιῗϊέἷρῖὶῖξῖ

975 280 1243 326 QUAESTlo
1274 281 1374 326 cm,
1403 281 1703 319 ARTICULUS
1734 281 1785 317 lv
2404 284 2471 330 195

278 366 482 389 conservatur
505 358 613 389 calidis
636 365 667 389 et
682 357 811 398 frigidis,
827 358 968 388 humidis
993 366 1023 389 et
1046 359 1145 395 siccis,
1163 366 1346 399 contempe-
1374 364 1377 404 J
1403 367 1473 390 tum
1493 368 1588 401 atque
1603 367 1751 390 venerea:
1776 359 1932 400 quoniam
1948 359 2134 390 huiusmodi
2152 360 2346 390 delectabilia
2365 371 2476 391 secun-

277 403 362 439 ratis,
379 412 416 433 ex
438 402 556 443 quibus
572 409 705 433 constat.
731 402 812 433 Sunt
828 403 923 442 igitur
944 413 1015 433 vera
1032 403 1181 434 Auctoris
1197 405 1302 434 verba.
1375 405 1377 443 l
1405 405 1483 435 dum
1507 414 1540 435 se
1563 414 1628 435 non
1656 404 1732 435 tanti
1757 411 1831 435 sunt
1847 411 1882 435 ut
1896 404 2010 435 virtute
2027 411 2138 444 egeant
2154 405 2292 445 propria.
2313 405 2476 442 Quoniam

333 447 398 477 Nec
423 454 469 478 est
491 457 576 487 opus
597 446 704 487 aliqua
730 447 856 487 speciali
882 447 998 478 virtute
1021 455 1151 488 propter
1170 448 1349 480 delectatio·
1376 445 1378 483 ξ
1407 450 1509 479 virtus
1532 450 1619 480 circa
1639 448 1773 490 difficile
1797 453 1843 479 est
1858 449 1885 479 *.

278 501 351 521 nem
369 491 553 522 huiusmodi
578 492 727 527 odorum,
744 491 801 532 qui
821 501 886 522 non
910 491 1088 523 referuntur
1104 493 1143 522 ad
1160 493 1277 528 cibum,
1292 502 1351 532 po·
1377 489 1379 521 ἕ

1067 661 1387 704 ARTICULUS
1418 661 1693 712 QUARTUS

693 764 849 795 UTRUM
874 763 1095 795 PUDICITIA
1119 764 1366 795 PERTINEAT
1391 763 1673 794 SPECIALITER
1697 764 1754 794 AD
1781 763 2063 794 CASTITATEM

1244 852 1336 884 Supra.
1355 859 1401 884 qu·
1420 858 1508 876 exun-

307 963 366 998 lffi,
406 969 452 992 «ὅ
491 954 513 979 ι)
534 953 709 984 QUARTUM
729 953 783 978 s1c
803 952 1046 978 paoeenrrua.
1066 940 1228 978 Videtur
1248 941 1352 989 quod
1378 939 1380 982 ξ
1407 940 1546 977 dantur
1579 940 1758 977 homines
1787 940 1834 976 de
1871 939 2017 976 actibus
2051 940 2246 987 venereis,
2276 948 2318 977 ut
2350 942 2479 988 Augu-

306 984 461 1055 5433&
491 995 672 1045 pudicitia
692 1007 771 1032 non
790 995 976 1044 pertineat
995 994 1207 1042 specialiter
1223 995 1270 1031 ad
1293 1006 1353 1030 ca·
1378 991 1380 1028 Ξ
1407 994 1526 1030 stinus
1547 993 1648 1040 dicit,
1665 993 1704 1029 in
1722 993 1813 1029 XlV
1828 993 1873 1028 de
1893 993 1972 1029 civ.
1989 994 2063 1029 Dei
2079 993 2119 1030 ²¹²:
2141 993 2179 1030 in
2198 1001 2348 1030 tantum
2370 994 2478 1042 quod

296 1045 406 1103 '4qu
433 1045 669 1089 ‘fstitatem
708 1048 810 1086 Dicit
844 1048 947 1084 enirn
983 1047 1239 1095 Augustinus,
1269 1046 1306 1083 in
1336 1046 1352 1083 I
1407 1046 1523 1082 etiam
1562 1045 1787 1083 concubitus
1826 1046 2050 1093 coniugalis,
2081 1046 2145 1094 qui
2179 1048 2377 1084 honestate
2412 1060 2480 1084 nu-

336 1075 537 1139 ssffikde
569 1103 649 1139 Civ.
679 1103 756 1139 Dei
772 1102 803 1148 ²¹²,
833 1102 940 1151 quod
962 1101 1147 1148 pudicitia
1167 1106 1223 1136 est
1239 1111 1352 1148 quae·
1406 1099 1574 1148 ptiarum
1613 1099 1836 1146 decoratur,
1875 1099 2110 1136 verecundia
2143 1112 2221 1136 non
2256 1109 2393 1138 careat.
2432 1102 2480 1138 Et

277 1155 366 1192 dam
395 1155 514 1192 virtus
541 1156 705 1193 animae.
736 1156 827 1192 Non
857 1166 948 1202 ergo
970 1161 1025 1190 est
1054 1153 1196 1201 aliquid
1217 1152 1266 1190 ad
1294 1165 1354 1189 ca·
1379 1152 1381 1203 ζ
1407 1153 1482 1189 hoc
1502 1152 1591 1189 ideo
1612 1152 1702 1201 quia
1721 1159 1849 1188 motus
1868 1152 2087 1199 genitalium
2115 1153 2382 1190 membrorum
2402 1166 2480 1190 non

277 1209 441 1245 stitatem
471 1209 676 1258 pertinens,
706 1209 773 1246 sed
804 1215 859 1244 est
886 1219 955 1256 per
987 1206 1154 1256 seipsam
1182 1206 1303 1242 virtus
1332 1218 1355 1242 a
1379 1210 1381 1256 f
1407 1205 1581 1242 subditur
1599 1210 1615 1232 Υ
1644 1205 1806 1254 imperio
1836 1205 2002 1248 rationis,
2033 1205 2128 1242 sicut
2156 1214 2284 1242 motus
2317 1207 2480 1244 aliorum

279 1261 448 1299 castitate
477 1262 663 1300 distincta.
1380 1258 1639 1308 lexteriorum
1688 1258 1968 1295 membrorum.
2019 1259 2311 1296 Verecundatur
2352 1268 2480 1297 autem

330 1327 370 1352 24
396 1312 640 1361 PRAETEREA,
664 1314 848 1363 pudicitia
877 1326 900 1350 a
923 1313 1072 1362 pudore
1109 1312 1258 1359 dicitur,
1289 1311 1355 1359 qui
1380 1309 1381 1350 ᾗ
1406 1312 1528 1348 homo
1558 1324 1638 1348 non
1667 1312 1793 1348 solum
1824 1312 1872 1348 de
1900 1311 1961 1348 illa
1991 1312 2172 1349 mixtione
2202 1325 2384 1360 venerea,
2414 1314 2481 1350 sed

279 1368 429 1406 videtur
456 1369 559 1406 idem
591 1381 673 1405 esse
701 1366 971 1405 verecundiae.
1003 1366 1080 1403 Sed
1107 1364 1353 1411 verecundia,
1379 1375 1381 1420 ἦ
1408 1365 1523 1402 etiam
1555 1365 1602 1402 de
1631 1364 1942 1413 quibuscumque
1973 1365 2087 1413 signis
2116 1366 2219 1402 eius:
2249 1374 2290 1402 ut
2309 1366 2482 1403 Philoso-

278 1421 493 1459 seeundum
530 1423 820 1459 Damascenum
854 1419 892 1465 *‚
933 1427 990 1456 est
1030 1419 1076 1456 de
1110 1419 1213 1467 turpi
1247 1424 1355 1455 actu:
1380 1429 1382 1470 ᾗ
1407 1419 1508 1467 phus
1538 1418 1638 1465 dicit,
1667 1419 1705 1454 in
1736 1419 1767 1454 Il
1796 1419 1904 1455 Rhet.
1926 1418 1946 1440 *
1974 1419 2023 1455 Et
2051 1419 2139 1456 ideo
2160 1419 2340 1468 pudicitia
2366 1428 2483 1456 atten-

278 1475 384 1524 quod
405 1480 423 1496 ²
451 1474 632 1512 convenit
661 1474 768 1511 omni
797 1473 896 1510 actui
924 1472 1078 1510 vitioso.
1112 1473 1216 1520 Ergo
1245 1471 1355 1520 pudi-
1380 1476 1381 1518 3
1407 1472 1508 1509 ditur
1535 1471 1691 1520 proprie
1728 1471 1826 1508 circa
1855 1483 2042 1508 venerea:
2079 1480 2114 1508 et
2142 1473 2347 1521 praecipue
2385 1473 2483 1510 circa

278 1527 364 1566 citia
392 1541 472 1566 non
499 1528 621 1577 magis
649 1527 813 1577 pertinet
841 1527 889 1564 ad
919 1526 1128 1563 castitatem
1157 1537 1275 1574 quam
1305 1525 1355 1562 ad
1380 1524 1382 1570 ζ
1408 1526 1515 1574 signa
1542 1537 1814 1571 venereorum,
1844 1525 1940 1562 sicut
1968 1533 2055 1562 sunt
2082 1534 2258 1574 aspectus
2286 1526 2482 1575 impudici,

276 1581 370 1619 alias
397 1582 569 1619 virtutes.
1380 1601 1382 1630 ζ
1409 1579 1541 1628 oscula
1563 1586 1599 1615 et
1622 1586 1756 1616 tactus.
1782 1579 1831 1615 Et
1851 1579 1939 1627 quia
1959 1579 2054 1615 haec
2074 1580 2196 1627 magis
2211 1580 2335 1616 solent
2350 1580 2483 1628 depre-

333 1636 368 1673 3.
389 1636 626 1681 Pmraam,
645 1634 904 1682 Philosophus
925 1623 1025 1680 dicit,
1046 1632 1085 1669 in
1110 1633 1159 1669 lII
1179 1632 1301 1670 Ethic.
1321 1631 1353 1679 *,
1380 1631 1382 1679 ξ
1407 1632 1538 1679 hendi,
1554 1632 1643 1669 ideo
1663 1631 1847 1681 pudicitia
1872 1632 1993 1680 magis
2014 1632 2164 1681 respicit
2182 1633 2403 1670 huiusmodi
2423 1646 2484 1670 ex-

313 955 405 986 «ιιι,

332 1122 337 1130 x

245 1681 251 1686 '
277 1688 383 1737 quod
413 1688 540 1725 omnis
569 1687 861 1737 intemperantia
888 1686 1114 1735 generaliter
1151 1694 1207 1723 est
1235 1685 1355 1723 maxi·
1380 1687 1382 1731 g
1407 1687 1548 1723 teriora
1572 1685 1700 1733 signa:
1731 1685 1881 1722 castitas
1911 1694 2039 1723 autem
2069 1686 2191 1734 magis
2220 1687 2344 1735 ipsam
2367 1699 2484 1724 vene—

39 2934 51 2946 ·
63 2933 101 2956 De
114 2933 198 2956 Casti&
213 2939 252 2962 qu.

38 2967 57 2988 ι,
71 2961 174 2983 conclu..
187 2967 211 2988 4.

277 1753 340 1779 me
360 1741 649 1791 exprobrabilis.
676 1742 754 1779 Sed
774 1741 824 1778 ad
843 1740 1067 1790 pudicitiam
1086 1739 1278 1788 pertinere
1298 1739 1355 1776 vi·
1380 1734 1382 1747 '
1408 1752 1515 1776 ream
1536 1739 1865 1776 commixtionem.
1892 1740 1941 1776 Et
1959 1739 2047 1776 ideo
2068 1740 2249 1788 pudicitia
2269 1740 2317 1777 ad
2339 1740 2485 1777 castita-

278 1795 388 1833 detur
416 1795 545 1844 fugere
583 1807 628 1832 ea
656 1807 757 1843 quae
795 1793 1075 1843 exprobrabilia
1112 1800 1210 1830 sunt.
1251 1793 1353 1841 Ergo
1407 1801 1486 1830 tem
1508 1792 1718 1838 ordinatur,
1739 1805 1818 1829 non
1839 1792 1948 1841 quasi
1977 1793 2096 1830 virtus
2117 1794 2165 1830 ab
2190 1794 2272 1842 ipsa
2297 1793 2482 1839 distincta,

276 1848 458 1898 pudicitia
486 1848 650 1898 pertinet
677 1848 727 1885 ad
751 1859 888 1885 omnes
916 1854 1044 1896 partes
1063 1846 1354 1895 temperantiae,
1380 1855 1381 1858 ’
1407 1846 1476 1884 sed
1491 1846 1587 1883 sicut
1601 1845 1821 1894 exprimens
1836 1845 2014 1882 castitatis
2030 1846 2353 1884 circumstantiam
2365 1859 2483 1896 quan-

277 1914 356 1940 non
385 1910 515 1939 autem
544 1901 758 1951 specialiter
785 1901 835 1938 ad
864 1900 1087 1937 castitatem.
1409 1900 1512 1937 dam.
1550 1899 1745 1936 Interdum
1767 1907 1896 1935 tamen
1916 1911 2037 1936 unum
2056 1912 2127 1948 pro
2149 1900 2222 1937 alio
2242 1900 2408 1948 ponitur.

334 1956 409 1992 SED
429 1967 578 1993 CONTRA
597 1966 664 1991 EST
682 1955 787 2004 quod
808 1953 1044 2002 Augustinus
1074 1952 1174 2000 dicit,
1196 1953 1235 1990 in
1258 1952 1354 1989 libro
1379 1959 1381 1978 ³
1461 1955 1521 1990 An
1549 1964 1688 1990 ramum
1708 1964 1807 1989 ERGO
1827 1964 2012 1990 DICENDUM
2042 1953 2147 2002 quod
2167 1954 2403 2001 Augustinus
2432 1953 2484 1990 ibi

277 2009 324 2045 de
341 2008 629 2046 Perseverantia
649 2007 688 2044 ²¹⁸.-
714 2008 979 2045 Praedicanda
1008 2011 1062 2044 est
1083 2006 1288 2055 pudicitia:
1315 2011 1356 2042 ut
1379 2045 1381 2052 ,
1408 2005 1545 2055 accipit
1572 2005 1796 2055 pudicitiam
1825 2018 1896 2054 pro
1927 2006 2107 2043 castitate.

277 2062 327 2099 ab
355 2073 399 2098 eo
428 2062 495 2111 qui
519 2063 632 2099 habet
657 2073 771 2098 aures
796 2061 986 2106 audiendi,
1007 2061 1101 2097 nihil
1126 2059 1355 2110 genitalibus
1379 2053 1382 2082 ὅ
1461 2061 1521 2097 An
1550 2071 1741 2097 SECUNDUM
1771 2071 1956 2096 DlCENDUM
1986 2061 2107 2108 quod,
2139 2060 2319 2108 quamvis
2353 2059 2484 2096 omnia

278 2116 458 2153 membris
485 2115 654 2152 illicitum
687 2120 936 2163 perpetretur.
975 2114 1050 2151 Sed
1086 2125 1179 2150 usus
1214 2113 1356 2161 genita·
1407 2113 1499 2150 vitia
1527 2113 1695 2149 habeant
1722 2112 1997 2161 turpitudinem
2027 2114 2243 2162 quandam,
2274 2113 2486 2162 specialiter

278 2168 372 2207 lium
404 2169 672 2206 membrorum
696 2168 850 2217 proprie
878 2167 1040 2216 pertinet
1059 2166 1109 2203 ad
1129 2166 1352 2204 castitatem.
1380 2166 1382 2178 ³
1407 2174 1538 2203 tamen
1567 2165 1660 2202 vitia
1687 2166 2018 2214 intemperantiae,
2047 2174 2090 2203 ut
2119 2179 2164 2203 ex
2192 2179 2308 2215 supra
2329 2166 2349 2188 ’¹⁸
2378 2166 2486 2203 dictis

279 2223 382 2271 Ergo
410 2222 594 2271 pudicitia
621 2221 778 2270 proprie
807 2221 856 2258 ad
885 2220 1096 2257 castitatem
1124 2219 1298 2268 pertinet.
1381 2249 1382 2269 3
1409 2227 1525 2268 patet.

332 2277 560 2313 Responnao
583 2286 771 2312 mezur-um
799 2274 925 2323 quod,
951 2273 1047 2310 sicut
1076 2272 1218 2310 dictum
1249 2280 1305 2309 est
1322 2273 1354 2320 ²¹⁸,
1381 2293 1383 2326 2
1463 2274 1524 2309 An
1551 2283 1713 2308 TERTmM
1742 2284 1928 2309 DICENDUM
1967 2271 2074 2321 quod
2102 2272 2199 2309 inter
2225 2272 2317 2309 vitia
2351 2273 2486 2310 intem-

279 2341 424 2366 nomen
445 2328 654 2378 pudicitiae
680 2340 702 2364 a
723 2328 875 2376 pudore
903 2327 1078 2372 sumitur,
1109 2326 1147 2363 in
1181 2338 1260 2374 quo
1288 2338 1355 2363 ve·
1381 2353 1383 2370 5
1408 2325 1604 2375 perantiae
1641 2325 1847 2374 praecipue
1885 2332 1972 2362 sunt
2015 2325 2293 2374 exprobrabilia
2331 2334 2487 2375 peccata

278 2381 459 2420 recundia
488 2381 733 2430 significatur.
772 2382 820 2418 Et
849 2381 937 2418 ideo
967 2387 1120 2429 oportet
1153 2379 1259 2429 quod
1287 2392 1357 2428 pu·
1381 2380 1383 2421 l
1408 2391 1588 2416 venerea.
1619 2379 1724 2415 Tum
1753 2386 1911 2427 propter
1938 2379 2239 2416 inobedientiam
2265 2380 2484 2428 genitalium

278 2435 400 2474 dicitia
438 2435 592 2485 proprie
621 2435 668 2472 sit
696 2435 795 2472 circa
823 2434 885 2471 illa
918 2435 966 2472 de
1002 2434 1143 2483 quibus
1178 2433 1356 2470 homines
1382 2430 1383 2470 l
1411 2433 1693 2469 membrorum.
1733 2433 1838 2469 Tum
1876 2440 2033 2481 propter
2070 2433 2146 2469 hoc
2174 2434 2279 2481 quod
2314 2433 2408 2470 ratio
2438 2434 2486 2470 ab

279 2489 400 2537 magis
420 2487 435 2518 β
463 2488 786 2526 verecundantur.
816 2487 987 2525 Maxime
1016 2495 1144 2533 autem
1170 2499 1357 2524 verecun-
1382 2496 1384 2531 ξ
1410 2486 1633 2523 huiusmodi
1664 2486 1832 2522 maxime
1861 2486 2099 2523 absorbetur.

332 2630 360 2660 α)
379 2629 459 2661 quod.
472 2642 492 2648 -
509 2636 575 2662 ergo
594 2629 666 2661 quod
683 2629 777 2662 BFpC,
795 2635 861 2662 ergo
882 2629 928 2661 qui
946 2629 978 2658 D.
996 2629 1061 2661 quia
1081 2629 1113 2659 Η,
1132 2636 1198 2662 ergo
1218 2628 1284 2653 LsC.
1464 2627 1492 2660 γ)
1511 2627 1645 2652 subditur.
1659 2641 1677 2645 -
1694 2626 1835 2651 subiicitur
1854 2626 1901 2650 Pa.

333 2663 358 2697 β)
379 2665 474 2698 magis.
488 2678 507 2683 -
524 2664 645 2689 maxime
663 2664 723 2696 Ppc
742 2669 768 2689 et
785 2671 811 2694 a,
829 2672 884 2690 om.
903 2665 962 2689 ΑΗ.
1382 2632 1386 2697 1

961 2752 1295 2785 Commentaria
1318 2751 1572 2785 Oardinalis
1594 2751 1797 2784 Caietam

309 2853 329 2874 N
352 2842 487 2874 articulo
521 2848 636 2883 quarto
669 2841 813 2871 eiusdem
841 2841 1037 2882 quaestionis
1069 2836 1382 2881 centesimaequin-‘fl
1463 2840 1500 2871 11.
1525 2840 1577 2870 Ad
1601 2840 1688 2876 haec,
1706 2839 1865 2880 quidquid
1889 2838 2056 2875 Martium,
2073 2838 2246 2878 glossando
2263 2839 2314 2869 vel
2329 2839 2483 2869 trahendo

283 2855 639 2929 Iquagesimaeprimae
664 2885 800 2916 dubium
823 2895 860 2916 ex
882 2885 1020 2916 Martino
1045 2885 1198 2922 occurrit,
1224 2885 1279 2916 ubi
1303 2895 1356 2915 su-
1380 2872 1382 2927 !
1407 2885 1448 2915 ad
1471 2894 1505 2915 se
1528 2886 1714 2920 Auctorem,
1740 2883 1860 2920 dixerit,
1876 2884 2087 2923 respondetur
2106 2884 2196 2924 quod
2219 2883 2381 2923 pudicitia,
2399 2883 2485 2923 apud

279 2943 335 2973 pra
349 2932 377 2969 *,
402 2938 553 2972 arguente
577 2937 688 2961 contra
711 2930 903 2970 assignatam
927 2929 1164 2960 distinctionem
1183 2929 1356 2969 pudicitiae
1380 2942 1382 2948 ι
1407 2931 1595 2965 Auctorem,
1616 2935 1663 2959 est
1687 2928 1768 2959 circa
1791 2935 1937 2968 utraque,
1954 2927 2072 2958 scilicet
2095 2928 2183 2968 signa
2208 2934 2238 2958 et
2262 2934 2368 2958 actum
2392 2937 2485 2958 vene-

279 2987 299 3008 a
321 2976 479 3012 castitate,
504 2982 534 3006 et
558 2975 681 3006 dicente
705 2975 795 3015 quod
818 2974 896 3005 haec
927 2974 1039 3014 opinio
1071 2984 1138 3004 non
1160 2974 1286 3004 videtur
1309 2983 1356 3004 ra·
1380 2950 1382 2995 l
1408 2982 1518 3004 reum:
1550 2980 1581 3004 et
1608 2972 1752 3003 similiter
1782 2972 1906 3003 castitas
1938 2979 1984 3003 est
2016 2972 2097 3003 circa
2127 2979 2272 3012 utraque.
2303 2971 2485 3002 Differentia

278 3020 458 3057 donabilis,
483 3030 542 3051 nec
565 3019 656 3050 dictis
681 3019 824 3050 eiusdem
847 3019 998 3049 Doctoris
1025 3018 1058 3048 in
1082 3019 1197 3049 eodem
1222 3018 1357 3049 articulo
1410 3027 1485 3057 ergo
1516 3027 1582 3048 non
1614 3026 1660 3049 est
1684 3027 1721 3048 ex
1752 3017 1828 3053 hoc,
1856 3017 1996 3048 Castitas
2024 3018 2111 3047 circa
2134 3022 2253 3053 actum,
2279 3021 2310 3046 et
2325 3016 2484 3056 pudicitia

280 3075 432 3097 consona.
461 3065 503 3095 Et
525 3065 668 3105 arguitur
694 3064 749 3095 sic.
780 3063 936 3094 Pudicitia
954 3069 1001 3093 est
1024 3063 1063 3093 de
1086 3062 1148 3093 illis
1172 3062 1294 3093 actibus
1317 3063 1357 3093 de
1382 3070 1383 3075 ¹
1409 3063 1496 3093 circa
1515 3063 1624 3103 signa,
1643 3069 1678 3093 ut
1703 3061 1806 3101 prima
1829 3068 1860 3092 et
1883 3061 1973 3092 tertia
1997 3061 2134 3092 obiectio
2158 3060 2328 3101 supponit:
2359 3067 2389 3091 et
2412 3070 2485 3100 pro-

280 3110 398 3151 quibus
421 3109 570 3140 homines
593 3109 731 3139 maxime
746 3108 1010 3139 verecundantur.
1035 3107 1097 3138 Sed
1120 3107 1270 3138 homines
1289 3117 1358 3137 ma·
1409 3113 1516 3146 pterea
1539 3117 1606 3137 non
1640 3112 1767 3147 oportet
1795 3116 1846 3136 eas
1871 3106 1959 3136 aliter
1989 3106 2125 3141 solvere,
2155 3105 2230 3145 quia
2261 3115 2298 3134 ex
2321 3104 2380 3135 hac
2408 3104 2486 3135 falsa

281 3154 328 3194 gis
344 3154 598 3184 verecundantur
615 3153 654 3184 de
678 3153 799 3184 actibus
815 3152 957 3183 venereis
981 3162 1080 3193 quam
1104 3152 1143 3182 de
1162 3151 1284 3182 actibus
1300 3151 1356 3192 qui
1408 3151 1637 3191 imaginatione
1668 3150 1856 3190 procedunt.
1885 3150 1945 3181 Sed
1971 3149 2143 3180 differentia
2171 3156 2234 3185 est,
2260 3156 2295 3179 ut
2321 3149 2353 3178 in
2383 3148 2486 3180 littera

282 3205 357 3229 sunt
379 3198 468 3238 signa
490 3207 711 3229 venereorum.
737 3198 822 3237 Ergo
843 3196 995 3237 pudicitia
1012 3203 1059 3227 est
1082 3196 1182 3236 magis
1206 3195 1286 3226 circa
1305 3205 1356 3226 ve·
1410 3195 1534 3231 dicitur,
1558 3195 1591 3225 in
1615 3195 1834 3234 explicatione.
1860 3194 1945 3231 Quia
1969 3194 2120 3234 pudicitia
2145 3194 2279 3233 explicat
2301 3193 2402 3233 magis
2425 3193 2485 3223 vir-

282 3252 395 3273 nereos
419 3249 508 3273 actus
530 3252 629 3283 quam
653 3242 735 3272 circa
758 3242 847 3283 signa
874 3251 998 3272 eorum.
1022 3258 1043 3264 —
1067 3240 1170 3270 Maior
1193 3247 1239 3271 est
1258 3240 1357 3271 sancti
1408 3246 1511 3270 tutem
1534 3239 1622 3270 illam
1646 3239 1755 3280 quoad
1772 3239 1871 3278 signa,
1889 3245 2019 3279 propter
2042 3239 2119 3269 duo.
2147 3238 2256 3268 Primo
2275 3237 2369 3278 quia,
2394 3245 2430 3269 ut
2451 3237 2485 3268 in

283 3286 440 3317 Thomae.
465 3286 572 3317 Minor
595 3293 643 3317 est
661 3296 718 3327 per
733 3296 765 3317 se
788 3296 872 3317 vera.
898 3285 1075 3317 Conclusio
1092 3291 1139 3315 est
1158 3291 1268 3315 contra
1290 3287 1358 3315 Au·
1382 3291 1384 3303 ¹
1408 3283 1511 3314 littera
1528 3283 1652 3319 dicitur,
1677 3283 1767 3323 signa
1789 3283 1890 3322 magis
1910 3283 2013 3313 solent
2036 3282 2243 3322 deprehendi:
2273 3292 2309 3312 ac
2332 3291 2389 3322 per
2411 3282 2484 3318 hoc,

284 3339 416 3362 ctorem.
1382 3326 1384 3372 ξ
1410 3335 1485 3358 sunt
1508 3328 1609 3367 magis
1633 3327 1764 3358 materia
1788 3327 1994 3357 occasionans
2018 3327 2187 3366 pudorem,
2212 3326 2268 3367 qui
2293 3326 2438 3357 consistit
2452 3326 2485 3356 in

339 3373 498 3411 Secundo,
524 3374 599 3415 quia
622 3375 799 3406 secundum
823 3375 1064 3414 Hugutionem,
1090 3373 1240 3414 pudicitia
1264 3373 1359 3403 habet
1382 3374 1384 3415 j
1410 3373 1471 3403 hoc
1495 3372 1584 3412 quod
1608 3379 1700 3412 turpe
1724 3371 1961 3408 manifestatur;
1990 3371 2207 3402 erubescentia
2230 3369 2316 3401 enim
2340 3378 2484 3411 respectu

285 3418 475 3450 contrariam
503 3417 776 3458 significationem.
1383 3416 1384 3423 ¹
1410 3417 1548 3447 aliorum
1572 3423 1627 3447 est.
1652 3416 1811 3452 Secundo,
1836 3415 1912 3456 quia
1935 3416 2042 3455 pudor
2065 3415 2250 3456 simpliciter
2265 3425 2331 3445 non
2356 3422 2402 3445 est
2425 3415 2484 3444 nisi

341 3462 462 3493 Tertio.
487 3462 520 3493 Si
535 3462 687 3503 pudicitia
703 3470 784 3494 esset
799 3463 869 3494 talis
884 3463 994 3499 virtus,
1011 3470 1087 3493 tunc
1104 3469 1198 3493 staret
1217 3461 1357 3503 aliquem
1383 3472 1385 3507 ς
1411 3471 1444 3491 se
1468 3461 1615 3491 extendat
1645 3461 1685 3490 ad
1715 3460 1819 3501 signa:
1855 3470 1972 3500 parvus
2002 3460 2088 3490 enim
2117 3469 2328 3500 personarum
2357 3459 2485 3489 illarum

285 3518 352 3538 esse
376 3506 532 3547 pudicum
555 3513 586 3537 et
609 3517 676 3536 non
700 3513 832 3544 castum,
851 3514 930 3547 puta
946 3515 1028 3538 recte
1053 3517 1086 3538 se
1105 3507 1253 3537 habendo
1277 3507 1357 3537 circa
1383 3508 1385 3550 ξ
1411 3506 1517 3546 pudor
1540 3512 1587 3535 est
1609 3515 1691 3546 quae
1707 3505 1745 3535 de
1765 3505 1835 3535 solo
1855 3511 1926 3535 actu
1946 3514 2082 3535 venereo
2107 3505 2306 3535 erubescunt.
2331 3503 2485 3534 Pudicitia

285 3552 373 3592 signa
398 3559 428 3582 et
453 3551 534 3581 male
559 3550 639 3581 circa
663 3558 766 3581 actum
791 3561 978 3588 venereum;
1003 3559 1034 3583 et
1053 3558 1191 3582 econtra
1216 3561 1283 3582 esse
1306 3561 1356 3581 ca·
1383 3557 1385 3587 ξ
1412 3560 1487 3590 ergo
1513 3549 1696 3590 simpliciter
1719 3559 1784 3580 non
1809 3555 1855 3579 est
1878 3549 1938 3579 nisi
1963 3549 2001 3579 ad
2031 3549 2119 3589 signa
2142 3559 2351 3579 venereorum
2379 3558 2410 3578 se
2435 3557 2483 3576 ex-

286 3603 372 3627 stum
397 3603 426 3627 et
449 3595 661 3636 impudicum,
686 3595 833 3625 habendo
857 3605 890 3626 se
913 3596 1065 3636 opposito
1090 3596 1199 3626 modo.
1384 3598 1386 3635 l
1412 3595 1520 3626 tendat
1551 3594 1751 3625 continenda.
1777 3611 1798 3617 -
1822 3593 1957 3625 Castitas
1987 3601 2114 3630 autem,
2140 3604 2157 3624 a
2185 3594 2396 3634 castigatione
2428 3601 2483 3630 ap-

2505 418 2514 428 ⁸
2525 418 2560 439 ef.
2575 418 2672 439 Aristot.
2684 418 2715 438 E-

2505 444 2558 465 mic.
2568 444 2606 465 lib.
2616 443 2654 468 111,
2665 450 2691 465 ca
2711 461 2715 464 .

2506 477 2542 496 ιιι,
2564 477 2586 491 n.
2608 477 2640 491 ιο.
2662 482 2671 486 -

2505 497 2548 518 Th.
2565 498 2615 518 lect.
2628 503 2662 518 ιιι.

2507 1003 2516 1012 ⁸
2531 1002 2589 1030 Cap.
2604 1007 2667 1023 xvrn.

2511 1434 2520 1443 ⁸
2535 1433 2591 1460 Cap.
2607 1438 2642 1459 vi,
2656 1438 2678 1453 n.
2694 1437 2721 1453 αι.

2514 2176 2524 2185 ”
2537 2175 2585 2202 Qu.
2598 2180 2668 2201 exul,
2683 2179 2726 2196 art.

2512 2209 2535 2228 4.
