<?xml version="1.0" encoding="UTF-8"?>
<!DOCTYPE html PUBLIC "-//W3C//DTD XHTML 1.0 Transitional//EN"
    "http://www.w3.org/TR/xhtml1/DTD/xhtml1-transitional.dtd">
<html xmlns="http://www.w3.org/1999/xhtml" xml:lang="en" lang="en">
 <head>
  <title>
</title>
<meta http-equiv="Content-Type" content="text/html;charset=utf-8" />
  <meta name='ocr-system' content='tesseract 3.04.00' />
  <meta name='ocr-capabilities' content='ocr_page ocr_carea ocr_par ocr_line ocrx_word'/>
</head>
<body>
  <div class='ocr_page' id='page_1' title='image "./operaomniaiussui10thom/operaomniaiussui10thom_0383.png"; bbox 0 0 2768 4198; ppageno 0'>
   <div class='ocr_carea' id='block_1_1' title="bbox 950 293 2465 343">
    <p class='ocr_par' dir='ltr' id='par_1_1' title="bbox 950 293 2465 343">
     <span class='ocr_line' id='line_1_1' title="bbox 950 293 2465 343; baseline 0.002 -14"><span class='ocrx_word' id='word_1_1' title='bbox 950 293 1219 339; x_wconf 73' lang='lat' dir='ltr'><em>QUAEsrlo</em></span> <span class='ocrx_word' id='word_1_2' title='bbox 1249 293 1404 342; x_wconf 87' lang='lat' dir='ltr'>CLXV,</span> <span class='ocrx_word' id='word_1_3' title='bbox 1434 295 1732 333; x_wconf 81' lang='lat' dir='ltr'><em>ART1cuLus</em></span> <span class='ocrx_word' id='word_1_4' title='bbox 1763 297 1793 332; x_wconf 92' lang='lat'><em>11</em></span> <span class='ocrx_word' id='word_1_5' title='bbox 2395 298 2465 343; x_wconf 84' lang='lat'><em>341</em></span> 
     </span>
    </p>
   </div>
   <div class='ocr_carea' id='block_1_2' title="bbox 336 371 2472 421">
    <p class='ocr_par' dir='ltr' id='par_1_2' title="bbox 336 371 2472 421">
     <span class='ocr_line' id='line_1_2' title="bbox 336 371 2472 421; baseline 0.001 -12"><span class='ocrx_word' id='word_1_6' title='bbox 336 373 385 409; x_wconf 93' lang='lat' dir='ltr'><em>Et</em></span> <span class='ocrx_word' id='word_1_7' title='bbox 413 373 508 408; x_wconf 87' lang='lat' dir='ltr'><em>sicut</em></span> <span class='ocrx_word' id='word_1_8' title='bbox 535 373 769 419; x_wconf 85' lang='lat' dir='ltr'><strong>Augustinus</strong></span> <span class='ocrx_word' id='word_1_9' title='bbox 800 371 898 418; x_wconf 87' lang='lat' dir='ltr'><em>dicit,</em></span> <span class='ocrx_word' id='word_1_10' title='bbox 928 372 965 408; x_wconf 90' lang='lat' dir='ltr'><em>in</em></span> <span class='ocrx_word' id='word_1_11' title='bbox 995 372 1090 409; x_wconf 91' lang='lat' dir='ltr'><em>libro</em></span> <span class='ocrx_word' id='word_1_12' title='bbox 1119 384 1232 421; x_wconf 88' lang='lat' dir='ltr'><em>super</em></span> <span class='ocrx_word' id='word_1_13' title='bbox 1255 372 1347 409; x_wconf 88' lang='lat' dir='ltr'><strong><em>Gen.</em></strong></span> <span class='ocrx_word' id='word_1_14' title='bbox 1375 373 1378 417; x_wconf 75' lang='lat' dir='ltr'><em>l</em></span> <span class='ocrx_word' id='word_1_15' title='bbox 1404 373 1525 410; x_wconf 86' lang='lat' dir='ltr'><em>citur:</em></span> <span class='ocrx_word' id='word_1_16' title='bbox 1566 390 1585 407; x_wconf 88' lang='lat'>«</span> <span class='ocrx_word' id='word_1_17' title='bbox 1617 376 1777 412; x_wconf 85' lang='lat' dir='ltr'><em>Terram</em></span> <span class='ocrx_word' id='word_1_18' title='bbox 1817 375 1988 411; x_wconf 83' lang='lat' dir='ltr'><strong><em>comedes</em></strong></span> <span class='ocrx_word' id='word_1_19' title='bbox 2027 375 2168 412; x_wconf 89' lang='lat' dir='ltr'><em>cunctis</em></span> <span class='ocrx_word' id='word_1_20' title='bbox 2208 375 2337 412; x_wconf 86' lang='lat' dir='ltr'><em>diebus</em></span> <span class='ocrx_word' id='word_1_21' title='bbox 2374 375 2472 411; x_wconf 84' lang='lat' dir='ltr'><em>vitae</em></span> 
     </span>
    </p>
   </div>
   <div class='ocr_carea' id='block_1_3' title="bbox 39 421 2472 478">
    <p class='ocr_par' dir='ltr' id='par_1_3' title="bbox 39 421 2472 478">
     <span class='ocr_line' id='line_1_3' title="bbox 39 421 2472 478; baseline 0.001 -15"><span class='ocrx_word' id='word_1_22' title='bbox 39 435 254 464; x_wconf 70' lang='lat' dir='ltr'><em>*Lib-11.oep-xv¹¹.</em></span> <span class='ocrx_word' id='word_1_23' title='bbox 280 431 411 463; x_wconf 90' lang='lat' dir='ltr'><em>contra</em></span> <span class='ocrx_word' id='word_1_24' title='bbox 444 425 694 462; x_wconf 87' lang='lat' dir='ltr'><em>Manichaeos</em></span> <span class='ocrx_word' id='word_1_25' title='bbox 718 424 758 471; x_wconf 71' lang='lat'><em>²¹⁸,</em></span> <span class='ocrx_word' id='word_1_26' title='bbox 789 436 889 461; x_wconf 89' lang='lat' dir='ltr'><em>nunc</em></span> <span class='ocrx_word' id='word_1_27' title='bbox 924 425 1072 473; x_wconf 86' lang='lat' dir='ltr'><em>quidem</em></span> <span class='ocrx_word' id='word_1_28' title='bbox 1109 426 1187 462; x_wconf 89' lang='lat' dir='ltr'><em>eius</em></span> <span class='ocrx_word' id='word_1_29' title='bbox 1209 438 1348 474; x_wconf 88' lang='lat' dir='ltr'><em>poena,</em></span> <span class='ocrx_word' id='word_1_30' title='bbox 1375 421 1377 462; x_wconf 62' lang='lat'>3</span> <span class='ocrx_word' id='word_1_31' title='bbox 1402 431 1490 463; x_wconf 92' lang='lat' dir='ltr'><em>tuae</em></span> <span class='ocrx_word' id='word_1_32' title='bbox 1511 443 1544 473; x_wconf 81' lang='grc'><em>»,</em></span> <span class='ocrx_word' id='word_1_33' title='bbox 1574 429 1718 464; x_wconf 84' lang='lat' dir='ltr'><em>duobus</em></span> <span class='ocrx_word' id='word_1_34' title='bbox 1746 428 1867 464; x_wconf 88' lang='lat' dir='ltr'><em>modis</em></span> <span class='ocrx_word' id='word_1_35' title='bbox 1895 428 2054 478; x_wconf 82' lang='lat' dir='ltr'><em>intelligi</em></span> <span class='ocrx_word' id='word_1_36' title='bbox 2073 434 2206 476; x_wconf 85' lang='lat' dir='ltr'><em>potest.</em></span> <span class='ocrx_word' id='word_1_37' title='bbox 2242 428 2326 465; x_wconf 85' lang='lat' dir='ltr'><em>Vel:</em></span> <span class='ocrx_word' id='word_1_38' title='bbox 2353 429 2416 464; x_wconf 78' lang='lat' dir='ltr'><em>Ad</em></span> <span class='ocrx_word' id='word_1_39' title='bbox 2438 434 2472 464; x_wconf 90' lang='lat' dir='ltr'><em>te</em></span> 
     </span>
    </p>
   </div>
   <div class='ocr_carea' id='block_1_4' title="bbox 38 468 102 483">
    <p class='ocr_par' dir='ltr' id='par_1_4' title="bbox 38 468 102 483">
     <span class='ocr_line' id='line_1_4' title="bbox 38 468 102 483; baseline 0 0"><span class='ocrx_word' id='word_1_40' title='bbox 38 468 102 483; x_wconf 80' lang='lat' dir='ltr'><em>xvm.</em></span> 
     </span>
    </p>
   </div>
   <div class='ocr_carea' id='block_1_5' title="bbox 35 960 220 990">
    <p class='ocr_par' dir='ltr' id='par_1_5' title="bbox 35 960 220 990">
     <span class='ocr_line' id='line_1_5' title="bbox 35 960 220 990; baseline -0.011 -5"><span class='ocrx_word' id='word_1_41' title='bbox 35 961 47 974; x_wconf 77' lang='lat'>⁸</span> <span class='ocrx_word' id='word_1_42' title='bbox 58 960 122 984; x_wconf 73' lang='lat' dir='ltr'><em>Lxx</em></span> <span class='ocrx_word' id='word_1_43' title='bbox 135 961 220 990; x_wconf 72' lang='lat' dir='ltr'><em>lmen-p.</em></span> 
     </span>
    </p>
   </div>
   <div class='ocr_carea' id='block_1_6' title="bbox 33 1690 210 1720">
    <p class='ocr_par' dir='ltr' id='par_1_6' title="bbox 33 1690 210 1720">
     <span class='ocr_line' id='line_1_6' title="bbox 33 1690 210 1720; baseline -0.011 0"><span class='ocrx_word' id='word_1_44' title='bbox 33 1690 210 1720; x_wconf 55' lang='lat' dir='ltr'><em>&#39;Ruth-⁶¹4-</em></span> 
     </span>
    </p>
   </div>
   <div class='ocr_carea' id='block_1_7' title="bbox 34 1777 199 1802">
    <p class='ocr_par' dir='ltr' id='par_1_7' title="bbox 34 1777 199 1802">
     <span class='ocr_line' id='line_1_7' title="bbox 34 1777 199 1802; baseline -0.012 1"><span class='ocrx_word' id='word_1_45' title='bbox 34 1779 45 1790; x_wconf 75' lang='lat'><strong>·</strong></span> <span class='ocrx_word' id='word_1_46' title='bbox 58 1777 96 1802; x_wconf 78' lang='lat' dir='ltr'><em>ef.</em></span> <span class='ocrx_word' id='word_1_47' title='bbox 111 1781 163 1801; x_wconf 80' lang='lat' dir='ltr'><em>not.</em></span> <span class='ocrx_word' id='word_1_48' title='bbox 176 1785 199 1802; x_wconf 85' lang='grc' dir='ltr'><em>ο.</em></span> 
     </span>
    </p>
   </div>
   <div class='ocr_carea' id='block_1_8' title="bbox 0 2325 15 2677">
    <p class='ocr_par' dir='ltr' id='par_1_8' title="bbox 0 2325 15 2677">
     <span class='ocr_line' id='line_1_8' title="bbox 0 2325 15 2677; textangle 90"><span class='ocrx_word' id='word_1_49' title='bbox 0 2539 15 2677; x_wconf 47' lang='grc' dir='ltr'><em>ἐΜ-Ἷξγπ-’Ἷ</em></span> <span class='ocrx_word' id='word_1_50' title='bbox 0 2457 9 2527; x_wconf 58' lang='lat' dir='ltr'><em>*ww-7·</em></span> <span class='ocrx_word' id='word_1_51' title='bbox 0 2410 4 2443; x_wconf 59' lang='lat' dir='ltr'><em>vv</em></span> <span class='ocrx_word' id='word_1_52' title='bbox 0 2377 5 2390; x_wconf 65' lang='grc' dir='ltr'><em>»ν</em></span> <span class='ocrx_word' id='word_1_53' title='bbox 0 2325 5 2338; x_wconf 62' lang='lat' dir='ltr'><em>-v</em></span> 
     </span>
    </p>
   </div>
   <div class='ocr_carea' id='block_1_9' title="bbox 0 2681 15 2880">
    <p class='ocr_par' dir='ltr' id='par_1_9' title="bbox 0 2681 15 2880">
     <span class='ocr_line' id='line_1_9' title="bbox 0 2681 15 2880; textangle 90"><span class='ocrx_word' id='word_1_54' title='bbox 0 2864 5 2880; x_wconf 57' lang='lat'>⁰</span> <span class='ocrx_word' id='word_1_55' title='bbox 0 2775 15 2857; x_wconf 42' lang='lat' dir='ltr'><em>*Wffl‘</em></span> <span class='ocrx_word' id='word_1_56' title='bbox 0 2724 13 2770; x_wconf 45' lang='grc' dir='ltr'><em>*π’</em></span> <span class='ocrx_word' id='word_1_57' title='bbox 0 2681 8 2712; x_wconf 76' lang='grc'><em>’”“’</em></span> 
     </span>
    </p>
   </div>
   <div class='ocr_carea' id='block_1_10' title="bbox 269 463 2474 1272">
    <p class='ocr_par' dir='ltr' id='par_1_10' title="bbox 269 463 2474 1272">
     <span class='ocr_line' id='line_1_10' title="bbox 280 463 2474 530; baseline 0.001 -15"><span class='ocrx_word' id='word_1_58' title='bbox 280 479 377 515; x_wconf 90' lang='lat' dir='ltr'><em>idest</em></span> <span class='ocrx_word' id='word_1_59' title='bbox 397 477 550 524; x_wconf 86' lang='lat' dir='ltr'><em>diaboli,</em></span> <span class='ocrx_word' id='word_1_60' title='bbox 570 478 707 514; x_wconf 87' lang='lat' dir='ltr'><em>dicitur</em></span> <span class='ocrx_word' id='word_1_61' title='bbox 725 489 800 525; x_wconf 81' lang='lat' dir='ltr'><em>qua</em></span> <span class='ocrx_word' id='word_1_62' title='bbox 827 478 934 514; x_wconf 86' lang='lat' dir='ltr'><em>nohis</em></span> <span class='ocrx_word' id='word_1_63' title='bbox 958 480 1147 515; x_wconf 77' lang='lat' dir='ltr'><em>cavendus</em></span> <span class='ocrx_word' id='word_1_64' title='bbox 1170 485 1244 515; x_wconf 90' lang='lat' dir='ltr'><em>est:</em></span> <span class='ocrx_word' id='word_1_65' title='bbox 1273 491 1347 515; x_wconf 92' lang='lat' dir='ltr'><em>non</em></span> <span class='ocrx_word' id='word_1_66' title='bbox 1375 463 1377 528; x_wconf 65' lang='grc' dir='ltr'>Ῑ</span> <span class='ocrx_word' id='word_1_67' title='bbox 1397 481 1637 527; x_wconf 87' lang='lat' dir='ltr'><em>pertinebunt</em></span> <span class='ocrx_word' id='word_1_68' title='bbox 1659 493 1752 529; x_wconf 85' lang='lat' dir='ltr'><em>quos</em></span> <span class='ocrx_word' id='word_1_69' title='bbox 1773 487 1922 518; x_wconf 89' lang='lat' dir='ltr'><em>terrena</em></span> <span class='ocrx_word' id='word_1_70' title='bbox 1942 481 2142 530; x_wconf 86' lang='lat' dir='ltr'><em>cupiditate</em></span> <span class='ocrx_word' id='word_1_71' title='bbox 2159 482 2360 529; x_wconf 83' lang='lat' dir='ltr'><em>deceperis,</em></span> <span class='ocrx_word' id='word_1_72' title='bbox 2381 482 2474 518; x_wconf 88' lang='lat' dir='ltr'><em>idest</em></span> 
     </span>
     <span class='ocr_line' id='line_1_11' title="bbox 279 530 2473 584; baseline 0.001 -16"><span class='ocrx_word' id='word_1_73' title='bbox 279 544 323 568; x_wconf 90' lang='lat' dir='ltr'><em>ea</em></span> <span class='ocrx_word' id='word_1_74' title='bbox 353 543 450 580; x_wconf 79' lang='lat' dir='ltr'><em>quae</em></span> <span class='ocrx_word' id='word_1_75' title='bbox 479 530 608 567; x_wconf 89' lang='lat' dir='ltr'><em>ultimo</em></span> <span class='ocrx_word' id='word_1_76' title='bbox 627 530 763 567; x_wconf 88' lang='lat' dir='ltr'><em>iudicio</em></span> <span class='ocrx_word' id='word_1_77' title='bbox 792 537 1019 568; x_wconf 80' lang='lat' dir='ltr'><em>reservatur.</em></span> <span class='ocrx_word' id='word_1_78' title='bbox 1049 533 1123 568; x_wconf 87' lang='lat' dir='ltr'><em>Per</em></span> <span class='ocrx_word' id='word_1_79' title='bbox 1151 533 1225 568; x_wconf 94' lang='lat' dir='ltr'><em>hoc</em></span> <span class='ocrx_word' id='word_1_80' title='bbox 1246 532 1346 568; x_wconf 89' lang='lat' dir='ltr'><em>enim</em></span> <span class='ocrx_word' id='word_1_81' title='bbox 1395 539 1636 580; x_wconf 81' lang='lat' dir='ltr'><em>peccatores,</em></span> <span class='ocrx_word' id='word_1_82' title='bbox 1666 535 1732 582; x_wconf 89' lang='lat' dir='ltr'><em>qui</em></span> <span class='ocrx_word' id='word_1_83' title='bbox 1758 540 1883 571; x_wconf 86' lang='lat' dir='ltr'><em>terrae</em></span> <span class='ocrx_word' id='word_1_84' title='bbox 1915 535 2067 572; x_wconf 87' lang='lat' dir='ltr'><em>nomine</em></span> <span class='ocrx_word' id='word_1_85' title='bbox 2094 535 2369 584; x_wconf 77' lang='lat' dir='ltr'><em>significantur.</em></span> <span class='ocrx_word' id='word_1_86' title='bbox 2407 534 2473 571; x_wconf 88' lang='lat' dir='ltr'><em>Vel</em></span> 
     </span>
     <span class='ocr_line' id='line_1_12' title="bbox 279 583 2469 638; baseline 0.001 -17"><span class='ocrx_word' id='word_1_87' title='bbox 279 584 384 633; x_wconf 94' lang='lat' dir='ltr'><em>quod</em></span> <span class='ocrx_word' id='word_1_88' title='bbox 414 584 447 620; x_wconf 89' lang='lat' dir='ltr'><em>ei</em></span> <span class='ocrx_word' id='word_1_89' title='bbox 477 583 622 630; x_wconf 86' lang='lat' dir='ltr'><em>dicitur,</em></span> <span class='ocrx_word' id='word_1_90' title='bbox 647 598 666 616; x_wconf 58' lang='lat' dir='ltr'><em>&lt;a</em></span> <span class='ocrx_word' id='word_1_91' title='bbox 688 584 917 621; x_wconf 84' lang='lat' dir='ltr'><em>Maledictus</em></span> <span class='ocrx_word' id='word_1_92' title='bbox 939 597 978 621; x_wconf 89' lang='lat' dir='ltr'><em>es</em></span> <span class='ocrx_word' id='word_1_93' title='bbox 1006 585 1249 622; x_wconf 53' lang='lat' dir='ltr'><em>inter‘omnia</em></span> <span class='ocrx_word' id='word_1_94' title='bbox 1268 585 1349 621; x_wconf 90' lang='lat' dir='ltr'><em>ani·</em></span> <span class='ocrx_word' id='word_1_95' title='bbox 1402 586 1550 622; x_wconf 90' lang='lat' dir='ltr'><em>tertium</em></span> <span class='ocrx_word' id='word_1_96' title='bbox 1583 599 1707 636; x_wconf 79' lang='lat' dir='ltr'><em>genus</em></span> <span class='ocrx_word' id='word_1_97' title='bbox 1743 587 1953 624; x_wconf 84' lang='lat' dir='ltr'><em>tentationis</em></span> <span class='ocrx_word' id='word_1_98' title='bbox 1971 593 1990 616; x_wconf 61' lang='lat'><em>¹¹²</em></span> <span class='ocrx_word' id='word_1_99' title='bbox 2016 588 2073 624; x_wconf 90' lang='lat' dir='ltr'><em>his</em></span> <span class='ocrx_word' id='word_1_100' title='bbox 2099 588 2223 625; x_wconf 75' lang='lat' dir='ltr'><em>verbis</em></span> <span class='ocrx_word' id='word_1_101' title='bbox 2246 589 2469 638; x_wconf 79' lang='lat' dir='ltr'><em>figuratur,</em></span> 
     </span>
     <span class='ocr_line' id='line_1_13' title="bbox 278 637 2469 690; baseline 0.001 -16"><span class='ocrx_word' id='word_1_102' title='bbox 278 637 422 674; x_wconf 87' lang='lat' dir='ltr'><em>mantia</em></span> <span class='ocrx_word' id='word_1_103' title='bbox 441 642 477 673; x_wconf 91' lang='lat' dir='ltr'><em>et</em></span> <span class='ocrx_word' id='word_1_104' title='bbox 499 637 633 673; x_wconf 87' lang='lat' dir='ltr'><em>bestias</em></span> <span class='ocrx_word' id='word_1_105' title='bbox 652 642 777 674; x_wconf 89' lang='lat' dir='ltr'><em>terrae</em></span> <span class='ocrx_word' id='word_1_106' title='bbox 799 653 832 683; x_wconf 86' lang='lat'><em>›&gt;,</em></span> <span class='ocrx_word' id='word_1_107' title='bbox 857 650 1000 686; x_wconf 86' lang='lat' dir='ltr'><em>pecora</em></span> <span class='ocrx_word' id='word_1_108' title='bbox 1029 638 1085 674; x_wconf 89' lang='lat' dir='ltr'><em>illi</em></span> <span class='ocrx_word' id='word_1_109' title='bbox 1104 650 1348 686; x_wconf 88' lang='lat' dir='ltr'><em>praeponun-</em></span> <span class='ocrx_word' id='word_1_110' title='bbox 1401 639 1503 687; x_wconf 85' lang='lat' dir='ltr'><em>quod</em></span> <span class='ocrx_word' id='word_1_111' title='bbox 1529 645 1582 676; x_wconf 91' lang='lat' dir='ltr'><em>est</em></span> <span class='ocrx_word' id='word_1_112' title='bbox 1609 641 1825 677; x_wconf 87' lang='lat' dir='ltr'><em>curiositas:</em></span> <span class='ocrx_word' id='word_1_113' title='bbox 1853 646 1995 678; x_wconf 88' lang='lat' dir='ltr'><em>terram</em></span> <span class='ocrx_word' id='word_1_114' title='bbox 2024 642 2124 678; x_wconf 90' lang='lat' dir='ltr'><em>enim</em></span> <span class='ocrx_word' id='word_1_115' title='bbox 2153 641 2219 690; x_wconf 87' lang='lat' dir='ltr'><em>qui</em></span> <span class='ocrx_word' id='word_1_116' title='bbox 2245 641 2469 686; x_wconf 87' lang='lat' dir='ltr'><em>manducat,</em></span> 
     </span>
     <span class='ocr_line' id='line_1_14' title="bbox 277 689 2470 742; baseline 0.002 -16"><span class='ocrx_word' id='word_1_117' title='bbox 277 696 350 735; x_wconf 83' lang='lat' dir='ltr'><em>tur,</em></span> <span class='ocrx_word' id='word_1_118' title='bbox 379 702 453 726; x_wconf 91' lang='lat' dir='ltr'><em>non</em></span> <span class='ocrx_word' id='word_1_119' title='bbox 479 690 516 726; x_wconf 91' lang='lat' dir='ltr'><em>in</em></span> <span class='ocrx_word' id='word_1_120' title='bbox 544 696 739 739; x_wconf 84' lang='lat' dir='ltr'><em>potestate,</em></span> <span class='ocrx_word' id='word_1_121' title='bbox 768 691 835 727; x_wconf 89' lang='lat' dir='ltr'><em>sed</em></span> <span class='ocrx_word' id='word_1_122' title='bbox 866 692 902 728; x_wconf 91' lang='lat' dir='ltr'><em>in</em></span> <span class='ocrx_word' id='word_1_123' title='bbox 936 692 1221 728; x_wconf 78' lang='lat' dir='ltr'><em>conservatione</em></span> <span class='ocrx_word' id='word_1_124' title='bbox 1238 689 1252 713; x_wconf 64' lang='grc' dir='ltr'>λ</span> <span class='ocrx_word' id='word_1_125' title='bbox 1282 703 1348 727; x_wconf 89' lang='lat' dir='ltr'><em>na·</em></span> <span class='ocrx_word' id='word_1_126' title='bbox 1396 693 1592 740; x_wconf 84' lang='lat' dir='ltr'><em>profunda</em></span> <span class='ocrx_word' id='word_1_127' title='bbox 1616 698 1652 729; x_wconf 93' lang='lat' dir='ltr'><em>et</em></span> <span class='ocrx_word' id='word_1_128' title='bbox 1677 695 1872 730; x_wconf 83' lang='lat' dir='ltr'><em>tenebrosa</em></span> <span class='ocrx_word' id='word_1_129' title='bbox 1890 700 2075 742; x_wconf 87' lang='lat' dir='ltr'><em>penetrat.</em></span> <span class='ocrx_word' id='word_1_130' title='bbox 2102 715 2125 722; x_wconf 92' lang='lat'>—</span> <span class='ocrx_word' id='word_1_131' title='bbox 2154 696 2228 731; x_wconf 89' lang='lat' dir='ltr'><em>Per</em></span> <span class='ocrx_word' id='word_1_132' title='bbox 2247 695 2322 731; x_wconf 90' lang='lat' dir='ltr'><em>hoc</em></span> <span class='ocrx_word' id='word_1_133' title='bbox 2342 701 2470 730; x_wconf 88' lang='lat' dir='ltr'><em>autem</em></span> 
     </span>
     <span class='ocr_line' id='line_1_15' title="bbox 277 744 2470 797; baseline 0.002 -18"><span class='ocrx_word' id='word_1_134' title='bbox 277 749 387 780; x_wconf 87' lang='lat' dir='ltr'><em>turae</em></span> <span class='ocrx_word' id='word_1_135' title='bbox 413 755 527 779; x_wconf 87' lang='lat' dir='ltr'><em>suae:</em></span> <span class='ocrx_word' id='word_1_136' title='bbox 564 744 653 792; x_wconf 85' lang='lat' dir='ltr'><em>quia</em></span> <span class='ocrx_word' id='word_1_137' title='bbox 680 755 825 792; x_wconf 85' lang='lat' dir='ltr'><em>pecora</em></span> <span class='ocrx_word' id='word_1_138' title='bbox 854 756 928 781; x_wconf 88' lang='lat' dir='ltr'><em>non</em></span> <span class='ocrx_word' id='word_1_139' title='bbox 958 745 1167 781; x_wconf 88' lang='lat' dir='ltr'><em>amiserunt</em></span> <span class='ocrx_word' id='word_1_140' title='bbox 1194 745 1348 781; x_wconf 89' lang='lat' dir='ltr'><em>beatitu-</em></span> <span class='ocrx_word' id='word_1_141' title='bbox 1402 745 1506 793; x_wconf 90' lang='lat' dir='ltr'><em>quod</em></span> <span class='ocrx_word' id='word_1_142' title='bbox 1536 746 1752 783; x_wconf 88' lang='lat' dir='ltr'><em>inimicitiae</em></span> <span class='ocrx_word' id='word_1_143' title='bbox 1781 755 1976 795; x_wconf 88' lang='lat' dir='ltr'><em>ponuntur</em></span> <span class='ocrx_word' id='word_1_144' title='bbox 1994 747 2091 784; x_wconf 91' lang='lat' dir='ltr'><em>inter</em></span> <span class='ocrx_word' id='word_1_145' title='bbox 2118 748 2244 797; x_wconf 90' lang='lat' dir='ltr'><em>ipsum</em></span> <span class='ocrx_word' id='word_1_146' title='bbox 2274 755 2309 784; x_wconf 91' lang='lat' dir='ltr'><em>et</em></span> <span class='ocrx_word' id='word_1_147' title='bbox 2337 747 2470 783; x_wconf 91' lang='lat' dir='ltr'><em>mulie-</em></span> 
     </span>
     <span class='ocr_line' id='line_1_16' title="bbox 276 796 2474 850; baseline 0.002 -18"><span class='ocrx_word' id='word_1_148' title='bbox 276 797 402 833; x_wconf 85' lang='lat' dir='ltr'><em>dinem</em></span> <span class='ocrx_word' id='word_1_149' title='bbox 431 796 599 844; x_wconf 87' lang='lat' dir='ltr'><em>aliquam</em></span> <span class='ocrx_word' id='word_1_150' title='bbox 620 797 827 843; x_wconf 74' lang='lat' dir='ltr'><em>caelestem,</em></span> <span class='ocrx_word' id='word_1_151' title='bbox 856 809 970 846; x_wconf 84' lang='lat' dir='ltr'><em>quam</em></span> <span class='ocrx_word' id='word_1_152' title='bbox 991 810 1186 846; x_wconf 85' lang='lat' dir='ltr'><em>nunquam</em></span> <span class='ocrx_word' id='word_1_153' title='bbox 1209 798 1348 834; x_wconf 81' lang='lat' dir='ltr'><em>habue-</em></span> <span class='ocrx_word' id='word_1_154' title='bbox 1402 810 1502 845; x_wconf 78' lang='lat' dir='ltr'><em>rem,</em></span> <span class='ocrx_word' id='word_1_155' title='bbox 1532 800 1738 836; x_wconf 85' lang='lat' dir='ltr'><em>ostenditur</em></span> <span class='ocrx_word' id='word_1_156' title='bbox 1766 812 1840 836; x_wconf 92' lang='lat' dir='ltr'><em>non</em></span> <span class='ocrx_word' id='word_1_157' title='bbox 1864 812 1976 850; x_wconf 88' lang='lat' dir='ltr'><em>posse</em></span> <span class='ocrx_word' id='word_1_158' title='bbox 2004 813 2072 837; x_wconf 94' lang='lat' dir='ltr'><em>nos</em></span> <span class='ocrx_word' id='word_1_159' title='bbox 2099 813 2123 838; x_wconf 93' lang='lat' dir='ltr'><em>a</em></span> <span class='ocrx_word' id='word_1_160' title='bbox 2152 801 2302 838; x_wconf 86' lang='lat' dir='ltr'><em>diabolo</em></span> <span class='ocrx_word' id='word_1_161' title='bbox 2336 800 2474 837; x_wconf 87' lang='lat' dir='ltr'><em>tentari</em></span> 
     </span>
     <span class='ocr_line' id='line_1_17' title="bbox 276 850 2470 902; baseline 0.001 -16"><span class='ocrx_word' id='word_1_162' title='bbox 276 855 385 896; x_wconf 87' lang='lat' dir='ltr'><em>runt,</em></span> <span class='ocrx_word' id='word_1_163' title='bbox 414 850 479 886; x_wconf 89' lang='lat' dir='ltr'><em>sed</em></span> <span class='ocrx_word' id='word_1_164' title='bbox 506 850 543 886; x_wconf 90' lang='lat' dir='ltr'><em>in</em></span> <span class='ocrx_word' id='word_1_165' title='bbox 572 863 642 887; x_wconf 89' lang='lat' dir='ltr'><em>sua</em></span> <span class='ocrx_word' id='word_1_166' title='bbox 671 856 809 887; x_wconf 91' lang='lat' dir='ltr'><em>natura</em></span> <span class='ocrx_word' id='word_1_167' title='bbox 842 863 956 900; x_wconf 84' lang='lat' dir='ltr'><em>quam</em></span> <span class='ocrx_word' id='word_1_168' title='bbox 990 857 1234 900; x_wconf 87' lang='lat' dir='ltr'><em>acceperunt,</em></span> <span class='ocrx_word' id='word_1_169' title='bbox 1258 862 1347 898; x_wconf 88' lang='lat' dir='ltr'><em>per·</em></span> <span class='ocrx_word' id='word_1_170' title='bbox 1372 858 1374 896; x_wconf 80' lang='grc' dir='ltr'>ξ</span> <span class='ocrx_word' id='word_1_171' title='bbox 1402 851 1474 887; x_wconf 91' lang='lat' dir='ltr'><em>nisi</em></span> <span class='ocrx_word' id='word_1_172' title='bbox 1494 863 1567 899; x_wconf 88' lang='lat' dir='ltr'><em>per</em></span> <span class='ocrx_word' id='word_1_173' title='bbox 1594 852 1698 889; x_wconf 92' lang='lat' dir='ltr'><em>illam</em></span> <span class='ocrx_word' id='word_1_174' title='bbox 1727 853 1932 890; x_wconf 88' lang='lat' dir='ltr'><em>animalem</em></span> <span class='ocrx_word' id='word_1_175' title='bbox 1954 860 2106 902; x_wconf 90' lang='lat' dir='ltr'><em>partem</em></span> <span class='ocrx_word' id='word_1_176' title='bbox 2135 866 2233 902; x_wconf 87' lang='lat' dir='ltr'><em>quae</em></span> <span class='ocrx_word' id='word_1_177' title='bbox 2259 854 2369 902; x_wconf 86' lang='lat' dir='ltr'><em>quasi</em></span> <span class='ocrx_word' id='word_1_178' title='bbox 2386 865 2470 890; x_wconf 90' lang='lat' dir='ltr'><em>mu-</em></span> 
     </span>
     <span class='ocr_line' id='line_1_18' title="bbox 276 901 2470 963; baseline 0.002 -24"><span class='ocrx_word' id='word_1_179' title='bbox 276 909 399 952; x_wconf 84' lang='lat' dir='ltr'><em>agunt</em></span> <span class='ocrx_word' id='word_1_180' title='bbox 429 903 558 940; x_wconf 74' lang='lat' dir='ltr'><em>vitam.</em></span> <span class='ocrx_word' id='word_1_181' title='bbox 595 924 620 932; x_wconf 99' lang='lat'>-</span> <span class='ocrx_word' id='word_1_182' title='bbox 658 903 805 941; x_wconf 92' lang='lat' dir='ltr'><em>Dicitur</em></span> <span class='ocrx_word' id='word_1_183' title='bbox 840 904 951 941; x_wconf 88' lang='lat' dir='ltr'><em>etiam</em></span> <span class='ocrx_word' id='word_1_184' title='bbox 987 904 1041 941; x_wconf 90' lang='lat' dir='ltr'><em>ei:</em></span> <span class='ocrx_word' id='word_1_185' title='bbox 1078 920 1097 937; x_wconf 87' lang='lat'>«</span> <span class='ocrx_word' id='word_1_186' title='bbox 1124 905 1281 963; x_wconf 56' lang='lat' dir='ltr'><em>yectore</em></span> <span class='ocrx_word' id='word_1_187' title='bbox 1314 901 1373 956; x_wconf 55' lang='lat' dir='ltr'><em>et}</em></span> <span class='ocrx_word' id='word_1_188' title='bbox 1401 903 1502 940; x_wconf 90' lang='lat' dir='ltr'><em>lieris</em></span> <span class='ocrx_word' id='word_1_189' title='bbox 1529 905 1736 955; x_wconf 86' lang='lat' dir='ltr'><em>imaginem</em></span> <span class='ocrx_word' id='word_1_190' title='bbox 1765 906 1801 942; x_wconf 88' lang='lat' dir='ltr'><em>in</em></span> <span class='ocrx_word' id='word_1_191' title='bbox 1830 907 1982 943; x_wconf 84' lang='lat' dir='ltr'><em>homine</em></span> <span class='ocrx_word' id='word_1_192' title='bbox 2009 908 2168 944; x_wconf 85' lang='lat' dir='ltr'><em>ostendit</em></span> <span class='ocrx_word' id='word_1_193' title='bbox 2188 914 2211 944; x_wconf 58' lang='grc' dir='ltr'><em>ν.</em></span> <span class='ocrx_word' id='word_1_194' title='bbox 2249 908 2383 944; x_wconf 90' lang='lat' dir='ltr'><em>Semen</em></span> <span class='ocrx_word' id='word_1_195' title='bbox 2403 918 2470 943; x_wconf 87' lang='lat' dir='ltr'><em>au-</em></span> 
     </span>
     <span class='ocr_line' id='line_1_19' title="bbox 274 956 2470 1010; baseline 0.002 -17"><span class='ocrx_word' id='word_1_196' title='bbox 274 962 405 994; x_wconf 82' lang='lat' dir='ltr'><em>ventre</em></span> <span class='ocrx_word' id='word_1_197' title='bbox 423 968 530 1005; x_wconf 85' lang='lat' dir='ltr'><em>repes</em></span> <span class='ocrx_word' id='word_1_198' title='bbox 547 972 581 1002; x_wconf 82' lang='grc'><em>»,</em></span> <span class='ocrx_word' id='word_1_199' title='bbox 603 958 816 995; x_wconf 90' lang='lat' dir='ltr'><em>secundum</em></span> <span class='ocrx_word' id='word_1_200' title='bbox 833 957 945 994; x_wconf 85' lang='lat' dir='ltr'><em>aliam</em></span> <span class='ocrx_word' id='word_1_201' title='bbox 961 957 1121 994; x_wconf 88' lang='lat' dir='ltr'><em>litteram</em></span> <span class='ocrx_word' id='word_1_202' title='bbox 1133 956 1164 994; x_wconf 64' lang='lat'><em>³⁸.</em></span> <span class='ocrx_word' id='word_1_203' title='bbox 1185 956 1261 994; x_wconf 88' lang='lat' dir='ltr'><em>Ubi</em></span> <span class='ocrx_word' id='word_1_204' title='bbox 1280 968 1347 993; x_wconf 90' lang='lat' dir='ltr'><em>no·</em></span> <span class='ocrx_word' id='word_1_205' title='bbox 1372 967 1373 998; x_wconf 61' lang='grc' dir='ltr'><strong>ς</strong></span> <span class='ocrx_word' id='word_1_206' title='bbox 1400 962 1473 993; x_wconf 89' lang='lat' dir='ltr'><em>tem</em></span> <span class='ocrx_word' id='word_1_207' title='bbox 1506 957 1648 995; x_wconf 83' lang='lat' dir='ltr'><em>diaboli</em></span> <span class='ocrx_word' id='word_1_208' title='bbox 1673 965 1728 995; x_wconf 89' lang='lat' dir='ltr'><em>est</em></span> <span class='ocrx_word' id='word_1_209' title='bbox 1755 971 1939 1008; x_wconf 78' lang='lat' dir='ltr'><em>perversa</em></span> <span class='ocrx_word' id='word_1_210' title='bbox 1973 961 2188 1010; x_wconf 85' lang='lat' dir='ltr'><em>suggestio:</em></span> <span class='ocrx_word' id='word_1_211' title='bbox 2229 972 2355 997; x_wconf 88' lang='lat' dir='ltr'><em>semen</em></span> <span class='ocrx_word' id='word_1_212' title='bbox 2388 971 2470 996; x_wconf 87' lang='lat' dir='ltr'><em>mu-</em></span> 
     </span>
     <span class='ocr_line' id='line_1_20' title="bbox 275 1008 2470 1062; baseline 0.002 -16"><span class='ocrx_word' id='word_1_213' title='bbox 275 1010 376 1046; x_wconf 88' lang='lat' dir='ltr'><em>mine</em></span> <span class='ocrx_word' id='word_1_214' title='bbox 405 1011 569 1059; x_wconf 86' lang='lat' dir='ltr'><em>pectoris</em></span> <span class='ocrx_word' id='word_1_215' title='bbox 596 1011 835 1060; x_wconf 79' lang='lat' dir='ltr'><em>significatur</em></span> <span class='ocrx_word' id='word_1_216' title='bbox 861 1012 1057 1060; x_wconf 83' lang='lat' dir='ltr'><em>superbia,</em></span> <span class='ocrx_word' id='word_1_217' title='bbox 1087 1011 1176 1059; x_wconf 85' lang='lat' dir='ltr'><em>quia</em></span> <span class='ocrx_word' id='word_1_218' title='bbox 1205 1011 1258 1046; x_wconf 85' lang='lat' dir='ltr'><em>ibi</em></span> <span class='ocrx_word' id='word_1_219' title='bbox 1283 1010 1347 1046; x_wconf 87' lang='lat' dir='ltr'><em>do·</em></span> <span class='ocrx_word' id='word_1_220' title='bbox 1372 1008 1373 1044; x_wconf 69' lang='grc' dir='ltr'>ἶ</span> <span class='ocrx_word' id='word_1_221' title='bbox 1400 1010 1513 1056; x_wconf 88' lang='lat' dir='ltr'><em>lieris,</em></span> <span class='ocrx_word' id='word_1_222' title='bbox 1532 1012 1688 1059; x_wconf 89' lang='lat' dir='ltr'><em>fructus</em></span> <span class='ocrx_word' id='word_1_223' title='bbox 1716 1013 1807 1049; x_wconf 86' lang='lat' dir='ltr'><em>boni</em></span> <span class='ocrx_word' id='word_1_224' title='bbox 1823 1014 1957 1060; x_wconf 88' lang='lat' dir='ltr'><em>operis,</em></span> <span class='ocrx_word' id='word_1_225' title='bbox 1987 1014 2088 1061; x_wconf 85' lang='lat' dir='ltr'><em>quod</em></span> <span class='ocrx_word' id='word_1_226' title='bbox 2107 1025 2313 1062; x_wconf 80' lang='lat' dir='ltr'><em>perversae</em></span> <span class='ocrx_word' id='word_1_227' title='bbox 2330 1024 2470 1062; x_wconf 79' lang='lat' dir='ltr'><em>sugge-</em></span> 
     </span>
     <span class='ocr_line' id='line_1_21' title="bbox 275 1063 2469 1115; baseline 0.002 -16"><span class='ocrx_word' id='word_1_228' title='bbox 275 1063 444 1100; x_wconf 85' lang='lat' dir='ltr'><em>minatur</em></span> <span class='ocrx_word' id='word_1_229' title='bbox 471 1064 629 1112; x_wconf 86' lang='lat' dir='ltr'><em>impetus</em></span> <span class='ocrx_word' id='word_1_230' title='bbox 656 1065 830 1101; x_wconf 86' lang='lat' dir='ltr'><em>animae:</em></span> <span class='ocrx_word' id='word_1_231' title='bbox 865 1065 1017 1100; x_wconf 86' lang='lat' dir='ltr'><em>nomine</em></span> <span class='ocrx_word' id='word_1_232' title='bbox 1050 1070 1174 1100; x_wconf 90' lang='lat' dir='ltr'><em>autem</em></span> <span class='ocrx_word' id='word_1_233' title='bbox 1207 1063 1348 1100; x_wconf 79' lang='lat' dir='ltr'><em>ventris</em></span> <span class='ocrx_word' id='word_1_234' title='bbox 1399 1063 1512 1099; x_wconf 83' lang='lat' dir='ltr'><em>stioni</em></span> <span class='ocrx_word' id='word_1_235' title='bbox 1539 1065 1682 1101; x_wconf 88' lang='lat' dir='ltr'><em>resistit.</em></span> <span class='ocrx_word' id='word_1_236' title='bbox 1711 1066 1762 1101; x_wconf 92' lang='lat' dir='ltr'><em>Et</em></span> <span class='ocrx_word' id='word_1_237' title='bbox 1789 1065 1870 1102; x_wconf 88' lang='lat' dir='ltr'><em>ideo</em></span> <span class='ocrx_word' id='word_1_238' title='bbox 1891 1064 2094 1103; x_wconf 57' lang='lat' dir='ltr'><em>observat*</em></span> <span class='ocrx_word' id='word_1_239' title='bbox 2115 1079 2273 1115; x_wconf 67' lang='lat' dir='ltr'><em>vserpens</em></span> <span class='ocrx_word' id='word_1_240' title='bbox 2297 1067 2469 1115; x_wconf 87' lang='lat' dir='ltr'><em>plantam</em></span> 
     </span>
     <span class='ocr_line' id='line_1_22' title="bbox 273 1116 2469 1166; baseline 0 -13"><span class='ocrx_word' id='word_1_241' title='bbox 273 1116 514 1166; x_wconf 78' lang='lat' dir='ltr'><em>significatur</em></span> <span class='ocrx_word' id='word_1_242' title='bbox 541 1117 696 1154; x_wconf 89' lang='lat' dir='ltr'><em>carnale</em></span> <span class='ocrx_word' id='word_1_243' title='bbox 723 1117 969 1163; x_wconf 86' lang='lat' dir='ltr'><em>desiderium,</em></span> <span class='ocrx_word' id='word_1_244' title='bbox 1003 1117 1092 1165; x_wconf 87' lang='lat' dir='ltr'><em>quia</em></span> <span class='ocrx_word' id='word_1_245' title='bbox 1127 1118 1221 1153; x_wconf 86' lang='lat' dir='ltr'><em>haec</em></span> <span class='ocrx_word' id='word_1_246' title='bbox 1250 1127 1347 1163; x_wconf 87' lang='lat' dir='ltr'><em>pars</em></span> <span class='ocrx_word' id='word_1_247' title='bbox 1371 1150 1373 1159; x_wconf 74' lang='grc'>,</span> <span class='ocrx_word' id='word_1_248' title='bbox 1400 1116 1579 1162; x_wconf 80' lang='lat' dir='ltr'><em>mulieris,</em></span> <span class='ocrx_word' id='word_1_249' title='bbox 1602 1123 1651 1163; x_wconf 87' lang='lat' dir='ltr'><em>ut,</em></span> <span class='ocrx_word' id='word_1_250' title='bbox 1675 1118 1710 1154; x_wconf 90' lang='lat' dir='ltr'><em>si</em></span> <span class='ocrx_word' id='word_1_251' title='bbox 1735 1119 1885 1166; x_wconf 87' lang='lat' dir='ltr'><em>quando</em></span> <span class='ocrx_word' id='word_1_252' title='bbox 1914 1119 1951 1155; x_wconf 90' lang='lat' dir='ltr'><em>in</em></span> <span class='ocrx_word' id='word_1_253' title='bbox 1982 1119 2107 1156; x_wconf 90' lang='lat' dir='ltr'><em>illicita</em></span> <span class='ocrx_word' id='word_1_254' title='bbox 2136 1120 2301 1156; x_wconf 86' lang='lat' dir='ltr'><em>illabitur</em></span> <span class='ocrx_word' id='word_1_255' title='bbox 2319 1125 2344 1166; x_wconf 86' lang='lat'><em>⁰,</em></span> <span class='ocrx_word' id='word_1_256' title='bbox 2374 1118 2469 1155; x_wconf 87' lang='lat' dir='ltr'><em>dele-</em></span> 
     </span>
     <span class='ocr_line' id='line_1_23' title="bbox 275 1169 2468 1221; baseline 0.001 -16"><span class='ocrx_word' id='word_1_257' title='bbox 275 1169 428 1206; x_wconf 92' lang='lat' dir='ltr'><em>mollior</em></span> <span class='ocrx_word' id='word_1_258' title='bbox 453 1171 610 1207; x_wconf 88' lang='lat' dir='ltr'><em>sentitur</em></span> <span class='ocrx_word' id='word_1_259' title='bbox 628 1171 664 1206; x_wconf 91' lang='lat' dir='ltr'><em>in</em></span> <span class='ocrx_word' id='word_1_260' title='bbox 695 1181 864 1218; x_wconf 88' lang='lat' dir='ltr'><em>corpore.</em></span> <span class='ocrx_word' id='word_1_261' title='bbox 893 1170 970 1206; x_wconf 78' lang='lat' dir='ltr'><em>His</em></span> <span class='ocrx_word' id='word_1_262' title='bbox 992 1175 1117 1206; x_wconf 88' lang='lat' dir='ltr'><em>autem</em></span> <span class='ocrx_word' id='word_1_263' title='bbox 1138 1170 1249 1206; x_wconf 85' lang='lat' dir='ltr'><em>rebus</em></span> <span class='ocrx_word' id='word_1_264' title='bbox 1267 1180 1344 1205; x_wconf 92' lang='lat' dir='ltr'><em>ser·</em></span> <span class='ocrx_word' id='word_1_265' title='bbox 1371 1169 1372 1214; x_wconf 61' lang='grc' dir='ltr'>ᾗ</span> <span class='ocrx_word' id='word_1_266' title='bbox 1400 1169 1512 1205; x_wconf 86' lang='lat' dir='ltr'><em>ctatio</em></span> <span class='ocrx_word' id='word_1_267' title='bbox 1547 1169 1651 1206; x_wconf 92' lang='lat' dir='ltr'><em>illam</em></span> <span class='ocrx_word' id='word_1_268' title='bbox 1685 1171 1827 1218; x_wconf 89' lang='lat' dir='ltr'><em>capiat:</em></span> <span class='ocrx_word' id='word_1_269' title='bbox 1860 1177 1897 1208; x_wconf 91' lang='lat' dir='ltr'><em>et</em></span> <span class='ocrx_word' id='word_1_270' title='bbox 1927 1172 1990 1208; x_wconf 92' lang='lat' dir='ltr'><em>illa</em></span> <span class='ocrx_word' id='word_1_271' title='bbox 2024 1173 2199 1209; x_wconf 82' lang='lat' dir='ltr'><em>observat</em></span> <span class='ocrx_word' id='word_1_272' title='bbox 2231 1178 2344 1221; x_wconf 86' lang='lat' dir='ltr'><em>caput</em></span> <span class='ocrx_word' id='word_1_273' title='bbox 2369 1173 2468 1217; x_wconf 87' lang='lat' dir='ltr'><em>eius,</em></span> 
     </span>
     <span class='ocr_line' id='line_1_24' title="bbox 269 1221 2467 1272; baseline 0 -12"><span class='ocrx_word' id='word_1_274' title='bbox 269 1224 329 1271; x_wconf 87' lang='lat' dir='ltr'><em>pit</em></span> <span class='ocrx_word' id='word_1_275' title='bbox 353 1223 405 1260; x_wconf 86' lang='lat' dir='ltr'><em>ad</em></span> <span class='ocrx_word' id='word_1_276' title='bbox 431 1235 494 1260; x_wconf 91' lang='lat' dir='ltr'><em>eos</em></span> <span class='ocrx_word' id='word_1_277' title='bbox 523 1235 616 1272; x_wconf 88' lang='lat' dir='ltr'><em>quos</em></span> <span class='ocrx_word' id='word_1_278' title='bbox 638 1224 719 1260; x_wconf 80' lang='lat' dir='ltr'><em>vult</em></span> <span class='ocrx_word' id='word_1_279' title='bbox 744 1223 925 1271; x_wconf 88' lang='lat' dir='ltr'><em>decipere.</em></span> <span class='ocrx_word' id='word_1_280' title='bbox 947 1244 971 1250; x_wconf 97' lang='lat'><em>-</em></span> <span class='ocrx_word' id='word_1_281' title='bbox 1001 1222 1118 1268; x_wconf 90' lang='lat' dir='ltr'><em>Quod</em></span> <span class='ocrx_word' id='word_1_282' title='bbox 1140 1230 1268 1258; x_wconf 89' lang='lat' dir='ltr'><em>autem</em></span> <span class='ocrx_word' id='word_1_283' title='bbox 1291 1221 1344 1258; x_wconf 88' lang='lat' dir='ltr'><em>di·</em></span> <span class='ocrx_word' id='word_1_284' title='bbox 1370 1223 1373 1263; x_wconf 70' lang='grc' dir='ltr'><em>ζ</em></span> <span class='ocrx_word' id='word_1_285' title='bbox 1400 1227 1441 1257; x_wconf 90' lang='lat' dir='ltr'><em>ut</em></span> <span class='ocrx_word' id='word_1_286' title='bbox 1470 1233 1556 1258; x_wconf 89' lang='lat' dir='ltr'><em>eum</em></span> <span class='ocrx_word' id='word_1_287' title='bbox 1590 1223 1627 1259; x_wconf 89' lang='lat' dir='ltr'><em>in</em></span> <span class='ocrx_word' id='word_1_288' title='bbox 1661 1223 1740 1271; x_wconf 89' lang='lat' dir='ltr'><em>ipso</em></span> <span class='ocrx_word' id='word_1_289' title='bbox 1774 1224 1878 1261; x_wconf 84' lang='lat' dir='ltr'><em>initio</em></span> <span class='ocrx_word' id='word_1_290' title='bbox 1911 1225 2036 1262; x_wconf 90' lang='lat' dir='ltr'><em>malae</em></span> <span class='ocrx_word' id='word_1_291' title='bbox 2067 1226 2253 1262; x_wconf 86' lang='lat' dir='ltr'><em>suasionis</em></span> <span class='ocrx_word' id='word_1_292' title='bbox 2281 1225 2467 1262; x_wconf 86' lang='lat' dir='ltr'><em>excludat.</em></span> 
     </span>
    </p>
   </div>
   <div class='ocr_carea' id='block_1_11' title="bbox 1399 1334 2470 1435">
    <p class='ocr_par' dir='ltr' id='par_1_11' title="bbox 1399 1334 2470 1435">
     <span class='ocr_line' id='line_1_25' title="bbox 1454 1334 1991 1366; baseline 0.006 -7"><span class='ocrx_word' id='word_1_293' title='bbox 1454 1334 1478 1366; x_wconf 80' lang='grc' dir='ltr'><em>ξ)</em></span> <span class='ocrx_word' id='word_1_294' title='bbox 1498 1336 1631 1362; x_wconf 81' lang='lat' dir='ltr'><em>observat.</em></span> <span class='ocrx_word' id='word_1_295' title='bbox 1642 1349 1662 1356; x_wconf 95' lang='lat'>—</span> <span class='ocrx_word' id='word_1_296' title='bbox 1680 1340 1771 1362; x_wconf 76' lang='lat' dir='ltr'><em>servat</em></span> <span class='ocrx_word' id='word_1_297' title='bbox 1788 1337 1991 1363; x_wconf 83' lang='lat' dir='ltr'><strong>ABCDEFIKL.</strong></span> 
     </span>
     <span class='ocr_line' id='line_1_26' title="bbox 1453 1371 2470 1403; baseline 0.003 -8"><span class='ocrx_word' id='word_1_298' title='bbox 1453 1371 1479 1403; x_wconf 82' lang='grc' dir='ltr'><em>ο)</em></span> <span class='ocrx_word' id='word_1_299' title='bbox 1499 1371 1526 1395; x_wconf 85' lang='grc' dir='ltr'><em>ίη</em></span> <span class='ocrx_word' id='word_1_300' title='bbox 1553 1371 1648 1396; x_wconf 78' lang='lat' dir='ltr'><em>illicita</em></span> <span class='ocrx_word' id='word_1_301' title='bbox 1673 1372 1834 1397; x_wconf 72' lang='lat' dir='ltr'><em>illabitur.—</em></span> <span class='ocrx_word' id='word_1_302' title='bbox 1852 1372 1878 1396; x_wconf 86' lang='lat' dir='ltr'><em>in</em></span> <span class='ocrx_word' id='word_1_303' title='bbox 1905 1372 1997 1398; x_wconf 86' lang='lat' dir='ltr'><em>illicita</em></span> <span class='ocrx_word' id='word_1_304' title='bbox 2023 1373 2122 1398; x_wconf 77' lang='lat' dir='ltr'><em>labitur</em></span> <span class='ocrx_word' id='word_1_305' title='bbox 2140 1373 2211 1403; x_wconf 80' lang='lat' dir='ltr'><em>PKa,</em></span> <span class='ocrx_word' id='word_1_306' title='bbox 2232 1373 2325 1399; x_wconf 81' lang='lat' dir='ltr'><em>illicita</em></span> <span class='ocrx_word' id='word_1_307' title='bbox 2350 1373 2470 1398; x_wconf 78' lang='lat' dir='ltr'><em>illabitur</em></span> 
     </span>
     <span class='ocr_line' id='line_1_27' title="bbox 1399 1405 1789 1435; baseline 0.005 -4"><span class='ocrx_word' id='word_1_308' title='bbox 1399 1405 1432 1435; x_wconf 86' lang='lat' dir='ltr'><em>G,</em></span> <span class='ocrx_word' id='word_1_309' title='bbox 1452 1406 1478 1431; x_wconf 87' lang='lat' dir='ltr'><em>in</em></span> <span class='ocrx_word' id='word_1_310' title='bbox 1499 1406 1593 1432; x_wconf 84' lang='lat' dir='ltr'><em>illicita</em></span> <span class='ocrx_word' id='word_1_311' title='bbox 1611 1407 1742 1432; x_wconf 80' lang='lat' dir='ltr'><em>dilabitur</em></span> <span class='ocrx_word' id='word_1_312' title='bbox 1761 1408 1789 1433; x_wconf 90' lang='lat' dir='ltr'><em>C.</em></span> 
     </span>
    </p>
   </div>
   <div class='ocr_carea' id='block_1_12' title="bbox 273 1323 1345 1477">
    <p class='ocr_par' dir='ltr' id='par_1_12' title="bbox 273 1323 1345 1477">
     <span class='ocr_line' id='line_1_28' title="bbox 289 1323 1345 1378; baseline -0.003 -16"><span class='ocrx_word' id='word_1_313' title='bbox 289 1323 585 1378; x_wconf 32' lang='lat' dir='ltr'><em>’‘manser-vatione.</em></span> <span class='ocrx_word' id='word_1_314' title='bbox 597 1350 616 1356; x_wconf 96' lang='lat'><em>—</em></span> <span class='ocrx_word' id='word_1_315' title='bbox 632 1337 836 1362; x_wconf 81' lang='lat' dir='ltr'><em>conversatione</em></span> <span class='ocrx_word' id='word_1_316' title='bbox 854 1336 940 1367; x_wconf 78' lang='lat' dir='ltr'><em>ABCl.</em></span> <span class='ocrx_word' id='word_1_317' title='bbox 953 1336 1126 1362; x_wconf 75' lang='lat' dir='ltr'><em>conversione</em></span> <span class='ocrx_word' id='word_1_318' title='bbox 1144 1336 1185 1360; x_wconf 82' lang='lat' dir='ltr'><em>vel</em></span> <span class='ocrx_word' id='word_1_319' title='bbox 1203 1342 1345 1360; x_wconf 83' lang='lat' dir='ltr'><em>conversa-</em></span> 
     </span>
     <span class='ocr_line' id='line_1_29' title="bbox 273 1372 972 1442; baseline 0 -10"><span class='ocrx_word' id='word_1_320' title='bbox 273 1375 356 1442; x_wconf 54' lang='grc' dir='ltr'><em>ῂοκέ)</em></span> <span class='ocrx_word' id='word_1_321' title='bbox 364 1372 542 1433; x_wconf 76' lang='lat' dir='ltr'><em>Etentationis.</em></span> <span class='ocrx_word' id='word_1_322' title='bbox 553 1421 573 1427; x_wconf 92' lang='lat'>-</span> <span class='ocrx_word' id='word_1_323' title='bbox 591 1407 660 1433; x_wconf 83' lang='lat' dir='ltr'><em>idest</em></span> <span class='ocrx_word' id='word_1_324' title='bbox 677 1407 835 1440; x_wconf 75' lang='lat' dir='ltr'><em>cupiditatis</em></span> <span class='ocrx_word' id='word_1_325' title='bbox 855 1408 925 1432; x_wconf 83' lang='lat' dir='ltr'><em>addit</em></span> <span class='ocrx_word' id='word_1_326' title='bbox 944 1408 972 1432; x_wconf 88' lang='grc' dir='ltr'><em>Ρ.</em></span> 
     </span>
     <span class='ocr_line' id='line_1_30' title="bbox 326 1443 890 1477; baseline 0 -8"><span class='ocrx_word' id='word_1_327' title='bbox 326 1444 350 1476; x_wconf 85' lang='grc' dir='ltr'><em>ν)</em></span> <span class='ocrx_word' id='word_1_328' title='bbox 370 1443 495 1469; x_wconf 72' lang='lat' dir='ltr'><em>ostendit.</em></span> <span class='ocrx_word' id='word_1_329' title='bbox 507 1457 526 1462; x_wconf 96' lang='lat'><em>-</em></span> <span class='ocrx_word' id='word_1_330' title='bbox 543 1443 616 1477; x_wconf 80' lang='lat' dir='ltr'><em>gerit</em></span> <span class='ocrx_word' id='word_1_331' title='bbox 633 1444 690 1468; x_wconf 77' lang='lat' dir='ltr'><em>sive</em></span> <span class='ocrx_word' id='word_1_332' title='bbox 707 1443 825 1468; x_wconf 80' lang='lat' dir='ltr'><em>ostendit</em></span> <span class='ocrx_word' id='word_1_333' title='bbox 843 1443 890 1469; x_wconf 83' lang='lat' dir='ltr'><em>Pa.</em></span> 
     </span>
    </p>
   </div>
   <div class='ocr_carea' id='block_1_13' title="bbox 1369 1332 1374 1477">
    <p class='ocr_par' dir='ltr' id='par_1_13' title="bbox 1369 1332 1374 1477">
     <span class='ocr_line' id='line_1_31' title="bbox 1369 1332 1374 1477; baseline 0 0"><span class='ocrx_word' id='word_1_334' title='bbox 1369 1332 1374 1477; x_wconf 95' lang='lat' dir='ltr'><em> </em></span> 
     </span>
    </p>
   </div>
   <div class='ocr_carea' id='block_1_14' title="bbox 953 1522 1798 1556">
    <p class='ocr_par' dir='ltr' id='par_1_14' title="bbox 953 1522 1798 1556">
     <span class='ocr_line' id='line_1_32' title="bbox 953 1522 1798 1556; baseline -0.001 0"><span class='ocrx_word' id='word_1_335' title='bbox 953 1523 1292 1556; x_wconf 72' lang='lat' dir='ltr'><em>Commentaria</em></span> <span class='ocrx_word' id='word_1_336' title='bbox 1314 1522 1570 1555; x_wconf 73' lang='lat' dir='ltr'><em>Oardjnalis</em></span> <span class='ocrx_word' id='word_1_337' title='bbox 1593 1522 1798 1555; x_wconf 78' lang='lat' dir='ltr'><em>Caietam</em></span> 
     </span>
    </p>
   </div>
   <div class='ocr_carea' id='block_1_15' title="bbox 266 1602 2471 2000">
    <p class='ocr_par' dir='ltr' id='par_1_15' title="bbox 266 1602 2471 2000">
     <span class='ocr_line' id='line_1_33' title="bbox 304 1602 2471 1645; baseline -0 -10"><span class='ocrx_word' id='word_1_338' title='bbox 304 1615 324 1635; x_wconf 79' lang='lat' dir='ltr'>N</span> <span class='ocrx_word' id='word_1_339' title='bbox 351 1611 419 1635; x_wconf 85' lang='lat' dir='ltr'><em>tota</em></span> <span class='ocrx_word' id='word_1_340' title='bbox 450 1603 636 1645; x_wconf 82' lang='lat' dir='ltr'><em>quaestione</em></span> <span class='ocrx_word' id='word_1_341' title='bbox 663 1602 1157 1644; x_wconf 85' lang='lat' dir='ltr'><em>centesimasexagesimaquinta,</em></span> <span class='ocrx_word' id='word_1_342' title='bbox 1181 1603 1220 1633; x_wconf 90' lang='lat' dir='ltr'><em>de</em></span> <span class='ocrx_word' id='word_1_343' title='bbox 1247 1609 1346 1633; x_wconf 85' lang='lat' dir='ltr'><em>tenta·</em></span> <span class='ocrx_word' id='word_1_344' title='bbox 1397 1609 1428 1633; x_wconf 89' lang='lat' dir='ltr'><em>et</em></span> <span class='ocrx_word' id='word_1_345' title='bbox 1450 1602 1616 1642; x_wconf 85' lang='lat' dir='ltr'><em>proposita</em></span> <span class='ocrx_word' id='word_1_346' title='bbox 1633 1612 1688 1633; x_wconf 93' lang='lat' dir='ltr'><em>seu</em></span> <span class='ocrx_word' id='word_1_347' title='bbox 1704 1602 1887 1642; x_wconf 86' lang='lat' dir='ltr'><em>insurgente</em></span> <span class='ocrx_word' id='word_1_348' title='bbox 1911 1602 2119 1633; x_wconf 88' lang='lat' dir='ltr'><em>delectatione</em></span> <span class='ocrx_word' id='word_1_349' title='bbox 2144 1602 2280 1639; x_wconf 88' lang='lat' dir='ltr'><em>ducitur,</em></span> <span class='ocrx_word' id='word_1_350' title='bbox 2300 1603 2393 1643; x_wconf 89' lang='lat' dir='ltr'><em>capit,</em></span> <span class='ocrx_word' id='word_1_351' title='bbox 2417 1604 2471 1634; x_wconf 87' lang='lat' dir='ltr'><em>de-</em></span> 
     </span>
     <span class='ocr_line' id='line_1_34' title="bbox 277 1616 2470 1689; baseline 0 -11"><span class='ocrx_word' id='word_1_352' title='bbox 277 1616 391 1680; x_wconf 77' lang='lat' dir='ltr'><em>ltione</em></span> <span class='ocrx_word' id='word_1_353' title='bbox 415 1648 594 1689; x_wconf 88' lang='lat' dir='ltr'><em>primorum</em></span> <span class='ocrx_word' id='word_1_354' title='bbox 610 1655 790 1688; x_wconf 84' lang='lat' dir='ltr'><em>parentum,</em></span> <span class='ocrx_word' id='word_1_355' title='bbox 806 1648 868 1678; x_wconf 90' lang='lat' dir='ltr'><em>hoc</em></span> <span class='ocrx_word' id='word_1_356' title='bbox 891 1647 998 1678; x_wconf 91' lang='lat' dir='ltr'><em>solutn</em></span> <span class='ocrx_word' id='word_1_357' title='bbox 1014 1647 1217 1678; x_wconf 85' lang='lat' dir='ltr'><em>scribendum</em></span> <span class='ocrx_word' id='word_1_358' title='bbox 1234 1657 1346 1678; x_wconf 91' lang='lat' dir='ltr'><em>occur·</em></span> <span class='ocrx_word' id='word_1_359' title='bbox 1398 1646 1529 1677; x_wconf 88' lang='lat' dir='ltr'><em>tinendo</em></span> <span class='ocrx_word' id='word_1_360' title='bbox 1560 1646 1726 1677; x_wconf 88' lang='lat' dir='ltr'><em>hominem</em></span> <span class='ocrx_word' id='word_1_361' title='bbox 1749 1647 1782 1677; x_wconf 91' lang='lat' dir='ltr'><em>in</em></span> <span class='ocrx_word' id='word_1_362' title='bbox 1806 1647 1992 1678; x_wconf 90' lang='lat' dir='ltr'><em>huiusmodi</em></span> <span class='ocrx_word' id='word_1_363' title='bbox 2023 1647 2232 1678; x_wconf 85' lang='lat' dir='ltr'><em>delectatione</em></span> <span class='ocrx_word' id='word_1_364' title='bbox 2261 1647 2470 1684; x_wconf 88' lang='lat' dir='ltr'><em>sensibilium,</em></span> 
     </span>
     <span class='ocr_line' id='line_1_35' title="bbox 270 1691 2471 1734; baseline -0 -11"><span class='ocrx_word' id='word_1_365' title='bbox 270 1692 320 1730; x_wconf 85' lang='lat' dir='ltr'><em>rit,</em></span> <span class='ocrx_word' id='word_1_366' title='bbox 337 1693 427 1734; x_wconf 91' lang='lat' dir='ltr'><em>quod</em></span> <span class='ocrx_word' id='word_1_367' title='bbox 449 1692 483 1723; x_wconf 90' lang='lat' dir='ltr'><em>in</em></span> <span class='ocrx_word' id='word_1_368' title='bbox 507 1693 591 1723; x_wconf 85' lang='lat' dir='ltr'><em>calce</em></span> <span class='ocrx_word' id='word_1_369' title='bbox 607 1692 738 1723; x_wconf 89' lang='lat' dir='ltr'><em>secundi</em></span> <span class='ocrx_word' id='word_1_370' title='bbox 762 1692 884 1723; x_wconf 86' lang='lat' dir='ltr'><em>articuli</em></span> <span class='ocrx_word' id='word_1_371' title='bbox 898 1691 926 1729; x_wconf 79' lang='lat'><em>²⁸¹,</em></span> <span class='ocrx_word' id='word_1_372' title='bbox 944 1702 1018 1723; x_wconf 88' lang='lat' dir='ltr'><em>cum</em></span> <span class='ocrx_word' id='word_1_373' title='bbox 1035 1691 1149 1722; x_wconf 86' lang='lat' dir='ltr'><em>dicitur</em></span> <span class='ocrx_word' id='word_1_374' title='bbox 1171 1692 1260 1732; x_wconf 93' lang='lat' dir='ltr'><em>quod</em></span> <span class='ocrx_word' id='word_1_375' title='bbox 1279 1701 1346 1723; x_wconf 88' lang='lat' dir='ltr'><em>ser·</em></span> <span class='ocrx_word' id='word_1_376' title='bbox 1399 1691 1477 1722; x_wconf 90' lang='lat' dir='ltr'><em>dum</em></span> <span class='ocrx_word' id='word_1_377' title='bbox 1504 1691 1653 1722; x_wconf 86' lang='lat' dir='ltr'><em>inferiora</em></span> <span class='ocrx_word' id='word_1_378' title='bbox 1683 1691 1876 1728; x_wconf 86' lang='lat' dir='ltr'><em>considerat,</em></span> <span class='ocrx_word' id='word_1_379' title='bbox 1905 1692 1984 1722; x_wconf 89' lang='lat' dir='ltr'><em>dum</em></span> <span class='ocrx_word' id='word_1_380' title='bbox 2015 1691 2214 1722; x_wconf 87' lang='lat' dir='ltr'><em>conditiones</em></span> <span class='ocrx_word' id='word_1_381' title='bbox 2243 1699 2471 1722; x_wconf 87' lang='lat' dir='ltr'><em>eventurorum</em></span> 
     </span>
     <span class='ocr_line' id='line_1_36' title="bbox 266 1735 2471 1778; baseline -0 -10"><span class='ocrx_word' id='word_1_382' title='bbox 266 1747 352 1778; x_wconf 82' lang='lat' dir='ltr'><em>pens</em></span> <span class='ocrx_word' id='word_1_383' title='bbox 367 1737 516 1768; x_wconf 79' lang='lat' dir='ltr'><em>observat</em></span> <span class='ocrx_word' id='word_1_384' title='bbox 523 1738 674 1778; x_wconf 86' lang='lat' dir='ltr'><em>plantam</em></span> <span class='ocrx_word' id='word_1_385' title='bbox 691 1737 849 1775; x_wconf 82' lang='lat' dir='ltr'><em>mulieris,</em></span> <span class='ocrx_word' id='word_1_386' title='bbox 868 1742 914 1774; x_wconf 83' lang='lat' dir='ltr'><em>ut,</em></span> <span class='ocrx_word' id='word_1_387' title='bbox 930 1737 960 1768; x_wconf 86' lang='lat' dir='ltr'><em>si</em></span> <span class='ocrx_word' id='word_1_388' title='bbox 974 1737 1104 1777; x_wconf 76' lang='lat' dir='ltr'><em>quando</em></span> <span class='ocrx_word' id='word_1_389' title='bbox 1120 1737 1152 1766; x_wconf 88' lang='lat' dir='ltr'><em>in</em></span> <span class='ocrx_word' id='word_1_390' title='bbox 1169 1736 1282 1767; x_wconf 89' lang='lat' dir='ltr'><em>illicita</em></span> <span class='ocrx_word' id='word_1_391' title='bbox 1299 1737 1344 1767; x_wconf 88' lang='lat' dir='ltr'><em>la·</em></span> <span class='ocrx_word' id='word_1_392' title='bbox 1398 1735 1594 1766; x_wconf 88' lang='lat' dir='ltr'><em>sensibilium</em></span> <span class='ocrx_word' id='word_1_393' title='bbox 1619 1735 1819 1776; x_wconf 81' lang='lat' dir='ltr'><em>imaginatur,</em></span> <span class='ocrx_word' id='word_1_394' title='bbox 1836 1736 1985 1776; x_wconf 87' lang='lat' dir='ltr'><em>concipit,</em></span> <span class='ocrx_word' id='word_1_395' title='bbox 2003 1742 2034 1766; x_wconf 88' lang='lat' dir='ltr'><em>et</em></span> <span class='ocrx_word' id='word_1_396' title='bbox 2049 1746 2106 1776; x_wconf 87' lang='lat' dir='ltr'><em>per</em></span> <span class='ocrx_word' id='word_1_397' title='bbox 2129 1746 2180 1766; x_wconf 88' lang='lat' dir='ltr'><em>eas</em></span> <span class='ocrx_word' id='word_1_398' title='bbox 2197 1735 2353 1767; x_wconf 87' lang='lat' dir='ltr'><em>discurrit.</em></span> <span class='ocrx_word' id='word_1_399' title='bbox 2377 1736 2471 1767; x_wconf 85' lang='lat' dir='ltr'><em>Ratio</em></span> 
     </span>
     <span class='ocr_line' id='line_1_37' title="bbox 270 1779 2470 1822; baseline -0.001 -9"><span class='ocrx_word' id='word_1_400' title='bbox 270 1781 359 1813; x_wconf 77' lang='lat' dir='ltr'><em>bitur</em></span> <span class='ocrx_word' id='word_1_401' title='bbox 371 1781 398 1819; x_wconf 84' lang='lat'><em>*,</em></span> <span class='ocrx_word' id='word_1_402' title='bbox 414 1780 584 1814; x_wconf 86' lang='lat' dir='ltr'><em>delectatio</em></span> <span class='ocrx_word' id='word_1_403' title='bbox 601 1781 690 1813; x_wconf 87' lang='lat' dir='ltr'><em>illam</em></span> <span class='ocrx_word' id='word_1_404' title='bbox 712 1783 829 1822; x_wconf 87' lang='lat' dir='ltr'><em>capiat,</em></span> <span class='ocrx_word' id='word_1_405' title='bbox 847 1791 913 1812; x_wconf 90' lang='lat' dir='ltr'><em>non</em></span> <span class='ocrx_word' id='word_1_406' title='bbox 937 1781 981 1812; x_wconf 92' lang='lat' dir='ltr'><em>sic</em></span> <span class='ocrx_word' id='word_1_407' title='bbox 1000 1781 1142 1820; x_wconf 85' lang='lat' dir='ltr'><em>intelligo</em></span> <span class='ocrx_word' id='word_1_408' title='bbox 1162 1787 1199 1811; x_wconf 89' lang='lat' dir='ltr'><em>ut</em></span> <span class='ocrx_word' id='word_1_409' title='bbox 1218 1790 1346 1821; x_wconf 90' lang='lat' dir='ltr'><em>serpens</em></span> <span class='ocrx_word' id='word_1_410' title='bbox 1398 1780 1556 1821; x_wconf 86' lang='lat' dir='ltr'><em>siquidem</em></span> <span class='ocrx_word' id='word_1_411' title='bbox 1579 1780 1709 1811; x_wconf 86' lang='lat' dir='ltr'><em>inferior</em></span> <span class='ocrx_word' id='word_1_412' title='bbox 1731 1779 1794 1811; x_wconf 87' lang='lat' dir='ltr'><em>fine</em></span> <span class='ocrx_word' id='word_1_413' title='bbox 1825 1780 1874 1811; x_wconf 89' lang='lat' dir='ltr'><em>sui</em></span> <span class='ocrx_word' id='word_1_414' title='bbox 1902 1780 2007 1821; x_wconf 84' lang='lat' dir='ltr'><em>operis</em></span> <span class='ocrx_word' id='word_1_415' title='bbox 2036 1780 2172 1820; x_wconf 86' lang='lat' dir='ltr'><em>capitur:</em></span> <span class='ocrx_word' id='word_1_416' title='bbox 2198 1780 2274 1821; x_wconf 89' lang='lat' dir='ltr'><em>quia</em></span> <span class='ocrx_word' id='word_1_417' title='bbox 2303 1787 2380 1811; x_wconf 92' lang='lat' dir='ltr'><em>tunc</em></span> <span class='ocrx_word' id='word_1_418' title='bbox 2403 1781 2470 1811; x_wconf 88' lang='lat' dir='ltr'><em>eius</em></span> 
     </span>
     <span class='ocr_line' id='line_1_38' title="bbox 272 1824 2471 1868; baseline -0.001 -11"><span class='ocrx_word' id='word_1_419' title='bbox 272 1833 413 1868; x_wconf 78' lang='lat' dir='ltr'><em>expectet</em></span> <span class='ocrx_word' id='word_1_420' title='bbox 436 1827 563 1867; x_wconf 88' lang='lat' dir='ltr'><em>lapsum</em></span> <span class='ocrx_word' id='word_1_421' title='bbox 587 1825 739 1863; x_wconf 85' lang='lat' dir='ltr'><em>mulieris,</em></span> <span class='ocrx_word' id='word_1_422' title='bbox 756 1827 818 1857; x_wconf 90' lang='lat' dir='ltr'><em>hoc</em></span> <span class='ocrx_word' id='word_1_423' title='bbox 842 1833 888 1857; x_wconf 88' lang='lat' dir='ltr'><em>est</em></span> <span class='ocrx_word' id='word_1_424' title='bbox 911 1826 1040 1857; x_wconf 84' lang='lat' dir='ltr'><em>rationis</em></span> <span class='ocrx_word' id='word_1_425' title='bbox 1063 1825 1230 1862; x_wconf 84' lang='lat' dir='ltr'><em>inferioris,</em></span> <span class='ocrx_word' id='word_1_426' title='bbox 1250 1832 1280 1856; x_wconf 92' lang='lat' dir='ltr'><em>et</em></span> <span class='ocrx_word' id='word_1_427' title='bbox 1302 1825 1346 1855; x_wconf 88' lang='lat' dir='ltr'><em>la·</em></span> <span class='ocrx_word' id='word_1_428' title='bbox 1399 1825 1565 1855; x_wconf 80' lang='lat' dir='ltr'><em>delectatio</em></span> <span class='ocrx_word' id='word_1_429' title='bbox 1589 1834 1782 1855; x_wconf 88' lang='lat' dir='ltr'><em>consensum</em></span> <span class='ocrx_word' id='word_1_430' title='bbox 1805 1825 1909 1855; x_wconf 84' lang='lat' dir='ltr'><em>habet.</em></span> <span class='ocrx_word' id='word_1_431' title='bbox 1933 1825 1975 1855; x_wconf 95' lang='lat' dir='ltr'><em>Et</em></span> <span class='ocrx_word' id='word_1_432' title='bbox 1990 1824 2044 1861; x_wconf 90' lang='lat' dir='ltr'><em>sic,</em></span> <span class='ocrx_word' id='word_1_433' title='bbox 2062 1825 2140 1855; x_wconf 88' lang='lat' dir='ltr'><em>dum</em></span> <span class='ocrx_word' id='word_1_434' title='bbox 2156 1825 2271 1855; x_wconf 89' lang='lat' dir='ltr'><em>mulier</em></span> <span class='ocrx_word' id='word_1_435' title='bbox 2293 1824 2326 1855; x_wconf 93' lang='lat' dir='ltr'><em>in</em></span> <span class='ocrx_word' id='word_1_436' title='bbox 2348 1824 2471 1856; x_wconf 87' lang='lat' dir='ltr'><em>illicitas</em></span> 
     </span>
     <span class='ocr_line' id='line_1_39' title="bbox 272 1869 2470 1912; baseline -0.001 -10"><span class='ocrx_word' id='word_1_437' title='bbox 272 1881 364 1912; x_wconf 81' lang='lat' dir='ltr'><em>psam</em></span> <span class='ocrx_word' id='word_1_438' title='bbox 389 1871 596 1902; x_wconf 79' lang='lat' dir='ltr'><em>delectatione</em></span> <span class='ocrx_word' id='word_1_439' title='bbox 626 1871 743 1911; x_wconf 80' lang='lat' dir='ltr'><em>capiat:</em></span> <span class='ocrx_word' id='word_1_440' title='bbox 768 1871 823 1902; x_wconf 90' lang='lat' dir='ltr'><em>sed</em></span> <span class='ocrx_word' id='word_1_441' title='bbox 856 1871 946 1911; x_wconf 92' lang='lat' dir='ltr'><em>quod</em></span> <span class='ocrx_word' id='word_1_442' title='bbox 970 1880 1098 1910; x_wconf 88' lang='lat' dir='ltr'><em>serpens</em></span> <span class='ocrx_word' id='word_1_443' title='bbox 1129 1869 1347 1901; x_wconf 85' lang='lat' dir='ltr'><em>delectationis</em></span> <span class='ocrx_word' id='word_1_444' title='bbox 1398 1869 1514 1900; x_wconf 83' lang='lat' dir='ltr'><em>labitur</em></span> <span class='ocrx_word' id='word_1_445' title='bbox 1537 1869 1696 1900; x_wconf 84' lang='lat' dir='ltr'><em>sensuales</em></span> <span class='ocrx_word' id='word_1_446' title='bbox 1720 1869 1938 1909; x_wconf 88' lang='lat' dir='ltr'><em>cogitationes,</em></span> <span class='ocrx_word' id='word_1_447' title='bbox 1962 1879 2090 1910; x_wconf 89' lang='lat' dir='ltr'><em>serpens</em></span> <span class='ocrx_word' id='word_1_448' title='bbox 2113 1869 2294 1906; x_wconf 88' lang='lat' dir='ltr'><em>insidiatur,</em></span> <span class='ocrx_word' id='word_1_449' title='bbox 2318 1876 2364 1906; x_wconf 90' lang='lat' dir='ltr'><em>ut,</em></span> <span class='ocrx_word' id='word_1_450' title='bbox 2388 1869 2470 1900; x_wconf 89' lang='lat' dir='ltr'><em>dele-</em></span> 
     </span>
     <span class='ocr_line' id='line_1_40' title="bbox 271 1913 2129 1957; baseline -0.002 -11"><span class='ocrx_word' id='word_1_451' title='bbox 271 1916 389 1957; x_wconf 83' lang='lat' dir='ltr'><em>laqueo</em></span> <span class='ocrx_word' id='word_1_452' title='bbox 413 1915 582 1947; x_wconf 87' lang='lat' dir='ltr'><em>mulierem</em></span> <span class='ocrx_word' id='word_1_453' title='bbox 605 1922 758 1952; x_wconf 82' lang='lat' dir='ltr'><em>nostram,</em></span> <span class='ocrx_word' id='word_1_454' title='bbox 774 1925 811 1946; x_wconf 82' lang='lat' dir='ltr'><em>ex</em></span> <span class='ocrx_word' id='word_1_455' title='bbox 827 1914 967 1945; x_wconf 88' lang='lat' dir='ltr'><em>inferiori</em></span> <span class='ocrx_word' id='word_1_456' title='bbox 984 1922 1071 1955; x_wconf 85' lang='lat' dir='ltr'><em>parte</em></span> <span class='ocrx_word' id='word_1_457' title='bbox 1095 1914 1120 1945; x_wconf 92' lang='lat' dir='ltr'><em>si</em></span> <span class='ocrx_word' id='word_1_458' title='bbox 1145 1914 1275 1955; x_wconf 91' lang='lat' dir='ltr'><em>quando</em></span> <span class='ocrx_word' id='word_1_459' title='bbox 1299 1914 1345 1944; x_wconf 88' lang='lat' dir='ltr'><em>la·</em></span> <span class='ocrx_word' id='word_1_460' title='bbox 1399 1913 1536 1944; x_wconf 85' lang='lat' dir='ltr'><em>ctatione</em></span> <span class='ocrx_word' id='word_1_461' title='bbox 1558 1914 1760 1955; x_wconf 86' lang='lat' dir='ltr'><em>illaqueante,</em></span> <span class='ocrx_word' id='word_1_462' title='bbox 1777 1923 1950 1944; x_wconf 88' lang='lat' dir='ltr'><em>consensus</em></span> <span class='ocrx_word' id='word_1_463' title='bbox 1973 1913 2129 1944; x_wconf 86' lang='lat' dir='ltr'><em>adveniat.</em></span> 
     </span>
     <span class='ocr_line' id='line_1_41' title="bbox 272 1957 1374 2000; baseline -0.002 -9"><span class='ocrx_word' id='word_1_464' title='bbox 272 1959 367 1996; x_wconf 90' lang='lat' dir='ltr'><em>bitur,</em></span> <span class='ocrx_word' id='word_1_465' title='bbox 385 1960 446 1991; x_wconf 91' lang='lat' dir='ltr'><em>hoc</em></span> <span class='ocrx_word' id='word_1_466' title='bbox 470 1966 526 1996; x_wconf 91' lang='lat' dir='ltr'><em>est,</em></span> <span class='ocrx_word' id='word_1_467' title='bbox 544 1960 583 1990; x_wconf 87' lang='lat' dir='ltr'><em>ad</em></span> <span class='ocrx_word' id='word_1_468' title='bbox 607 1960 734 2000; x_wconf 86' lang='lat' dir='ltr'><em>lapsum</em></span> <span class='ocrx_word' id='word_1_469' title='bbox 763 1969 800 1990; x_wconf 91' lang='lat' dir='ltr'><em>ex</em></span> <span class='ocrx_word' id='word_1_470' title='bbox 829 1959 898 1999; x_wconf 84' lang='lat' dir='ltr'><em>ipsa</em></span> <span class='ocrx_word' id='word_1_471' title='bbox 922 1958 1179 1999; x_wconf 87' lang='lat' dir='ltr'><em>concupiscentia</em></span> <span class='ocrx_word' id='word_1_472' title='bbox 1210 1958 1347 1989; x_wconf 89' lang='lat' dir='ltr'><em>sensuali</em></span> <span class='ocrx_word' id='word_1_473' title='bbox 1371 1957 1374 1985; x_wconf 75' lang='lat' dir='ltr'><em>l</em></span> 
     </span>
    </p>
   </div>
   <div class='ocr_carea' id='block_1_16' title="bbox 1043 2577 1715 2931">
    <p class='ocr_par' dir='ltr' id='par_1_16' title="bbox 1043 2577 1715 2931">
     <span class='ocr_line' id='line_1_42' title="bbox 1043 2577 1715 2931; baseline 0 1267"><span class='ocrx_word' id='word_1_474' title='bbox 1043 2577 1715 2931; x_wconf 95' lang='lat' dir='ltr'><em> </em></span> 
     </span>
    </p>
   </div>
  </div>
 </body>
</html>
