2768 4198
290 282 360 318 150

958 279 1227 326 QUAEsT1o
1259 279 1433 325 CXLVI,
1463 279 1763 316 ARTICULUS
1794 279 1807 314 1

449 517 862 598 QUAESTIO
904 513 2331 590 CENTESIMAQUADRAGESIMASEXTA

1028 634 1127 674 DE
1182 633 1386 674 ABST

1116 751 1150 775 IN

370 862 477 887 EINDE
516 847 838 885 considerandum
869 854 924 883 est
958 847 1005 883 de
1034 846 1205 894 partibus
1234 844 1358 881 subie-

45 918 104 939 ἐπ’.
121 923 150 944 qu
177 922 257 942 cmv,
287 862 477 944 Detivis
505 901 779 950 temperantiae
798 900 829 937 ²³.
861 901 910 942 Et
937 899 1074 949 primo,
1102 899 1150 936 de
1175 899 1234 936 his
1259 911 1359 947 quae
1387 902 1388 922 ³

286 965 372 995 sunt
410 957 508 993 circa
547 955 817 993 delectationes
857 954 1051 999 ciborum;
1082 953 1273 999 secundo,
1311 952 1388 989 de'

286 1011 342 1048 his
371 1022 469 1059 quae
499 1017 586 1046 sunt
617 1009 715 1045 circa
746 1008 1018 1045 delectationes
1047 1018 1306 1044 venereorum
1329 1007 1358 1043 *.

286 1065 396 1101 Circa
425 1063 615 1112 primum,
650 1062 973 1099 considerandum
1004 1069 1059 1098 est
1093 1061 1140 1098 de
1169 1060 1360 1097 abstinen-
1387 1065 1388 1069 ’

284 1118 345 1165 tia,
367 1130 465 1166 quae
496 1125 551 1154 est
581 1116 678 1154 circa
708 1116 814 1153 cibos
844 1124 879 1152 et
908 1123 1042 1164 potus;
1073 1122 1109 1151 et
1140 1115 1187 1151 de
1216 1114 1360 1151 sobrie-

284 1179 359 1209 tate
379 1171 420 1218 *,
451 1182 548 1220 quae
584 1178 639 1207 est
682 1169 894 1218 specialiter
929 1169 1027 1206 circa
1062 1176 1211 1217 potum.
1249 1167 1389 1217 Circa¹

44 944 131 966 lntrod.

46 1024 55 1034 ·
71 1023 118 1050 Qu.
134 1027 178 1043 cu.

44 1180 54 1190 ⁸
70 1179 115 1206 Qu.
132 1184 205 1199 cxi-ix.

1402 633 1743 673 INENTIA

1181 750 1277 776 DUOS
1304 749 1509 775 ARTICULOS
1539 749 1657 774 mvtsA

1415 844 1682 882 abstinentiam
1699 851 1828 881 autern
1845 844 2124 882 consideranda
2139 853 2227 882 sunt
2241 845 2329 883 tria:
2349 846 2488 895 primo,

1416 898 1463 935 de
1492 899 1574 948 ipsa
1603 897 1852 943 abstinentia;
1882 897 2073 943 secundo,
2104 898 2152 935 de
2181 905 2268 936 actu
2297 900 2394 946 eius,
2425 899 2491 948 qui

1416 959 1471 988 est
1499 951 1684 989 ieiunium
1709 951 1747 997 *;
1778 951 1908 998 tertio,
1940 952 1988 988 de
2023 951 2117 988 vitio
2154 953 2354 1000 opposito,
2385 954 2491 1002 quod

1416 1014 1471 1042 est
1500 1006 1587 1054 gula
1605 1005 1637 1043 ²¹⁶.
1895 1045 1898 1047 Α

1416 1059 1527 1096 Circa
1556 1059 1826 1096 abstinentiam
1856 1066 1985 1096 autem
2016 1065 2253 1106 quaeruntur
2282 1059 2373 1096 duo.

1470 1113 1617 1150 Primo:
1649 1120 1777 1150 utrum
1807 1112 2036 1149 abstinentia
2065 1112 2111 1149 sit
2138 1112 2270 1149 virtus.

1472 1167 1670 1204 Secundo:
1701 1175 1830 1203 utrum
1860 1167 1906 1203 sit
1934 1166 2053 1204 virtus
2083 1166 2266 1215 specialis.

1107 1279 1430 1321 ARTICULUS
1462 1278 1672 1320 PRIMUS

1015 1373 1172 1405 UTRUM
1196 1373 1489 1404 ABSTINENTIA
1514 1373 1580 1403 SIT
1604 1372 1764 1403 VIRTUS

1035 1455 1127 1487 Supra,
1148 1462 1193 1486 qu.
1213 1461 1304 1484 ch1113
1324 1454 1368 1478 Ad
1386 1454 1474 1483 Rom„
1495 1461 1552 1486 cap.
1571 1461 1621 1483 xiv,
1643 1454 1701 1478 lect.
1721 1461 1749 1478 u.

315 1556 377 1599 ἢ»
400 1559 474 1609 tax(
499 1550 521 1574 D
551 1548 690 1573 ptumum
715 1547 770 1572 stc
794 1546 1037 1571 PROCEDITUR.
1067 1534 1228 1571 Videtur
1255 1533 1360 1583 quod
1387 1551 1388 1572 1

309 1583 477 1652 'sa-¹⁸:54
500 1589 726 1628 abstinentia
760 1601 839 1626 non
874 1589 919 1625 sit
946 1588 1078 1625 virtus.
1119 1587 1219 1624 Dicit
1258 1575 1389 1624 eniml

301 1632 722 1708 WApostolus,
754 1644 767 1679 l
797 1643 849 1679 ad
872 1643 959 1679 Cor.
986 1654 1021 1679 1v
1042 1643 1083 1678 ²³²:
1114 1642 1205 1679 Non
1231 1647 1284 1678 est
1303 1653 1362 1677 re·
1388 1680 1389 1683 ,

341 1676 440 1736 ἐΰν)
455 1692 620 1748 gnum
650 1697 724 1734 Dei
751 1697 787 1733 in
817 1708 1012 1742 sermone,
1041 1695 1108 1732 sed
1142 1696 1178 1731 in
1215 1695 1360 1731 virtute.
1389 1708 1390 1712 ¹

288 1756 328 1791 In
359 1752 585 1791 abstinentia
615 1758 743 1787 autem
774 1763 853 1787 non
883 1749 1053 1787 consistit
1081 1761 1241 1796 regnum
1271 1748 1362 1785 Dei:

144 1816 159 1832 ²
287 1808 375 1846 dicit
405 1806 507 1844 enim
537 1805 759 1854 ApostolUS‚
789 1805 901 1841 Rom.
925 1809 942 1824 ‘²
962 1815 1023 1840 xiv
1042 1802 1079 1839 *z
1110 1802 1202 1839 Non
1223 1808 1278 1839 est
1304 1814 1362 1838 re·
1390 1793 1392 1821 i

46 1871 54 1879 ⁸
69 1842 202 1897 X‘ssffliig.
284 1874 406 1912 gnum
426 1860 501 1897 Dei
527 1871 612 1896 esca
632 1864 668 1895 et
677 1863 809 1907 potus,·
837 1857 903 1894 ubi
924 1857 1013 1895 dicit
1041 1856 1179 1893 Glossa
1198 1855 1218 1877 '¹‘
1238 1867 1307 1892 nec
1326 1856 1362 1891 in

285 1915 503 1954 abstinendo
525 1925 593 1950 nec
612 1913 649 1949 in
670 1912 937 1949 manducando
953 1923 1031 1948 esse
1050 1910 1239 1947 iustitiam.
1262 1910 1364 1957 Ergo
1391 1905 1393 1967 ἶ

289 1968 515 2007 abstinentia
545 1979 624 2004 non
653 1974 710 2004 est
736 1965 867 2002 virtus.

46 2026 54 2035 ⁰
69 2026 124 2052 cap.
141 2031 171 2046 ¹¹·
342 2035 376 2060 2.
400 2023 635 2068 PRAETEREA,
655 2019 891 2067 Augustinus
912 2018 1012 2066 dicit,
1029 2018 1066 2055 in
1087 2018 1121 2054 X
1142 2017 1309 2065 Confess.
1333 2016 1364 2063 *,

287 2078 335 2115 ad
365 2078 494 2113 Deum
523 2076 705 2124 loquens:
746 2074 835 2110 Hoc
862 2085 923 2110 me
959 2072 1135 2117 docuisti,
1167 2076 1208 2107 ut
1236 2082 1364 2119 quem-

286 2131 492 2169 admodum
527 2129 822 2174 medicamenta,
851 2127 904 2164 sic
932 2126 1111 2163 alimenta
1148 2130 1366 2173 sumpturus
1393 2123 1394 2143 l

287 2185 478 2222 accedam.
520 2183 598 2219 Sed
637 2181 919 2218 medicamenta
955 2178 1148 2216 moderari
1178 2190 1256 2215 non
1280 2190 1366 2226 per-

287 2239 379 2276 tinet
426 2237 473 2274 ad
515 2236 719 2282 virtutem,
760 2235 829 2271 sed
871 2234 919 2270 ad
970 2241 1088 2270 artem
1138 2231 1364 2269 medicinae.
1392 2252 1395 2266 ι

290 2293 412 2339 Ergo,
449 2289 531 2339 pari
575 2289 741 2335 ratione,
782 2287 975 2325 moderari
1019 2286 1220 2331 alimenta,
1261 2284 1366 2333 quod

289 2345 451 2395 pertinet
480 2343 528 2380 ad
557 2342 842 2388 abstinentiam,
871 2353 949 2378 non
980 2348 1034 2376 est
1064 2347 1170 2376 actus
1198 2337 1365 2384 virtutis,

290 2399 358 2436 sed
388 2397 487 2434 artis.

346 2454 380 2490 3.
408 2452 643 2496 PRAETEREA,
674 2448 800 2486 omnis
829 2448 949 2485 virtus
978 2448 1015 2484 in
1045 2446 1167 2483 medio
1187 2445 1364 2491 consistit,

51 2513 123 2561 ‘SCTag
144 2517 263 2560 &antii-²
291 2514 330 2542 ut
364 2506 525 2542 habetur
554 2504 591 2540 in
623 2503 794 2539 11Ethz'c.
816 2502 836 2523 ³⁸
864 2501 1103 2538 Abstinentia
1129 2507 1257 2537 autem
1288 2511 1367 2536 non

50 2557 85 2588 Cf·
107 2556 156 2593 02¹⁹·
177 2556 222 2589 4¹¹2
243 2553 262 2586 ὲ·
290 2559 442 2597 videtur
471 2558 509 2594 in
538 2556 667 2594 medio
690 2555 907 2602 consistere,
930 2555 997 2591 sed
1018 2554 1055 2590 in
1077 2554 1246 2590 defectu:
1278 2564 1366 2589 cum

49 2593 93 2615 Th.
110 2594 159 2615 lect.
172 2598 219 2617 vniv
232 2598 262 2613 ix.

292 2626 337 2650 ex
367 2611 624 2649 subtractione
654 2609 884 2647 nominetur.
915 2609 1018 2656 Ergo
1040 2606 1269 2644 abstinentia
1289 2618 1367 2643 non
1393 2619 1395 2623 ·

292 2675 348 2704 est
376 2666 506 2702 virtus.

344 2732 381 2767 4.
405 2721 639 2764 PRAETEREA,
661 2718 763 2754 nulla
791 2716 910 2754 virtus
940 2715 1103 2753 excludit
1132 2713 1258 2750 aliam.
1290 2713 1367 2750 Sed
1394 2721 1395 2727 ¹

292 2773 520 2811 abstinentia
550 2771 713 2809 excludit
742 2770 985 2820 patientiam:
1023 2768 1112 2806 dicit
1141 2767 1242 2804 enim
1274 2767 1367 2804 Gre-
1394 2780 1395 2799 i

52 2837 261 2885 {13³¹‘2'1u103m‘3'
292 2828 432 2876 gorius,
463 2827 500 2863 in
529 2825 719 2863 Pastorali
735 2825 767 2873 ²⁸,
797 2824 902 2874 quod
931 2828 1071 2860 mentes
1103 2821 1367 2859 abstinentium

51 2869 225 2912 ‘adffiohmss
258 2881 262 2886 ’
288 2882 513 2931 plerumque
550 2879 780 2928 impatientia
816 2877 957 2915 excutit
983 2889 1006 2914 a
1039 2877 1123 2913 sinu
1159 2875 1367 2923 tranquilli-

292 2936 386 2972 tatis.
421 2934 567 2971 Ibidem
599 2933 712 2970 etiam
744 2931 832 2969 dicit
861 2931 968 2979 quod
993 2929 1238 2980 cogitationes
1258 2929 1368 2966 absti-
1394 2945 1395 2960 ι

293 2989 459 3026 nentium
490 2998 763 3034 nonnunquam
791 2985 990 3034 superbiae
1017 2984 1127 3032 culpa
1157 2982 1368 3033 transfigit:

294 3051 329 3080 et
358 3042 408 3079 ita
438 3040 600 3078 excludit
615 3039 880 3077 humilitatem.
912 3039 1015 3086 Ergo
1045 3036 1270 3074 abstinentia
1290 3048 1368 3073 non

294 3104 350 3133 est
376 3095 507 3132 virtus.

348 3150 422 3186 SED
447 3159 595 3186 CONTRA
614 3158 680 3184 EST
708 3146 814 3195 quod
844 3144 980 3182 dicitur
1010 3145 1040 3180 II
1071 3144 1152 3180 Pet.
1183 3142 1251 3180 1²¹²:
1289 3143 1368 3180 Mi-

295 3203 448 3240 nistrate
476 3203 513 3239 in
531 3201 616 3249 fide
643 3206 766 3237 vestra
795 3199 982 3245 virtutem,
1013 3198 1050 3235 in
1079 3197 1216 3234 virtute
1243 3202 1369 3234 autem

294 3257 509 3302 scientiam,
549 3255 586 3292 in
623 3253 777 3291 scientia
814 3258 940 3290 autem
983 3251 1268 3289 abstinentiam:
1305 3250 1371 3287 ubi

297 3309 522 3347 abstinentia
559 3308 637 3345 aliis
672 3306 877 3345 virtutibus
918 3312 1229 3343 connumeratur.
1267 3304 1370 3352 Ergo

297 3362 523 3400 abstinentia
552 3370 607 3398 est
633 3361 764 3398 virtus.

351 3417 577 3453 Rsssposm-:o
604 3426 788 3452 mCENDUM
822 3413 927 3463 quod
962 3411 1187 3450 abstinentia
1226 3423 1270 3447 ex
1300 3423 1369 3447 suo

55 3157 63 3166 ⁸
80 3157 145 3177 vers.
162 3162 180 3184 5,
197 3156 219 3177 6.

298 3469 454 3507 nomine
484 3468 663 3517 importat
691 3466 990 3504 subtractionem
1021 3465 1207 3502 ciborum.
1238 3463 1371 3513 Dupli-

351 3601 378 3633 α)
399 3600 478 3625 Rom.
491 3612 510 3618 -
529 3599 545 3623 1
559 3598 596 3623 ad
616 3598 694 3623 Rom.
714 3597 826 3626 AFLsE,
847 3597 862 3621 Ῑ
877 3597 914 3622 ad
935 3597 997 3622 Cor.
1016 3596 1130 3626 BDKsC,
1150 3603 1203 3620 orn.
1223 3594 1271 3627 pC·

353 3636 377 3669 β)
397 3638 432 3661 et.
445 3648 462 3654 -
481 3634 561 3660 etiam
582 3634 600 3663 1,
619 3641 674 3658 oin.
694 3632 891 3657 PDEFGKLsC
910 3637 934 3656 et
954 3639 979 3656 a.

1417 1534 1508 1571 citer
1538 1547 1628 1582 ergo
1658 1546 1802 1570 nomen
1824 1533 2074 1571 abstinentiae
2099 1533 2220 1582 accipi
2239 1540 2376 1582 potest.
2407 1533 2494 1570 Uno

1417 1589 1549 1634 modo,
1581 1588 1795 1625 secundum
1835 1587 1941 1638 quod
1980 1587 2154 1624 absolute
2193 1586 2367 1624 ciborum
2407 1586 2496 1623 sub-

1417 1642 1643 1679 tractionem
1683 1641 1865 1690 designat.
1911 1642 1959 1678 Et
1996 1642 2071 1678 hoc
2109 1641 2229 1678 modo
2270 1639 2497 1678 abstinentia

1419 1709 1497 1733 non
1527 1696 1697 1744 designat
1726 1708 1852 1744 neque
1881 1695 2063 1732 virtutem
2093 1707 2220 1744 neque
2258 1702 2387 1732 actum
2421 1693 2497 1731 vir-

1419 1750 1517 1794 tutis⁷
1549 1751 1615 1787 sed
1646 1749 1832 1797 quiddam
1862 1749 2093 1786 indifferens.
2116 1771 2139 1777 -
2160 1748 2247 1785 Alio
2277 1748 2398 1785 modo
2427 1759 2496 1796 po-

1419 1812 1491 1841 test
1519 1804 1640 1852 accipi
1670 1803 1883 1840 secundum
1913 1802 2018 1852 quod
2050 1811 2104 1839 est
2132 1802 2277 1839 ratione
2314 1802 2495 1850 regulata.

1420 1859 1469 1895 Et
1489 1866 1578 1894 tunc
1598 1857 1786 1905 significat
1804 1857 1866 1893 vel
1886 1856 2060 1894 habitum
2089 1856 2248 1902 virtutis,
2270 1857 2331 1893 vel
2353 1863 2494 1893 actum.

1421 1912 1470 1948 Et
1498 1912 1574 1948 hoc
1602 1910 1834 1959 significatur
1858 1910 1896 1947 in
1916 1909 2128 1959 praemissa
2142 1909 2162 1931 ’¹‘
2182 1909 2405 1946 auctoritate
2425 1909 2495 1946 Pe-

1392 1998 1393 2001 ,
1420 1965 1477 2013 tri,
1499 1965 1565 2002 ubi
1595 1964 1730 2002 dicitur
1749 1964 1785 2000 in
1805 1964 1959 2001 scientia
1987 1963 2251 2001 abstinentiam
2280 1963 2497 2000 ministran-

1420 2020 1529 2056 dam:
1566 2026 1605 2055 ut
1640 2017 1782 2055 scilicet
1817 2018 1939 2055 homo
1977 2030 1998 2054 a
2029 2017 2122 2054 cibis
2161 2016 2348 2054 abstineat
2383 2022 2499 2066 prout

1421 2081 1588 2122 oportet,
1612 2084 1688 2121 pro
1717 2071 1967 2122 congruentia
2006 2071 2202 2108 hominum
2238 2082 2325 2108 cum
2363 2069 2498 2119 quibus

1420 2127 1513 2164 vivit
1543 2132 1579 2163 et
1610 2138 1799 2174 personae
1834 2137 1942 2171 suae,
1972 2131 2008 2162 et
2037 2137 2109 2174 pro
2146 2124 2370 2162 valetudinis
2406 2135 2500 2161 suae

1422 2181 1638 2218 necessitate
1656 2179 1687 2217 ²⁸.

1475 2237 1534 2271 AD
1555 2246 1693 2270 PR1MUM
1722 2244 1822 2270 ERGO
1843 2244 2029 2270 DICENDUM
2049 2231 2155 2282 quod
2176 2239 2212 2269 et
2231 2229 2246 2261 β
2274 2243 2366 2269 usus
2396 2229 2500 2268 cibo-

1422 2300 1508 2326 rum
1539 2296 1575 2324 et
1604 2299 1739 2324 eorum
1777 2286 2025 2333 abstinentia,
2055 2285 2270 2323 secundum
2307 2298 2347 2322 se
2377 2283 2500 2322 consi—

1423 2342 1565 2387 derata,
1587 2353 1665 2378 non
1695 2340 1883 2389 pertinent
1903 2342 1950 2376 ad
1980 2351 2141 2387 regnum
2161 2338 2256 2376 Dei:
2287 2338 2376 2376 dicit
2395 2337 2498 2376 enim

1421 2395 1643 2445 Apostolus,
1675 2395 1688 2430 1
1718 2394 1770 2430 ad
1796 2394 1883 2430 Cor.
1904 2405 1965 2430 vm
1990 2392 2030 2429 *ε
2067 2394 2168 2430 Esca
2198 2404 2266 2429 nos
2294 2404 2368 2429 non
2399 2403 2500 2429 com-

1422 2448 1574 2486 mendat
1601 2449 1695 2485 Deo.
1731 2447 1869 2496 Neque
1897 2447 2009 2492 enim,
2039 2446 2073 2483 si
2100 2458 2174 2483 non
2209 2445 2498 2483 manducaveri-

1422 2515 1518 2548 mus,
1548 2502 1785 2550 deficiemus:
1814 2512 1945 2549 neque,
1974 2500 2008 2536 si
2034 2499 2360 2545 manducabimus,
2381 2499 2499 2536 abun-

1422 2556 1615 2602 dabimus,
1650 2555 1790 2592 scilicet
1827 2553 2078 2603 spiritualiter.
2117 2553 2333 2602 Utrumque
2369 2560 2499 2590 autern

1423 2622 1559 2647 eorum
1590 2609 1804 2645 secundum
1834 2607 1940 2656 quod
1970 2607 2013 2644 fit
2042 2606 2313 2644 rationabiliter
2348 2618 2393 2643 ex
2422 2605 2500 2644 fide

1393 2677 1395 2687 *
1423 2673 1459 2702 et
1488 2663 1690 2701 dilectione
1720 2662 1803 2708 Dei,
1833 2661 1997 2711 pertinet
2025 2661 2074 2698 ad
2105 2672 2264 2709 regnum
2295 2659 2381 2697 Dei.

1476 2719 1535 2755 Αι)
1551 2728 1743 2754 SECUNDUM
1760 2727 1946 2753 met-:noun
1962 2714 2068 2763 quod
2090 2713 2305 2752 moderatio
2323 2713 2499 2750 ciborum

1423 2771 1636 2809 secundum
1668 2769 1915 2819 quantitatem
1946 2776 1982 2806 et
2006 2768 2229 2817 qualitatem
2258 2767 2420 2816 pertinet
2449 2766 2498 2804 ad

1423 2833 1542 2863 artem
1566 2823 1779 2862 medicinae
1800 2823 1837 2860 in
1859 2821 2146 2871 comparatione
2168 2822 2216 2859 ad
2237 2821 2500 2864 valetudinem

1424 2879 1612 2929 corporis:
1643 2878 1711 2915 sed
1732 2877 1945 2914 secundum
1975 2875 2173 2914 interiores
2203 2874 2438 2922 affectiones,
2462 2873 2500 2911 in

1424 2932 1710 2982 comparatione
1730 2931 1779 2968 ad
1795 2931 1943 2968 bonum
1965 2929 2131 2977 rationis,
2148 2928 2310 2978 pertinet
2325 2928 2374 2965 ad
2389 2926 2501 2965 absti-

1423 2987 1604 3025 nentiam.
1625 2985 1738 3023 Unde
1755 2983 1989 3033 Augustinus
2005 2982 2105 3030 dicit,
2123 2983 2159 3020 in
2176 2982 2270 3019 libro
2286 2982 2332 3019 de
2350 2981 2499 3024 Quaest.

1422 3042 1574 3090 Evang.
1595 3039 1635 3076 *t
1666 3039 1758 3076 Non
1788 3038 1940 3075 interest
1965 3037 2138 3083 omnino,
2169 3035 2309 3073 scilicet
2342 3034 2392 3071 ad
2426 3034 2500 3071 vir-

1394 3129 1397 3136 ,
1424 3102 1558 3141 tutem,
1588 3093 1680 3142 quid
1705 3092 1971 3130 alimentorum
1998 3091 2059 3128 vel
2085 3094 2268 3139 quantum
2290 3088 2373 3137 quis
2400 3088 2498 3125 acci—

1419 3149 1517 3198 piat,
1547 3146 1752 3184 dummodo
1782 3146 1821 3183 id
1839 3145 1965 3194 faciat
1985 3155 2059 3194 pro
2093 3142 2342 3193 congruentia
2379 3142 2499 3179 homi-

1426 3214 1517 3240 num
1546 3213 1632 3243 cum
1661 3200 1795 3250 quibus
1822 3199 1915 3236 vivit
1947 3203 1983 3235 et
2002 3207 2193 3247 personae
2225 3207 2337 3241 suae,
2367 3201 2403 3232 et
2423 3207 2498 3244 pro

1425 3254 1648 3293 valetudinis
1674 3264 1767 3291 suae
1794 3251 2030 3290 necessitate:
2057 3249 2125 3287 sed
2150 3255 2292 3298 quanta
2313 3249 2500 3296 facilitate

1426 3315 1462 3347 et
1487 3308 1685 3346 serenitate
1703 3312 1718 3335 ‘f
1747 3306 1868 3344 animi
1899 3305 1956 3342 his
1983 3304 2124 3350 valeat,
2154 3315 2239 3340 cum
2269 3308 2415 3351 oportet
2440 3302 2500 3340 vel

1427 3374 1575 3400 necesse
1602 3366 1665 3407 est,
1695 3370 1838 3397 carere.

1480 3417 1540 3452 An
1567 3425 1729 3452 τεκτιυΜ
1761 3423 1946 3449 ῡιεεΝουΜ
1980 3410 2085 3460 quod
2119 3410 2168 3448 ad
2206 3408 2498 3460 temperantiam

1426 3468 1589 3518 pertinet
1625 3466 1814 3504 refrenare
1844 3464 2114 3503 delectationes
2145 3475 2243 3514 quae
2278 3462 2390 3500 nimis
2419 3461 2498 3500 ani-

1479 3591 1507 3626 γ)
1527 3595 1553 3617 et
1570 3591 1750 3617 serenitate.-
1768 3593 1795 3615 et
1813 3589 1956 3615 severitate
1975 3589 2031 3619 PE.
2050 3596 2103 3614 om.
2124 3589 2153 3613 L.

2520 962 2529 971 ⁸
2545 960 2592 987 Qu.
2609 964 2694 981 mvn.

2522 1007 2531 1016 ⁴
2546 1005 2593 1032 Qu.
2609 1009 2701 1025 σκινιιι.

2527 1918 2536 1928 ⁸
2546 1918 2603 1944 Arg.
2614 1915 2663 1937 Sed
2677 1917 2738 1937 cont.

2527 2169 2537 2180 ⁸
2559 2168 2595 2191 (X.
2614 2169 2675 2196 Aug.
2695 2167 2740 2189 loc.

2526 2195 2565 2218 cit.
2580 2195 2646 2217 inin.

2530 2401 2537 2409 ⁸
2553 2398 2620 2421 Ven.
2637 2399 2658 2420 8.

2528 3041 2538 3052 ⁸
2553 3040 2603 3062 Lib,
2620 3040 2648 3068 n,
2659 3046 2698 3068 qu.
2709 3045 2741 3062 xl.
