2768 4198
105 752 116 762 ⁸
130 751 196 772 Vers.
211 750 246 772 28.

106 1015 116 1026 ⁸
137 1014 183 1042 Qu.
208 1019 317 1041 mxxxvi,

104 1045 147 1063 m.
157 1047 172 1068 ι,
180 1040 209 1062 ad
215 1047 239 1068 4;
247 1044 288 1062 ιη.
296 1046 317 1067 2,

104 1073 177 1116 ssqq.
189 1073 317 1094 mxxxvm,

103 2299 116 2310 ⁸
131 2298 257 2320 comm.
273 2297 316 2320 lib.

102 2325 317 2354 Rhamnunta.

106 2730 116 2741 ⁸
126 2729 203 2751 Trnet.
213 2727 278 2756 vm,
293 2727 318 2750 in

106 2756 223 2778 huncine.

975 293 1242 338 QUAESTIO
1274 293 1521 340 CLXXXIX,
1551 295 1848 332 ART1CULUS
1879 296 1892 331 I

2458 297 2530 344 537

346 368 510 406 vertitur.
542 370 745 417 Congruus
774 378 902 406 autem
924 372 1019 407 ordo
1040 378 1095 407 est
1122 379 1163 407 ut
1182 384 1204 407 a
1223 371 1412 420 prioribus
1439 373 1441 419 i
1467 373 1686 421 impletione
1707 374 1819 410 huius
1846 374 2048 423 praecepti.
2082 374 2303 423 Imperfecte
2332 381 2459 410 autem
2498 382 2534 410 et

344 422 394 459 ad
421 422 634 470 posteriora
661 430 884 459 transeatur.
915 424 1018 471 Ergo
1048 435 1126 460 non
1146 424 1260 461 debet
1279 424 1412 472 aliquis

345 475 502 512 transire
522 475 571 512 ad
588 476 872 512 observantiam
894 476 1140 513 consiliorum
1160 477 1197 513 in
1219 477 1412 524 religione,

345 528 415 565 nisi
442 528 547 576 prius
576 529 622 565 sit
651 529 874 565 exercitatus
904 529 941 565 in
970 530 1194 578 praeceptis.
1440 530 1442 576 l

399 582 475 618 SED
512 593 660 618 CONTRA
697 593 764 618 EST
801 582 906 629 quod
944 582 1136 619 Dominus
1174 583 1412 619 Matthaeum

345 635 613 683 publicanum,
657 635 720 683 qui
759 634 798 671 in
835 635 1080 672 observantia
1121 635 1443 685 praeceptorum}

346 688 570 725 exercitatus
604 700 682 724 non
717 695 811 735 erat,
848 689 1054 725 advocavit
1088 689 1137 726 ad
1167 689 1414 725 consiliorum

346 741 651 778 observantiam:
691 741 824 778 dicitur
853 741 955 778 enim
985 742 1078 778 Luc.
1098 754 1122 777 v
1141 741 1176 788 *,
1207 742 1328 790 quod,
1359 754 1415 778 re-

345 795 438 832 lictis
471 795 665 840 omnibus,
700 800 848 831 secutus
881 800 934 831 est
971 807 1069 831 eum.
1113 795 1215 842 Ergo
1252 807 1330 831 non
1361 802 1415 831 est
1442 801 1444 813 ¹

345 847 605 885 necessarium
633 848 738 896 quod
767 855 853 884 ante
882 847 1018 895 aliquis
1043 855 1261 884 exerceatur
1288 848 1326 884 in
1346 849 1414 884 ob·
1443 845 1444 857 ³

345 901 537 938 servantia
564 909 860 950 praeceptorum
896 913 1014 950 quarn
1051 908 1216 937 transeat
1253 901 1302 937 ad
1330 913 1415 949 per-

345 954 550 992 fectionem
580 954 839 991 consiliorum.

399 1008 627 1045 Responmzo
666 1019 852 1044 mesanum
889 1007 1013 1055 quod,
1054 1007 1150 1043 sicut
1185 1019 1229 1043 ex
1264 1019 1378 1055 supra
1396 1006 1416 1028 '¹‘

345 1061 453 1099 dictis
482 1068 601 1110 patet,
632 1068 749 1097 status
777 1060 969 1108 religionis
998 1068 1054 1097 est
1082 1060 1280 1108 quoddam
1311 1060 1416 1108 spiri-

343 1116 445 1152 tuale
475 1114 696 1152 exercitium
726 1114 773 1151 ad
796 1114 1113 1162 consequendum
1141 1113 1416 1162 perfectionem

345 1168 530 1206 caritatis:
569 1167 675 1216 quod
709 1167 866 1216 quidem
905 1168 948 1204 fit
982 1167 1209 1216 inquantum
1237 1179 1306 1215 per
1335 1166 1416 1203 reli-

343 1221 464 1270 gionis
494 1221 757 1258 observantias
786 1221 1009 1258 auferuntur
1028 1220 1304 1268 impedimenta
1333 1232 1417 1268 per·
1443 1216 1445 1247 ἱ

231 1280 288 1325 [ζ
344 1275 476 1317 fectae
493 1274 669 1311 caritatis.
701 1275 809 1311 Haec
837 1282 967 1311 autem
988 1281 1075 1310 sunt
1103 1285 1202 1322 quae
1223 1273 1418 1321 implicant

345 1328 527 1365 affectum
542 1327 710 1365 hominis
725 1329 773 1365 ad
793 1335 954 1365 terrena.
976 1328 1051 1364 Per
1069 1328 1144 1363 hoc
1163 1334 1291 1363 autem
1312 1327 1417 1374 quod

344 1381 504 1420 affectus
523 1381 692 1418 hominis
711 1380 926 1430 implicatur
945 1382 993 1418 ad
1014 1388 1175 1426 terrena,
1192 1392 1272 1416 non
1291 1380 1417 1416 solum

345 1435 552 1484 impeditur
578 1434 761 1484 perfectio
787 1434 962 1482 caritatis,
983 1434 1051 1472 sed
1079 1433 1272 1470 interdum
1303 1432 1417 1470 etiam

343 1489 426 1538 ipsa
455 1488 590 1526 caritas
618 1488 798 1537 perditur,
830 1488 924 1525 dum
952 1500 1022 1536 per
1050 1487 1306 1524 inordinatam
1328 1499 1419 1523 con-

342 1542 562 1580 versionem
599 1541 649 1579 ad
681 1541 785 1578 bona
819 1541 1045 1590 temporalia
1081 1541 1200 1577 homo
1237 1540 1419 1577 avertitur

343 1596 393 1634 ab
407 1594 713 1632 Incommutabili
730 1595 835 1632 bono
851 1595 1061 1632 mortaliter
1073 1594 1284 1643 peccando.
1305 1593 1418 1631 Unde

342 1657 447 1698 patet
480 1649 588 1697 quod
621 1647 812 1696 religionis
841 1648 1128 1695 observantiae,
1159 1647 1255 1684 sicut
1282 1647 1418 1683 tollunt

342 1702 621 1751 impedimenta
648 1701 839 1750 perfectae
870 1701 1044 1749 caritatis,
1074 1702 1124 1738 ita
1145 1701 1257 1738 etiam
1282 1701 1418 1737 tollunt

343 1756 567 1794 occasiones
595 1755 803 1804 peccandi:
838 1755 934 1791 sicut
961 1762 1064 1804 patet
1093 1754 1199 1803 quod
1227 1766 1296 1803 per
1325 1753 1417 1789 ieiu-

343 1810 450 1847 nium
490 1817 526 1846 et
560 1808 707 1856 vigilias
741 1816 776 1844 et
804 1808 1083 1854 obedientiam,
1122 1816 1159 1844 et
1187 1808 1258 1843 alia
1286 1807 1415 1843 huius-

343 1863 463 1909 modi,
493 1862 694 1899 retrahitur
721 1862 841 1897 homo
871 1874 893 1898 a
922 1861 1087 1910 peccatis
1106 1861 1215 1908 gulae
1246 1867 1282 1896 et
1310 1861 1416 1897 luxu-

298 1960 302 1962 *
343 1917 441 1963 riae,
474 1923 509 1952 et
537 1928 559 1952 a
587 1915 895 1964 quibuscumque
925 1915 1005 1951 aliis
1034 1913 1210 1963 peccatis.
1250 1914 1299 1949 Et
1327 1913 1414 1950 ideo

342 1969 490 2019 ingredi
511 1968 734 2017 religionem
754 1980 834 2005 non
853 1969 978 2005 solum
1001 1967 1152 2016 expedit
1170 1967 1228 2004 his
1249 1966 1313 2015 qui
1329 1974 1416 2003 sunt

344 2022 535 2061 exercitati
562 2022 601 2059 in
629 2022 853 2070 praeceptis,
883 2029 924 2058 ut
943 2022 992 2058 ad
1012 2021 1198 2057 maiorem
1216 2020 1415 2068 perfectio-

343 2089 432 2115 nem
471 2075 716 2126 perveniant:
757 2075 824 2112 sed
863 2075 977 2111 etiam
1013 2074 1071 2111 his
1109 2074 1175 2122 qui
1212 2086 1291 2110 non
1329 2081 1416 2110 sunt

344 2129 546 2177 exercitati,
575 2137 617 2166 ut
644 2128 789 2165 facilius
817 2136 975 2177 peccata
1001 2128 1122 2164 vitent
1151 2135 1188 2164 et
1215 2127 1414 2176 perfectio-

344 2197 434 2222 nem
463 2190 726 2231 assequantur.

397 2240 456 2275 An
490 2247 628 2274 ptumum
656 2247 756 2273 ERGO
789 2246 975 2272 mCENDUM
1014 2233 1120 2283 quod
1154 2233 1415 2281 Hieronymus

345 2291 455 2334 dicit,
493 2301 608 2338 super
643 2290 782 2326 Matth.
806 2288 848 2325 *z
885 2288 1069 2324 Mentitus
1111 2292 1164 2323 est
1200 2287 1417 2323 adolescens

346 2346 489 2391 dicens,
513 2359 532 2377 «
551 2343 659 2379 Haec
687 2341 818 2378 omnia
838 2341 991 2379 servavi
1011 2353 1033 2377 a
1056 2341 1254 2377 iuventute
1274 2352 1362 2377 mea
1381 2355 1414 2376 ».

345 2399 388 2436 Si
408 2399 509 2435 enim
538 2397 640 2446 quod
659 2395 826 2444 positum
855 2401 910 2432 est
936 2395 973 2431 in
1002 2394 1201 2439 mandatis,
1230 2408 1249 2426 «
1268 2393 1417 2443 Diliges

341 2451 565 2501 proximum
585 2455 691 2486 tuum
709 2449 806 2486 sicut
823 2449 980 2497 teipsum
999 2463 1032 2494 2,
1054 2459 1168 2496 opere
1187 2447 1415 2495 complesset,

345 2505 534 2555 quomodo
557 2509 703 2553 postea,
727 2502 896 2548 audiens,
928 2517 947 2535 e<
977 2501 1080 2539 Vade
1097 2506 1133 2537 et
1149 2501 1270 2538 vende
1288 2501 1417 2538 omnia

345 2571 443 2609 quae
456 2559 571 2596 habes
589 2563 624 2594 et
641 2558 690 2594 da
700 2556 933 2605 pauperibus
952 2571 986 2601 ›,
1006 2555 1119 2591 tristis
1138 2554 1319 2591 recessit?

399 2613 476 2649 Sed
491 2610 778 2659 intelligendum
799 2617 855 2646 est
870 2621 959 2645 eum
975 2608 1177 2645 mentitum
1194 2620 1276 2644 esse
1297 2620 1416 2656 quan-

346 2674 426 2703 tum
449 2666 497 2702 ad
525 2664 732 2715 perfectam
763 2662 1047 2699 observantiam
1075 2661 1187 2698 huius
1210 2660 1416 2710 praecepti.

345 2719 458 2758 Unde
472 2713 673 2766 Origenes,
688 2728 802 2765 super
814 2717 954 2753 Matth.
965 2715 997 2762 ²¹²,
1014 2714 1103 2753 dicit
1117 2715 1222 2764 quod
1237 2715 1417 2764 scriptum

345 2779 400 2811 est
427 2773 464 2809 in
487 2771 702 2821 Evangelio
730 2770 937 2807 secundum
962 2770 1177 2815 Hebraeos,
1198 2769 1301 2817 quod
1330 2780 1416 2805 cum

346 2827 535 2864 Dominus
562 2825 718 2862 dixisset
743 2824 788 2869 ei,
811 2838 831 2856 α
851 2823 953 2860 Vade
980 2828 1018 2859 et
1033 2822 1152 2859 vende
1171 2822 1300 2859 omnia
1320 2833 1430 2869 quae

346 2882 461 2918 habes
483 2895 517 2925 »,
537 2879 658 2927 coepit
675 2878 778 2914 dives
795 2877 964 2926 scalpere
982 2881 1096 2924 caput
1112 2887 1236 2912 suum.
1256 2876 1307 2911 Et
1323 2875 1421 2911 dixit

346 2935 399 2972 ad
420 2946 506 2970 eum
525 2933 732 2970 Dominus:
754 2946 773 2964 <z
792 2931 988 2973 Quomodo
1008 2930 1111 2975 dicis,
1131 2929 1224 2965 Feci
1241 2928 1364 2978 legem
1384 2933 1420 2964 et

345 2985 584 3036 Prophetas?
602 2982 697 3023 Est⁶
717 2984 754 3021 in
775 2983 869 3034 lege,
895 2983 1043 3033 Diliges
1062 2982 1287 3031 proximum
1312 2987 1416 3018 tuum

346 3041 443 3078 sicut
461 3041 640 3089 teipsum.-
668 3043 703 3075 et
721 3049 818 3083 ecce,
834 3037 943 3074 multi
962 3038 1108 3084 fratres
1126 3036 1190 3081 tui,
1196 3035 1277 3083 filii
1292 3035 1416 3071 Abra-

347 3095 430 3139 hae,
459 3093 590 3131 amicti
614 3097 702 3129 sunt
716 3097 894 3137 stercore,
924 3091 1125 3127 morientes
1146 3101 1245 3137 prae
1264 3089 1418 3135 ‘fame;

349 3153 385 3183 et
410 3147 544 3183 domus
571 3152 635 3183 tua
658 3145 775 3193 plena
794 3151 849 3182 est
866 3144 990 3182 multis
1009 3143 1127 3188 bonis,
1153 3148 1189 3178 et
1215 3153 1289 3178 non
1310 3152 1418 3190 egre-

349 3200 449 3236 ditur
467 3200 611 3248 aliquid
637 3199 792 3236 omnino
821 3211 870 3235 ex
897 3210 942 3235 ea
962 3198 1014 3234 ad
1039 3208 1102 3232 eos
1124 3211 1157 3231 ».
1187 3195 1321 3242 Itaque
1340 3195 1418 3230 Do-

349 3254 486 3299 minus,
506 3253 742 3302 redarguens
771 3263 869 3298 eum,
895 3251 1002 3288 dicit:
1040 3265 1058 3282 <a
1082 3249 1124 3285 Si
1149 3248 1205 3284 vis
1227 3248 1419 3296 perfectus

350 3318 428 3343 esse
451 3322 485 3352 »,
507 3313 576 3342 etc.
605 3305 840 3354 Impossibile
867 3310 921 3342 est
947 3303 1047 3340 enim
1075 3301 1231 3350 implere
1259 3300 1417 3337 manda-

350 3365 428 3396 tum
449 3359 551 3407 quod
567 3359 666 3404 dicit,
688 3374 707 3391 α
725 3358 873 3408 Diliges
887 3357 1111 3406 proximum
1132 3360 1236 3391 tuum
1255 3354 1352 3390 sicut
1369 3358 1418 3389 te-

350 3413 472 3461 ipsum
486 3428 521 3458 2»,
537 3417 572 3448 et
591 3422 669 3448 esse
688 3412 838 3449 divitem
849 3425 861 3448 .·
887 3417 924 3448 et
941 3410 1120 3454 maxime,
1137 3413 1259 3444 tantas
1273 3418 1418 3455 posses-

350 3467 472 3502 siones
485 3466 636 3502 habere.
648 3485 672 3492 -
689 3464 805 3512 Quod
822 3472 876 3501 est
891 3463 1175 3511 intelligendum
1191 3460 1238 3497 de
1254 3459 1420 3508 perfecta

1469 427 1665 463 communi
1694 427 1812 464 modo
1837 440 1973 464 verum
1995 435 2051 463 est
2071 439 2159 463 eum
2180 427 2405 463 observasse
2425 439 2534 475 prae-

1469 486 1589 526 cepta.
1619 480 1804 516 Perfectio
1831 480 1932 516 enim
1960 480 2214 529 principaliter
2233 481 2269 516 in
2290 480 2533 517 observantia

1468 540 1760 595 praeceptorum
1781 533 1942 570 caritatis
1971 533 2151 581 consistit,
2181 542 2220 570 ut
2248 545 2363 581 supra
2381 533 2401 554 ’¹‘
2428 534 2533 570 habi-

1440 582 1442 621 ἒ
1468 592 1548 620 tum
1579 593 1645 621 est.

1522 638 1572 674 Ut
1592 649 1680 685 ergo
1701 638 1891 675 Dominus
1912 639 2127 676 ostenderet
2151 639 2423 688 perfectionem
2445 652 2534 676 con-

1470 689 1639 726 siliorum
1660 691 1788 727 utilem
1818 703 1899 728 esse
1929 700 1965 728 et
1983 692 2247 729 innocentibus
2273 701 2308 729 et
2327 693 2533 741 peccatori-

1470 743 1553 790 bus,
1570 755 1648 780 non
1664 744 1786 780 solum
1806 745 1960 781 vocavit
1979 747 2261 782 adolescentem
2277 746 2532 792 innocentem,

1470 796 1536 832 sed
1576 796 1688 832 etiam
1725 797 1963 835 Matthaeum
2000 806 2242 847 peccatorem
2260 798 2291 835 ³¹².
2328 799 2377 835 Et
2404 806 2533 835 tamen

1470 849 1686 885 Matthaeus
1706 858 1856 886 secutus
1882 858 1936 887 est
1954 860 2171 898 vocantem,
2192 864 2269 888 non
2294 860 2422 888 autem
2442 852 2533 888 ado-

1470 903 1615 938 lescens
1630 902 1667 938 ³¹⁸:
1690 902 1776 951 quia
1796 903 1937 940 facilius
1953 912 2224 941 convertuntur
2244 904 2291 942 ad
2311 905 2532 952 religionem

1470 962 1689 1003 peccatores
1717 968 1834 1003 quam
1855 956 1903 992 illi
1939 957 2002 1005 qui
2032 958 2078 994 de
2099 970 2166 994 sua
2196 958 2410 994 innocentia
2425 970 2534 1006 prae-

1471 1016 1639 1055 sumunt,
1652 1008 1789 1056 quibus
1802 1009 1890 1046 dicit
1904 1010 2107 1057 Dominus,
2119 1012 2253 1047 Matth.
2270 1023 2328 1047 xxi
2347 1010 2387 1047 *z
2406 1011 2533 1047 Publi-

1470 1063 1559 1097 cani
1575 1067 1612 1097 et
1629 1062 1842 1098 meretrices
1863 1064 2098 1110 praecedunt
2114 1075 2180 1100 vos
2209 1064 2245 1100 in
2266 1075 2428 1113 regnum
2448 1064 2531 1100 Dei.

1523 1116 1583 1151 AD
1621 1127 1811 1152 SECUNDUM
1841 1127 2023 1153 montinum
2052 1119 2155 1164 quod
2192 1129 2387 1153 summum
2417 1124 2451 1153 et
2480 1118 2533 1153 in-

1470 1167 1608 1204 fimum
1638 1168 1830 1216 tripliciter
1857 1169 1976 1217 accipi
2004 1177 2128 1217 potest
2147 1169 2171 1206 ζ.
2209 1170 2295 1207 Uno
2326 1170 2464 1217 modo,
2495 1170 2532 1207 in

1472 1220 1611 1257 eodem
1632 1228 1730 1258 statu
1760 1229 1796 1258 et
1824 1222 1862 1258 in
1892 1222 2029 1259 eodem
2058 1223 2226 1259 homine.
2256 1224 2304 1259 Et
2333 1223 2385 1259 sic
2413 1224 2533 1259 mani-

1471 1274 1608 1310 festum
1639 1282 1694 1311 est
1722 1275 1828 1322 quod
1857 1287 1966 1312 nemo
1995 1282 2144 1323 repente
2160 1277 2212 1323 fit
2230 1287 2416 1312 summus:
2445 1276 2534 1324 quia

1471 1327 1734 1375 unusquisque
1759 1336 1858 1364 recte
1878 1329 2013 1365 vivens
2032 1336 2112 1365 toto
2131 1336 2304 1377 tempore
2322 1329 2422 1366 vitae
2444 1341 2533 1365 suae

1471 1380 1634 1428 proficit,
1663 1389 1704 1417 ut
1723 1381 1773 1417 ad
1792 1393 1985 1418 summum
2006 1382 2213 1430 perveniat.
2242 1403 2266 1409 -
2294 1382 2379 1418 Alio
2400 1382 2531 1429 modo,

1472 1445 1540 1481 per
1578 1434 1908 1482 comparationem
1946 1436 1994 1471 acl
2029 1435 2200 1472 diversos
2235 1442 2363 1471 status.
2407 1436 2455 1471 Et
2482 1435 2535 1471 sic

1471 1498 1552 1523 non
1589 1495 1739 1535 oportet
1776 1495 1816 1523 ut
1849 1487 2081 1535 quicumque
2108 1489 2190 1525 vult
2222 1488 2270 1524 ad
2299 1488 2534 1536 superiorem

1473 1547 1611 1576 statum
1644 1540 1868 1589 pervenire,
1903 1553 1924 1577 a
1952 1540 2091 1577 minori
2119 1541 2291 1588 incipiat:
2330 1541 2425 1577 sicut
2457 1553 2535 1577 non

1471 1601 1623 1642 oportet
1650 1601 1692 1630 ut
1719 1593 1785 1643 qui
1812 1594 1895 1630 vult
1924 1606 2005 1630 esse
2035 1593 2202 1641 clericus,
2231 1593 2334 1642 prius
2352 1594 2390 1630 in
2417 1593 2538 1630 laicali

1470 1646 1549 1683 vita
1579 1654 1808 1684 exerceatur.
1838 1668 1862 1675 -
1892 1647 2023 1684 Tertio
2044 1647 2175 1694 modo,
2206 1654 2391 1695 quantum
2411 1646 2460 1683 ad
2485 1646 2537 1683 di-

1471 1711 1602 1736 versas
1620 1712 1818 1748 personas.
1839 1702 1889 1737 Et
1903 1700 1957 1737 sic
1977 1701 2219 1737 manifestum
2236 1708 2291 1736 est
2316 1699 2421 1748 quod
2440 1712 2538 1736 unus

1471 1753 1594 1789 statim
1631 1753 1779 1802 incipit,
1816 1766 1894 1790 non
1927 1754 2051 1790 solum
2088 1754 2134 1790 ab
2169 1753 2287 1790 altiori
2315 1760 2434 1799 statu,
2471 1753 2537 1789 sed

1471 1805 1585 1842 etiam
1616 1807 1664 1843 ab
1693 1806 1813 1843 altiori
1838 1806 1957 1854 gradu
1981 1806 2186 1843 sanctitatis
2215 1818 2332 1854 quam
2361 1806 2407 1842 sit
2434 1818 2536 1842 sum-

1470 1871 1579 1895 mum
1615 1859 1664 1896 ad
1693 1860 1798 1907 quod
1835 1860 1928 1897 alius
1963 1860 2137 1908 pervenit
2173 1872 2242 1908 per
2270 1867 2388 1896 totam
2417 1858 2536 1895 vitam

1473 1924 1593 1949 suam.
1638 1913 1749 1950 Unde
1793 1913 1999 1961 Gregorius
2038 1913 2143 1959 dicit,
2182 1913 2219 1949 in
2257 1911 2536 1961 11Dz‘alog.*:

1477 1966 1614 2003 Omnes
1641 1972 1887 2016 cognoscant,
1916 1966 2138 2003 Benedictus
2161 1977 2260 2015 puer
2287 1966 2537 2002 conversatio-

1472 2020 1529 2056 nis
1555 2020 1724 2069 gratiam
1740 2025 1758 2047 η
1787 2031 1810 2055 a
1839 2025 1980 2068 quanta
2002 2019 2234 2067 perfectione
2261 2019 2448 2067 coepisset.

1525 2074 1584 2109 AD
1604 2084 1765 2109 TERTHJM
1785 2084 1969 2110 DiCENDuM
1989 2073 2106 2120 quod,
2123 2073 2218 2109 sicut
2233 2071 2375 2120 supra*
2394 2071 2537 2108 dictum
2564 2073 2675 2126 ἑῆῼέζὸ,

1473 2133 1548 2173 est,
1587 2126 1683 2162 sacri
1721 2126 1872 2162 ordines
1905 2125 2151 2174 praeexigunt
2178 2125 2432 2162 sanctitatem:
2471 2124 2538 2161 sed

1472 2186 1589 2216 status
1618 2179 1807 2227 religionis
1837 2186 1892 2216 est
1920 2179 2139 2216 exercitium
2165 2179 2362 2227 quoddam
2382 2178 2431 2215 ad
2454 2190 2539 2214 san—

1473 2232 1641 2270 ctitatem
1670 2233 1950 2281 assequendam
1970 2232 2001 2269 ²³⁸.
2040 2232 2151 2269 Unde
2179 2232 2332 2280 pondus
2361 2230 2539 2267 ordinum

1471 2286 1752 2334 imponendum
1782 2293 1838 2322 est
1864 2285 2071 2334 parietibus
2099 2285 2175 2321 iam
2205 2297 2275 2333 per
2302 2284 2539 2321 sanctitatem

1472 2339 1691 2376 desiccatis:
1716 2339 1783 2376 sed
1803 2339 1956 2387 pondus
1976 2338 2162 2386 religionis
2183 2338 2347 2374 desiccat
2365 2337 2538 2386 parietes,

1471 2392 1569 2429 idest
1597 2393 1788 2439 homines,
1819 2392 1867 2428 ab
1894 2393 2059 2428 humore
2087 2391 2281 2428 vitiorum.

1526 2447 1585 2482 Ao
1620 2457 1794 2489 QUARTUM
1831 2457 2015 2482 DICENDUM
2049 2444 2174 2493 quod,
2213 2444 2308 2480 sicut
2342 2442 2539 2480 manifeste

1474 2511 1520 2536 ex
1547 2499 1676 2536 verbis
1705 2499 1802 2535 illius
1830 2499 1976 2546 glossae
2006 2505 2175 2546 apparet,
2203 2496 2459 2545 principaliter
2486 2495 2539 2531 lo-

1474 2552 1602 2601 quitur
1631 2553 1678 2589 de
1708 2552 1842 2589 ordine
1871 2551 2084 2597 doctrinae,
2120 2557 2234 2599 prout
2264 2548 2537 2586 transeundum

1475 2614 1531 2643 est
1559 2619 1580 2642 a
1609 2605 1839 2642 facilioribus
1867 2605 1915 2641 ad
1945 2603 2166 2640 difficiliora.
2197 2602 2307 2639 Unde
2327 2601 2431 2649 quod
2451 2600 2539 2637 dicit

1473 2660 1686 2696 haereticos
1708 2666 1743 2695 et
1763 2657 2023 2694 schismaticos
2051 2657 2152 2692 hunc
2181 2655 2353 2692 ordinem
2383 2665 2537 2702 perver-

1474 2721 1565 2759 tere,
1595 2712 1839 2749 manifestum
1870 2718 1924 2747 est
1952 2722 1996 2746 ex
2025 2708 2270 2757 sequentibus
2293 2708 2340 2743 ad
2362 2706 2535 2743 ordinem

1475 2766 1670 2804 doctrinae
1690 2765 1887 2814 pertinere.
1918 2763 2096 2812 Sequitur
2116 2762 2216 2798 enim
2237 2761 2273 2797 *ε
2293 2760 2372 2797 Hic
2389 2771 2479 2796 vero
2498 2771 2537 2795 se

1473 2831 1654 2865 servasse,
1684 2818 1823 2855 scilicet
1850 2816 2086 2866 praedictum
2107 2815 2293 2859 ordinem,
2323 2812 2420 2858 dicit,
2450 2823 2536 2848 con-

1472 2874 1661 2923 stringens
1688 2884 1728 2908 se
1745 2871 1953 2915 maledicto,
1973 2870 2038 2915 sic,
2059 2868 2184 2917 quasi:
2215 2882 2233 2901 ‹
2255 2867 2346 2903 Non
2366 2865 2477 2901 modo
2498 2865 2534 2900 in

1473 2926 1557 2964 aliis
1571 2926 1643 2974 fui
1668 2924 1830 2970 humilis,
1858 2924 1924 2960 sed
1949 2923 2060 2959 etiam
2089 2922 2126 2957 in
2145 2919 2310 2957 scientia.
2344 2918 2441 2960 Quia
2468 2918 2534 2953 hu-

1474 2980 1611 3017 militer
1636 2978 1857 3015 sentiebam.-
1886 2976 1995 3025 prius
2023 2974 2181 3011 nutritus
2209 2973 2322 3017 lacte,
2357 2970 2458 3019 quod
2483 2975 2537 3006 est

1481 3033 1644 3071 Verbum
1664 3032 1915 3079 carofactum
1935 3027 1959 3075 ⁰,
1981 3034 2021 3064 ut
2036 3028 2090 3064 sic
2108 3037 2312 3063 crescerem
2331 3024 2382 3060 ad
2392 3035 2534 3071 panem

1473 3085 1713 3135 angelorum,
1734 3084 1826 3120 idest
1842 3083 1894 3120 ad
1917 3082 2079 3119 Verbum
2098 3080 2198 3128 quod
2216 3084 2270 3115 est
2286 3078 2322 3114 in
2345 3076 2534 3125 principio

1473 3139 1577 3187 apud
1602 3139 1726 3175 Deum
1751 3153 1783 3173 ».
2451 3181 2458 3187 .

1527 3191 1760 3239 Exemplum
1790 3196 1918 3226 autem
1941 3187 2044 3236 quod
2065 3186 2102 3222 in
2122 3184 2251 3222 medio
2272 3183 2534 3231 interponitur,

1475 3245 1579 3294 quod
1614 3243 1764 3280 noviter
1797 3240 1993 3290 baptizatis
2027 3252 2106 3276 non
2140 3236 2316 3274 indicitur
2351 3233 2534 3271 ieiunium

1474 3310 1595 3347 usque
1624 3297 1673 3333 ad
1702 3298 1972 3339 Pentecosten,
2003 3291 2167 3329 ostendit
2195 3289 2300 3337 quod
2333 3300 2412 3325 non
2449 3294 2537 3324 sunt

1475 3363 1520 3387 ex
1549 3349 1772 3387 necessitate
1801 3347 1849 3384 ad
1871 3345 2034 3384 difficilia
2055 3343 2213 3392 cogendi
2234 3350 2439 3390 antequam
2468 3352 2537 3389 per

1476 3403 1658 3452 Spiritum
1688 3403 1870 3438 Sanctum
1898 3398 2052 3436 interius
2081 3397 2129 3434 ad
2147 3398 2223 3433 hoc
2249 3394 2470 3442 instigentur
2495 3400 2536 3429 ut

1474 3456 1641 3494 difficilia
1678 3453 1832 3504 propria
1867 3453 2062 3490 voluntate
2100 3456 2306 3487 assumant.
2349 3446 2461 3484 Unde
2500 3452 2535 3481 et

405 3580 430 3613 ὃ)
451 3581 509 3606 Est.
521 3594 540 3599 -
558 3588 618 3606 cum
636 3580 766 3612 scriptum
784 3580 820 3605 sit
838 3580 885 3605 Pa.

406 3617 427 3649 ε)
443 3623 522 3648 prae.
533 3629 553 3636 -
564 3623 620 3648 pro
638 3615 850 3648 BEFHLpACK,
869 3623 923 3641 om.
942 3615 999 3640 Psc
1017 3620 1043 3640 et
1061 3623 1087 3640 a.

405 3652 431 3684 ζ)
448 3655 546 3684 potest.
558 3665 578 3671 —
592 3654 708 3684 possunt
725 3652 771 3677 Pa.

494 3707 605 3731 Summi
624 3705 727 3731 Tmzot..
746 3706 777 3731 D.
792 3705 908 3730 Tamus
927 3705 959 3730 Τ.
971 3705 1026 3730 VII.

1529 3573 1556 3604 η)
1576 3571 1761 3596 Benedictus...
1774 3572 1912 3602 quarum·
1923 3575 1941 3592 a
1953 3570 2055 3600 quanta
2067 3565 2226 3590 Benedictus
2240 3570 2311 3596 puer
2327 3558 2535 3587 conversationis

1476 3607 1569 3641 gratia
1588 3610 1614 3632 et
1633 3607 1661 3632 P.

1529 3641 1553 3676 θ)
1567 3643 1682 3676 sactum.
1695 3656 1714 3661 -
1731 3644 1771 3666 est
1790 3640 1886 3665 addunt
1905 3638 2014 3671 PCDpH
2034 3641 2059 3662 et
2077 3644 2103 3661 a.

2356 3683 2388 3708 68

2561 541 2568 549 ²
2593 540 2639 567 Qu.
2661 546 2768 563 mxxxiv,

2561 569 2602 587 art.
2618 573 2637 595 3.

2561 810 2571 818 ⁴
2584 808 2664 830 Matth.
2678 815 2728 856 cap.
2739 815 2768 830 ix.

2560 835 2716 883 aazia&
2724 841 2768 863 “⁸⁴

2562 916 2570 925 '⁸
2580 914 2648 941 lbid.,
2661 920 2712 942 cap.
2726 920 2768 941 :mr¹

2560 947 2620 962 vers.
2634 947 2667 962 22.

2561 1016 2569 1023 ⁸
2585 1013 2650 1035 Vero.
2665 1019 2695 1042 3¹·

2567 1914 2574 1922 ⁸
2590 1913 2646 1940 Cap.
2662 1919 2677 1934 ι.

2567 2241 2576 2250 ·
2590 2239 2624 2261 Cf.
2641 2245 2704 2266 corp.
2719 2242 2760 2260 art.

2564 2766 2572 2775 ⁸
2597 2765 2633 2786 Cf.
2662 2764 2739 2785 Gloss.

2563 2792 2644 2813 Lomb.
