2768 4198
98 491 107 501 ⁸
129 490 176 518 Qu.
200 496 310 517 cxxxvm,

97 520 138 539 art.
155 523 180 538 ιι.

98 546 107 554 ·
132 543 180 591 ἳιι.
203 549 310 570 ‹zi-xxxiv,

96 572 138 592 art.
157 575 309 597 ;qu.ct.xxxv,

97 600 140 618 art.
153 603 175 623 4.

99 624 108 634 ·
127 622 175 650 Qu.
195 626 309 649 mxvm,

96 648 309 676 art-12,Comment.

97 680 310 704 naxzqunaxnv,

97 701 168 729 anfi,
177 702 309 724 Commeat.

97 734 161 751 nun.
179 734 229 750 vin.

96 1300 108 1312 ·
121 1299 188 1322 Vm.
202 1305 235 1328 ες.

95 1404 108 1419 ⁸
120 1404 222 1428 mla.

940 300 1207 347 QUAESTIO
1238 302 1486 351 CLXXXIX,
1515 305 1810 343 ARTICULUS
1838 307 1924 343 VIII

338 374 464 405 licentia
487 375 591 415 Papae
612 375 730 414 sufficit
744 377 783 406 ad
800 376 1044 408 dissolutionem
1059 377 1177 408 vinculi
1198 379 1402 419 episcopalis:

338 425 369 448 et
392 429 459 449 non
482 419 652 460 requiritur
678 420 889 460 dispensatiO,
915 431 989 451 curn
1020 428 1084 451 tarn
1117 423 1214 452 ardua
1238 433 1344 460 causa,
1370 431 1406 455 ut

338 463 508 503 requiritur
531 464 564 494 in
588 464 798 495 dissolutione
821 464 940 495 vinculi
964 465 1111 505 religiosi.
1136 466 1238 496 Maius
1273 478 1403 508 quoque

338 506 466 546 signum
482 514 528 538 est
543 509 633 548 quod
656 508 688 538 in
712 515 789 539 voto
806 509 941 538 solemni
966 509 1125 548 religionis
1142 520 1237 550 supra
1252 511 1269 530 *
1292 512 1406 542 dicitur

338 561 404 582 non
429 562 523 591 posse
546 553 665 592 Papam
689 552 883 592 dispensare:
908 560 939 583 et
955 553 993 583 de
1009 561 1086 584 voto
1104 554 1244 594 episcopi
1264 555 1405 586 dicitur*

338 596 426 636 quod
450 596 554 636 Papae
578 596 721 626 licentiae
746 596 964 628 committitur.

394 639 572 676 Quomodo
597 650 728 680 quoque
744 640 936 680 intelligatur
950 642 1038 682 quod
1055 642 1142 672 solus
1165 642 1251 683 Papa
1274 642 1306 673 in
1323 643 1404 674 votis

338 684 498 724 perpetuis
523 684 693 724 dispensat,
718 684 863 724 superius
878 684 895 704 *
919 685 1111 716 declaratum
1135 693 1191 716 est.

394 729 431 759 Il.
457 728 492 758 In
517 728 724 768 responsione
748 729 788 759 ad
811 730 989 760 secundum
1021 729 1164 760 eiusdem
1188 730 1326 767 articuli,
1351 732 1404 762 ad-

2442 313 2514 361 549

1457 389 1542 413 verte
1565 383 1654 422 quod
1677 383 1773 413 timor
1796 394 1835 414 ne
1859 384 2003 416 deficiant
2025 387 2195 427 presbyteri
2215 394 2245 418 et
2261 389 2388 429 nuptiae
2412 397 2442 421 et
2458 390 2515 421 hu-

1457 425 1608 463 iusmodi,
1628 427 1742 458 stultus
1767 428 1890 460 dicitur.
1915 429 1955 460 Et
1970 430 2158 471 Hieronymi
2174 432 2254 462 ratio
2271 439 2326 469 est,
2343 434 2417 474 quia
2436 444 2515 465 rara

1458 475 1505 500 est
1521 471 1634 508 virtus,
1651 478 1682 501 et
1704 481 1790 502 rarus
1815 479 1860 503 est
1879 473 2037 513 appetitus
2060 474 2167 505 efficax
2182 475 2275 507 illius.
2299 477 2445 508 Auctoris
2461 489 2515 508 au-

1458 520 1521 543 tem
1546 514 1647 544 alibi*
1670 515 1748 546 ratio
1768 523 1814 546 est
1837 517 1911 557 quia
1934 517 2090 555 homines,
2108 529 2144 550 ex
2167 520 2360 551 naturalibus
2383 532 2515 553 suorum

1457 557 1695 589 individuorum
1718 560 1962 598 conditionibus,
1987 562 2122 593 diversas
2145 563 2260 595 habent
2282 564 2514 597 inclinationes:

1456 601 1499 631 ita
1523 602 1611 642 quod
1635 613 1700 632 non
1717 613 1828 634 ornnes
1851 605 1891 634 ad
1914 605 1998 635 idem
2013 606 2212 644 inclinantur,
2237 608 2290 639 sed
2303 608 2354 638 alii
2377 610 2416 639 ad
2440 620 2515 640 con-

1457 645 1707 684 templationem,
1725 647 1777 677 alii
1801 648 1840 678 ad
1857 649 2087 688 agriculturam,
2105 650 2156 680 alii
2173 652 2211 681 ad
2231 652 2386 689 militiam,
2403 653 2454 683 alii
2476 655 2515 684 ad

1458 689 1594 728 nuptias,
1619 690 1671 720 alii
1691 691 1730 720 ad
1753 692 1949 729 caelibatum,
1975 700 2031 724 etc.
2061 695 2102 725 Et
2131 702 2297 735 propterea
2321 706 2386 727 non
2411 703 2457 728 est
2478 698 2515 728 ti-

1458 733 1612 763 mendum
1639 734 1782 765 humano
1805 737 1911 776 generi
1934 738 2022 777 quod
2054 738 2158 779 aliqua
2180 739 2264 772 illius
2289 750 2359 780 pars
2383 741 2513 773 deficiat.

1122 883 1441 927 ARTICULUS
1471 885 1743 928 OCTAVUS

797 975 954 1006 UTRUM
979 975 1138 1006 LICEAT
1162 976 1219 1007 DE
1243 977 1334 1007 UNA
1356 977 1588 1009 RELIGIONE
1611 979 1824 1010 TRANsmE
1847 980 1905 1010 AD
1928 981 2063 1011 ALIAM

751 1053 786 1078 tv
805 1053 888 1082 Sent„
909 1053 967 1078 dist.
986 1061 1063 1083 xxvu.
1082 1061 1126 1086 qu.
1145 1062 1162 1084 1,
1182 1059 1229 1080 art.
1251 1055 1273 1086 3,
1293 1055 1344 1088 qu*
1366 1064 1387 1087 1,
1407 1057 1439 1081 ad
1460 1056 1488 1087 35
1509 1057 1568 1082 dist.
1586 1065 1688 1087 xxxvm.
1707 1065 1751 1090 qu.
1770 1065 1788 1087 1,
1806 1063 1852 1083 art.
1870 1065 1902 1089 4,
1921 1059 1970 1091 qu*
1990 1059 2014 1088 3.
2033 1060 2065 1084 ad
2085 1067 2108 1085 2.

472 1164 490 1174 ,ι

477 1187 488 1206 “,

363 1186 367 1192 ,
399 1168 428 1193 '5'
466 1178 518 1228 {a

353 1246 364 1293 ⁴,
402 1181 535 1292 A&
551 1239 677 1288 aliam,
694 1241 806 1278 etiam
825 1241 1040 1278 arctiorem.
1061 1241 1162 1278 Dicit
1181 1241 1283 1278 enim
1303 1244 1406 1290 Apo-

345 1295 374 1314 ,¹
395 1270 490 1327 ἑνί-ᾖ)
509 1293 538 1328 k
551 1295 682 1341 stolus,
710 1295 811 1331 Heb.
833 1306 856 1331 x
875 1293 916 1331 *z
944 1294 1082 1343 Neque
1104 1294 1312 1332 deserentes
1333 1295 1406 1331 col-

338 1345 533 1384 lectionem
563 1353 744 1394 nostram,
773 1347 870 1384 sicut
886 1353 940 1384 est
956 1348 1232 1385 consuetudinis
1259 1348 1407 1396 quibus-

337 1400 447 1437 dam:
476 1399 615 1437 Glossa
633 1400 673 1437 *ε
707 1401 782 1443 Qui
798 1401 937 1438 scilicet
954 1401 1014 1437 vel
1032 1401 1168 1438 timore
1182 1402 1407 1449 persecutio-

337 1453 396 1490 nis
413 1453 559 1499 cedunt,
583 1454 644 1491 vel
664 1454 826 1503 propria
848 1455 1159 1504 praesumptione
1186 1466 1210 1491 a
1232 1460 1406 1502 peccato-

337 1506 442 1544 ribus
468 1507 529 1544 vel
555 1507 794 1556 imperfhcfis,
824 1514 865 1544 ut
882 1508 969 1545 iusti
984 1508 1197 1553 videantur,
1217 1508 1406 1545 recedunt.

370 1246 390 1283 Ϋ

550 1145 573 1171 D
594 1145 769 1172 ocuvuu
787 1146 842 1171 sic
861 1145 1103 1172 PROCEDlTUR.
1121 1135 1282 1172 Videtur
1301 1136 1406 1184 quod
1430 1136 1432 1198 Ι

550 1199 630 1224 non
658 1187 768 1225 liceat
796 1188 843 1225 de
871 1200 950 1225 una
969 1188 1150 1236 religione
1180 1189 1338 1226 transire
1357 1189 1406 1226 ad
1431 1203 1432 1222 ι
1460 1189 1507 1227 ad
1541 1191 1782 1238 religionem,
1819 1192 1890 1228 nisi
1923 1201 2079 1241 propter
2109 1206 2287 1242 magnam
2322 1196 2516 1235 utilitatem

1513 1138 1738 1174 RESPONDEO
1757 1149 1942 1176 memnon
1962 1141 2067 1188 quod
2094 1142 2248 1179 transire
2270 1143 2316 1180 de
2340 1144 2517 1192 religione

1459 1243 1520 1279 vel
1550 1245 1835 1291 necessitatem,
1869 1258 1947 1282 non
1978 1254 2031 1282 est
2058 1247 2258 1286 laudabile.
2296 1249 2399 1286 Tum
2429 1250 2517 1299 quia

1461 1308 1504 1332 ex
1538 1296 1613 1332 hoc
1645 1298 1871 1345 plerumque
1909 1299 2210 1337 scandalizantur
2237 1301 2287 1338 illi
2316 1302 2380 1350 qui
2408 1303 2518 1339 relin-

1461 1357 1638 1396 quuntur.
1655 1371 1679 1377 -
1695 1351 1799 1387 Tum
1817 1351 1929 1387 etiam
1945 1352 2034 1400 quia
2053 1353 2194 1390 facilius
2208 1354 2366 1402 ,proficit
2384 1355 2517 1404 aliquis

1461 1402 1498 1438 in
1527 1402 1706 1450 religione
1736 1415 1852 1451 quam
1882 1406 2091 1452 consuevit,
2120 1418 2236 1453 quam
2255 1407 2292 1443 in
2313 1408 2374 1444 illa
2402 1420 2517 1456 quam

1462 1466 1539 1491 non
1568 1457 1776 1502 consuevit,
1808 1457 1939 1494 ceteris
1958 1458 2124 1506 paribus,
2153 1459 2264 1496 Unde
2283 1460 2322 1496 in
2345 1461 2518 1498 Collatio-

1462 1508 1570 1545 nibus
1586 1509 1744 1546 Patrum
1759 1509 1780 1530 *
1797 1510 1928 1546 Abbas
1948 1511 2130 1548 Nesteros
2145 1510 2160 1541 β
2179 1512 2282 1550 dicit:
2313 1514 2520 1563 Unicuique

338 1559 416 1597 Sed
453 1561 527 1597 hoc
559 1560 740 1598 videntur
775 1561 899 1597 facere
934 1560 1000 1610 qui
1035 1560 1083 1598 de
1118 1573 1194 1597 una
1228 1560 1435 1613 religione}
1462 1561 1549 1597 utile
1584 1567 1639 1598 est
1674 1567 1715 1598 ut
1748 1563 1951 1599 secundum
1983 1565 2218 1612 propositum
2254 1567 2355 1613 quod
2389 1567 2518 1617 elegit,

336 1619 534 1650 transeunt
568 1614 618 1650 ad
653 1613 766 1651 aliam
798 1614 1080 1662 perfectiorem.
1124 1614 1227 1662 Ergo
1256 1613 1408 1651 videtur
1459 1626 1607 1651 summo
1626 1615 1747 1652 studio
1775 1627 1822 1652 ac
1840 1615 2033 1665 diligentia
2060 1618 2112 1653 ad
2130 1618 2252 1666 operis
2271 1620 2413 1668 arrepti
2432 1631 2519 1668 per-

337 1666 413 1703 hoc
441 1678 524 1703 esse
553 1666 738 1704 illicitum.

393 1731 428 1756 2.
457 1719 699 1767 PRAETEREA,
736 1719 924 1769 professio
954 1720 1235 1757 monachorum
1265 1728 1320 1756 est
1348 1732 1405 1756 ar-

337 1771 432 1809 ctior
463 1784 582 1821 quam
619 1773 807 1822 professio
846 1773 1074 1820 regularium
1109 1772 1404 1809 canonicorum:

335 1833 379 1863 ut
405 1826 568 1864 habetur
596 1828 722 1872 Extra,
743 1827 790 1863 de
817 1826 922 1862 Statu
950 1825 1133 1862 Monach.
1163 1831 1199 1862 et
1224 1826 1404 1862 Canonic.

336 1879 476 1929 Regul.
497 1892 581 1928 cap.
607 1880 718 1922 Quod
734 1880 809 1916 Dei
827 1879 1012 1916 timorem.
1044 1879 1119 1915 Sed
1140 1891 1219 1915 non
1237 1879 1323 1915 licet
1341 1878 1406 1915 ali-

311 1956 314 1958 ·
338 1932 398 1969 cui
417 1933 576 1969 transire
597 1933 644 1970 de
673 1940 771 1970 statu
801 1932 1076 1969 canonicorum
1106 1931 1336 1979 regularium
1357 1932 1405 1969 ad

337 1993 476 2022 statum
504 1986 811 2023 monachorum:
851 1985 987 2022 dicitur
1014 1984 1116 2022 enim
1146 1984 1183 2021 in
1213 1985 1403 2031 Decretis,

299 2055 310 2062 -
336 2038 428 2076 XIX
448 2050 565 2087 caus„
593 2051 657 2088 qu.
683 2039 769 2076 111*:
797 2039 1044 2084 Mandamus,
1074 2043 1110 2074 et
1145 2038 1406 2075 universaliter

337 2091 604 2139 interdicimus,
626 2105 672 2130 ne
691 2093 774 2141 quis
793 2092 998 2129 canonicus
1025 2090 1254 2141 regulariter
1273 2096 1291 2112 ‘²
1312 2102 1404 2139 pro-

325 2147 477 2195 fessuS,
517 2147 609 2192 nisi,
639 2147 742 2195 quod
776 2145 892 2192 absit,
919 2144 1072 2194 publice
1107 2144 1234 2192 lapsus
1259 2144 1404 2192 fuerit,

336 2199 547 2237 monachus
574 2199 774 2248 efficiatur.
813 2199 916 2247 Ergo
941 2197 1093 2235 videtur
1120 2197 1226 2246 quod
1259 2209 1336 2233 non
1365 2197 1405 2234 li-

338 2248 422 2302 ceat
441 2252 554 2291 alicui
573 2253 732 2290 transire
753 2252 898 2290 de‘una
918 2250 1100 2299 religione
1124 2251 1172 2287 ad
1192 2249 1306 2286 aliam
1326 2262 1406 2287 ma-

337 2305 473 2343 iorem.

393 2359 428 2396 3.
458 2359 695 2404 ΡκΑΕτΕιιΕΑ,
720 2357 852 2394 tandiu
881 2355 1015 2405 aliquis
1044 2355 1232 2403 obligatur
1260 2356 1307 2392 ad
1336 2355 1406 2392 im-

336 2410 523 2462 plendum
551 2411 656 2460 quod
682 2410 812 2457 vovit,
843 2409 1013 2460 quandiu
1040 2416 1164 2458 potest
1191 2408 1287 2445 licite
1315 2407 1406 2446 illud

335 2465 512 2514 implere:
541 2463 650 2511 sicut,
679 2463 711 2500 si
739 2463 872 2512 aliquis
899 2462 1008 2500 vovit
1037 2460 1310 2498 continentiam
1330 2473 1407 2498 ser-

336 2531 450 2565 vare,
489 2517 603 2555 etiam
636 2524 725 2565 post
752 2523 991 2554 contractum
1019 2514 1306 2552 matrimonium
1338 2526 1408 2562 per

335 2573 457 2609 verba
485 2571 534 2608 de
561 2569 764 2619 praesenti,
793 2577 881 2606 ante
910 2569 1102 2606 carnalem
1132 2568 1322 2616 copulam,
1352 2574 1408 2604 te-

337 2632 450 2663 netur
476 2623 636 2672 implere
663 2630 813 2666 votum,
842 2622 932 2671 quia
958 2622 1034 2659 hoc
1062 2628 1187 2670 potest
1206 2621 1330 2657 facere
1350 2632 1406 2656 re-

336 2677 518 2726 ligionem
538 2676 726 2714 intrando.
758 2676 797 2712 Si
818 2687 910 2723 ergo
930 2674 1065 2722 aliquis
1093 2673 1190 2711 licite
1214 2680 1339 2722 potest
1358 2673 1406 2710 de

336 2743 415 2768 una
451 2729 634 2777 religione
670 2729 829 2766 transire
864 2728 913 2765 ad
946 2727 1079 2773 aliam,
1116 2726 1305 2763 tenebitur
1331 2727 1407 2763 hoc

338 2784 484 2830 facere,
514 2783 544 2819 si
571 2790 659 2820 ante
687 2783 763 2819 hoc
789 2781 942 2819 voverit
980 2780 1142 2817 existens
1170 2779 1209 2816 in
1238 2780 1404 2816 saeculo.

338 2837 457 2885 Quod
492 2836 644 2874 videtur
677 2848 761 2872 esse
794 2833 1091 2872 inconveniens:
1129 2833 1219 2881 quia
1253 2844 1298 2868 ex
1331 2833 1408 2869 hoc

336 2891 566 2941 plerumque
587 2889 811 2926 scandalum
840 2887 1011 2936 generari
1034 2894 1175 2935 posset.
1206 2887 1308 2933 Ergo
1328 2897 1406 2922 non

337 2951 464 2994 potest
492 2943 627 2992 aliquis
651 2942 848 2990 religiosus
877 2941 925 2978 de
944 2952 1022 2977 una
1041 2939 1221 2987 religione
1250 2938 1407 2975 transire

339 2997 390 3035 ad
418 2997 532 3034 aliam
562 2996 777 3033 arctiorem.

393 3051 469 3087 SED
498 3060 645 3087 CONTRA
673 3060 741 3086 Esr
769 3047 874 3097 quod
904 3047 1038 3084 dicitur
1063 3046 1102 3083 in
1122 3044 1305 3090 Decretis,
1336 3044 1408 3080 XX

339 3115 456 3150 caus„
477 3115 540 3152 qu.
561 3115 598 3140 tv
615 3102 656 3139 *z
691 3101 867 3152 Virgines
885 3111 1020 3138 sacrae
1040 3099 1084 3145 si,
1107 3109 1182 3146 pro
1203 3097 1308 3134 lucro
1327 3097 1408 3133 ani-

338 3167 426 3193 mae
452 3166 560 3202 suae,
583 3161 743 3205 propter
770 3153 1030 3192 districtiorem
1063 3152 1198 3196 vitam,
1228 3151 1279 3187 ad
1305 3149 1410 3186 aliud

339 3209 610 3246 monasterium
638 3220 805 3259 pergere
838 3208 1116 3256 disposuerunt,
1151 3204 1274 3253 ibique
1306 3215 1406 3240 com-

339 3273 497 3299 manere
515 3261 771 3308 decreverunt,
791 3261 968 3310 Synodus
986 3258 1164 3296 concedit.
1193 3258 1242 3294 Et
1271 3257 1406 3315 eadem

341 3314 436 3352 ratio
474 3313 625 3351 videtur
652 3327 736 3351 esse
774 3314 822 3352 de
859 3313 1168 3364 quibuscumque
1211 3309 1405 3357 religiosts.

340 3367 443 3416 Ergo
471 3374 598 3415 potest
617 3366 751 3416 aliquis
770 3367 867 3405 licite
887 3365 1043 3405 transire
1065 3365 1112 3402 de
1131 3375 1208 3400 una
1226 3361 1406 3411 religione

342 3420 391 3459 ad
420 3419 545 3458 aliam.

1449 1668 1656 1714 sectionem
1679 1669 1881 1717 pervenire
1896 1670 2063 1716 festinet,
2084 1676 2120 1706 et
2137 1683 2375 1720 nequaquam
2394 1685 2418 1709 a
2436 1685 2518 1719 sua,

1459 1731 1574 1768 quam
1607 1721 1723 1758 semel
1754 1722 1876 1771 elegit,
1898 1723 2135 1769 professione
2164 1725 2340 1762 discedat.
2374 1726 2423 1762 Et
2450 1738 2517 1774 po-

1459 1781 1538 1809 stea
1562 1772 1592 1819 ²¹²,
1632 1774 1816 1811 rationem
1855 1774 2065 1822 assignans,
2104 1777 2250 1813 subdit:
2287 1779 2518 1826 Impossibile
2545 1789 2555 1798 ·

1459 1837 1622 1874 namque
1635 1832 1690 1863 est
1704 1839 1819 1864 unum
1838 1829 2082 1876 eumdemque
2100 1830 2287 1866 hominem
2306 1831 2418 1868 simul
2437 1832 2516 1868 uni—

1459 1880 1575 1915 versis
1575 1879 1717 1927 fulciri
1728 1880 1934 1917 virtutibus.
1949 1881 2051 1923 Quas
2063 1882 2098 1917 si
2110 1883 2191 1930 quis
2204 1883 2365 1920 voluerit
2370 1885 2517 1932 pariter

1459 1938 1652 1978 attentare,
1673 1933 1710 1969 in
1736 1933 1776 1970 id
1801 1933 1964 1970 incidere
1991 1946 2076 1970 eum
2104 1947 2251 1972 necesse
2277 1942 2332 1973 est
2358 1943 2406 1983 ut,
2426 1938 2514 1974 dum

1459 1997 1607 2022 omnem
1635 1986 1812 2034 sequitur,
1838 1987 1980 2023 nullam
2000 1988 2145 2037 integre
2163 1995 2421 2037 consequatur.
2450 1990 2515 2026 Di-

1458 2050 1591 2075 versae
1631 2038 1731 2075 enim
1769 2039 1965 2087 religiones
2007 2041 2266 2088 praeeminent
2302 2043 2514 2080 secundum

1459 2091 1610 2128 diversa
1637 2091 1818 2128 virtutum
1848 2104 1976 2140 opera.

1513 2145 1643 2180 Potest
1669 2152 1799 2181 tamen
1827 2145 1959 2193 aliquis
1991 2146 2227 2183 laudabiliter
2255 2146 2301 2183 de
2329 2160 2405 2184 una
2434 2148 2515 2184 reli-

1458 2197 1570 2245 gione
1599 2197 1754 2234 transire
1783 2198 1831 2234 ad
1859 2198 1983 2244 aliam,
2013 2198 2143 2247 triplici
2167 2211 2211 2235 ex
2231 2212 2355 2237 causa.
2385 2200 2514 2237 Primo

1460 2250 1629 2298 quidem,
1649 2251 1732 2286 zelo
1753 2250 1984 2300 perfectioris
2004 2251 2204 2299 religionis.
2231 2252 2340 2299 Quae
2360 2253 2515 2302 quidem

1461 2302 1688 2350 excellentia,
1717 2311 1759 2339 ut
1787 2316 1900 2353 supra
1917 2303 1938 2325 ‘¹‘
1966 2303 2106 2340 dictum
2126 2312 2190 2351 est,
2220 2317 2297 2341 non
2317 2306 2517 2343 attenditur
2543 2312 2592 2339 'Q

1461 2355 1671 2393 secundum
1691 2357 1811 2393 solam
1831 2356 2094 2393 arctitudinem
2114 2362 2148 2392 7f:
2178 2357 2245 2394 secl
2265 2358 2518 2407 principaliter

1461 2408 1672 2446 secundum
1701 2407 1739 2446 id
1768 2408 1816 2446 ad
1845 2409 1950 2457 quod
1978 2409 2107 2458 religio
2136 2409 2352 2457 ordinatum
2387 2423 2519 2450 secun-

1461 2461 1566 2500 dario
1595 2473 1689 2498 vero
1727 2462 1939 2499 secundum
1969 2461 2234 2500 discretionem
2262 2464 2518 2502 observantia—

1462 2526 1546 2551 rum
1585 2514 1713 2552 debito
1747 2514 1816 2552 fini
1848 2514 2233 2563 proportionatarum.
2263 2537 2286 2544 —
2317 2517 2516 2564 Secundo,

1461 2574 1616 2616 propter
1643 2566 1934 2604 declinationem
1963 2567 2151 2615 religionis
2185 2580 2206 2604 a
2241 2568 2366 2612 debita
2396 2570 2518 2618 perfe-

1462 2620 1597 2658 ctione.
1626 2620 1734 2665 Puta,
1764 2619 1793 2656 si
1821 2619 1860 2656 in
1889 2620 2013 2668 aliqua
2041 2620 2219 2667 religione
2247 2621 2367 2658 altiori
2386 2619 2400 2643 ⁶
2427 2622 2516 2659 inci-

1460 2673 1563 2722 piant
1583 2672 1744 2720 religiosi
1764 2672 1954 2711 remissius
1971 2673 2114 2719 vivere,
2134 2673 2369 2712 laudabiliter
2387 2675 2518 2713 transit

1461 2726 1592 2775 aliquis
1619 2726 1670 2763 ad
1697 2725 1916 2773 religionem
1946 2725 2059 2763 etiam
2087 2725 2293 2771 minorem,
2323 2727 2353 2765 si
2381 2727 2515 2765 melius

1461 2780 1704 2816 observetur:
1733 2778 1829 2815 sicut
1853 2778 1892 2815 in
1920 2778 2187 2815 Collationibus
2204 2779 2360 2815 Patrum
2379 2779 2400 2801 *
2427 2780 2516 2817 dicit

1461 2833 1592 2869 Abbas
1622 2833 1782 2868 loannes
1811 2831 1857 2868 de
1887 2831 2011 2879 seipso
2048 2831 2152 2879 quod
2181 2843 2202 2867 a
2230 2831 2306 2868 vita
2334 2831 2513 2879 solitaria,

1461 2885 1498 2921 in
1528 2897 1604 2933 qua
1640 2884 1832 2933 professus
1850 2888 1865 2905 ⁸
1892 2884 2030 2931 fuerat,
2059 2883 2200 2920 transiit
2227 2884 2275 2920 ad
2303 2884 2512 2932 minorem,

1461 2938 1601 2975 scilicet
1639 2949 1771 2974 eorum
1806 2937 1870 2985 qui
1898 2937 2032 2974 vivunt
2064 2936 2103 2973 in
2130 2936 2324 2982 societate,
2360 2945 2515 2985 propter

1461 2993 1535 3028 hoc
1570 2991 1674 3039 quod
1703 2990 1780 3027 vita
1815 2990 2004 3026 eremitica
2042 2996 2219 3037 coeperat
2253 2989 2441 3025 declinare
2479 2997 2515 3026 et

1461 3044 1579 3081 laxius
1607 3042 1813 3080 observari.
1843 3064 1867 3070 -
1896 3042 2043 3089 Tertio,
2078 3049 2232 3090 propter
2259 3042 2512 3078 infirmitatem

1460 3098 1522 3134 vel
1552 3096 1794 3141 debilitatem,
1825 3108 1867 3132 ex
1889 3108 1963 3144 qua
1991 3095 2179 3131 interdum
2207 3094 2383 3142 provenit
2409 3094 2512 3142 quod

1462 3162 1539 3186 non
1567 3156 1692 3198 potest
1719 3147 1853 3195 aliquis
1882 3147 2048 3185 arctioris
2070 3146 2256 3194 religionis
2285 3154 2420 3183 statuta
2439 3158 2513 3183 ser-

1461 3214 1568 3248 vare,
1606 3208 1734 3251 posset
1767 3208 1894 3237 autem
1931 3201 2133 3237 observare
2162 3206 2296 3236 statuta
2325 3198 2512 3247 religionis

1461 3253 1623 3292 laxioris.

1515 3307 1591 3344 Sed
1611 3306 1649 3342 in
1668 3306 1725 3342 his
1744 3305 1860 3342 tribus
1880 3304 2027 3342 casibus
2048 3311 2102 3340 est
2119 3302 2132 3329 ἕ
2161 3303 2380 3340 differentia.
2410 3304 2512 3341 Nam

1461 3361 1499 3397 in
1527 3360 1650 3408 primo
1680 3371 1781 3406 casu,
1810 3358 1922 3395 debet
1949 3356 2116 3407 quidem,
2145 3363 2298 3407 propter
2325 3356 2512 3396 humilita-

1462 3421 1552 3459 tem,
1581 3411 1771 3450 licentiam
1790 3417 1937 3460 petere:
1968 3421 2066 3457 quae
2086 3416 2214 3447 tamen
2234 3409 2269 3447 ei
2287 3409 2414 3459 negari
2434 3422 2511 3446 non

394 3551 422 3582 a)
440 3549 612 3583 regulariter.
623 3562 643 3568 -
660 3548 796 3581 reg-laris
814 3547 861 3573 Pa.

394 3585 421 3620 β)
438 3585 608 3612 Neeteros.-
625 3583 766 3609 Nestorius
788 3583 828 3608 Pa
846 3588 874 3608 et
890 3583 1007 3615 codicee3
1026 3586 1057 3608 ut
1079 3587 1139 3608 ante
1162 3588 1265 3607 summo
1289 3579 1362 3613 ponit
1378 3579 1406 3605 P.

394 3620 421 3655 γ)’
440 3620 640 3646 arctitudinem.
654 3632 672 3637 —
690 3618 861 3644 altitudinem
880 3618 908 3644 P.

1512 3541 1537 3574 δ)
1556 3541 1656 3567 altiori.
1667 3554 1686 3562 -ο
1701 3540 1817 3566 arctiori
1834 3540 1937 3566 PCsAK
1956 3544 1982 3565 et
1996 3547 2022 3565 a.

1511 3578 1534 3609 ε)
1549 3578 1695 3610 professus,
1706 3590 1725 3596 -
1737 3576 1873 3612 perfectus
1890 3575 2100 3608 BCDEFIKLpH
2120 3579 2146 3599 et
2162 3582 2189 3604 a,
2201 3574 2341 3610 profectus
2359 3575 2407 3607 pA.

1511 3612 1537 3645 ζ)
1556 3615 1604 3638 est.
1615 3626 1634 3631 —
1647 3615 1738 3644 potest
1755 3618 1811 3636 esse
1829 3611 1874 3637 Pa.

2544 530 2554 539 ⁸
2567 529 2599 550 IV
2612 529 2684 556 Sent.,
2697 531 2749 553 dist.

2541 561 2609 580 xxvi.
2625 562 2663 584 qu.
2678 563 2693 584 ι,
2708 562 2749 580 art.

2542 588 2561 608 2,
2576 582 2605 603 ad
2618 588 2637 611 3.

2546 1523 2556 1532 ⁸
2578 1521 2662 1544 couat.
2687 1523 2754 1550 XIV,

2546 1554 2595 1576 cap.
2610 1555 2631 1569 v.

2643 1576 2659 1610 β

2546 2787 2555 2798 “
2576 2786 2660 2809 Collat.
2685 2787 2751 2815 XIX,

2543 2819 2592 2840 cap.
2607 2819 2640 2840 ιιι,
2655 2820 2677 2840 v,
2691 2820 2720 2835 vr.
