2768 4198
77 798 86 807 ¹·
96 796 106 817 1
116 795 149 817 ad
164 795 227 821 Cor.y
238 801 288 823 cap.

77 829 116 848 xii,
133 828 191 844 vers.
207 828 239 850 23.

76 1159 84 1168 ·
94 1157 130 1178 De
142 1156 208 1184 offic.
219 1156 258 1178 lib.
270 1156 287 1181 1,

76 1190 125 1211 cap.
141 1189 206 1205 ιιιιι.

82 1238 90 1246 ·
102 1233 171 1254 Num.
188 1238 212 1254 n.

76 2497 84 2504 ⁸
101 2495 148 2522 Qu.
168 2501 228 2522 mr,
246 2498 287 2516 art.

80 2897 87 2904 ¹
100 2895 146 2922 Qu.
158 2900 202 2921 cuty
213 2899 254 2916 art.
265 2903 289 2925 3:

79 2928 116 2948 qu.
136 2927 194 2948 cxw,
212 2926 254 2943 art.
270 2929 289 2944 2.

82 3210 91 3219 ’
106 3208 176 3229 Num.
193 3214 223 3230 m.

82 3255 90 3262 “
104 3252 174 3274 Νιιῐη.
191 3258 212 3273 v.

324 326 395 361 140

317 394 472 426 absolute.
511 394 552 424 Et
582 393 671 434 quod
693 392 766 423 licet
791 390 919 422 cuilibet
948 389 1056 419 virtuti
1093 387 1260 419 conveniat
1284 387 1392 427 fugere
1418 388 1420 423 Ι

317 438 551 480 turpitudinem
568 447 670 473 suam,
687 437 750 467 hoc
767 443 812 466 est
830 440 1025 465 contractam
1045 432 1084 462 ad
1099 442 1192 463 suam
1208 431 1391 467 materiam;
1418 425 1420 460 ἶ

896 310 1166 358 QUAESTIO
1198 309 1372 355 CXLIII,
1402 310 1702 347 ARTICULUS
1732 309 1925 347 UNlCUS

1447 388 1642 419 continentia
1673 399 1739 419 non
1772 387 1873 419 differt
1902 399 1920 418 a
1948 387 2158 428 temperantia
2191 394 2227 417 ut
2256 396 2391 427 arguens
2421 393 2522 427 putat,

1447 432 1565 463 scilicet
1592 434 1682 473 quod
1711 432 1906 464 continentia
1929 439 1975 463 est
1998 433 2115 472 gradus
2145 431 2371 472 superveniens
2402 436 2524 471 tempe-

317 484 392 525 quia
416 490 523 514 tamen
543 481 709 522 turpitudo
735 479 880 510 absolute
898 477 998 517 magis
1022 476 1161 507 salvatur
1185 476 1217 506 in
1243 486 1306 506 una
1326 485 1392 505 ma·
1419 476 1420 512 ξ
1447 477 1565 507 rantiae
1579 476 1613 506 *z
1645 477 1700 507 sed
1724 477 1920 508 continentia
1943 477 2068 508 realiter
2092 483 2122 507 et
2145 475 2352 507 essentialiter
2380 474 2483 506 differt
2506 485 2524 505 a
2553 484 2610 506 ·‹;f.
2641 491 2663 506 u.
2678 490 2764 512 exxm,

317 528 394 559 teria
418 537 517 568 quam
539 526 572 556 in
597 526 670 562 alia,
695 525 768 555 ideo
793 522 893 562 magis
918 522 957 552 ad
982 531 1082 551 unam
1111 521 1262 551 virtutem
1293 529 1391 560 quarn
1419 521 1420 548 l

318 573 357 603 ad
388 572 483 602 aliam
512 577 632 611 spectat
661 569 769 609 fugere
802 565 1045 606 turpitudinem.
1078 565 1119 596 Et
1149 571 1281 605 propter
1311 564 1393 594 hanc

318 627 447 648 causam
463 615 564 655 magis
588 620 708 654 spectat
731 612 770 642 ad
793 609 1037 650 temperantiam
1058 609 1201 650 refugere
1223 608 1393 649 turpitudi-
1419 609 1420 630 ἱ

317 672 391 692 nem
407 670 506 702 quam
522 660 562 690 ad
579 657 808 692 fortitudinem,
825 655 898 685 licet
921 654 1131 694 temperantia
1161 663 1227 684 non
1258 652 1394 694 refugiat
1419 688 1421 694 ,

317 706 377 737 nisi
402 705 461 735 sibi
478 703 662 744 oppositam
686 699 928 740 turpitudinem.
954 699 995 729 Et
1018 698 1122 729 simile
1146 706 1192 729 est
1216 698 1254 728 de
1284 707 1393 728 amore

317 748 509 781 honestatis:
534 747 609 788 quia
638 755 734 786 penes
763 743 953 784 oppositum
984 742 1173 779 attenditur,
1198 742 1285 773 iuxta
1313 741 1393 772 illud

317 793 466 835 Apostoli
481 792 514 822 *ς
543 791 635 828 Quae
664 789 882 820 inhonestiora
905 793 982 818 sunt
1005 794 1064 818 etc.

373 838 414 868 Et
437 847 493 877 per
516 836 577 865 hoc
607 840 693 874 patet
716 832 837 863 solutio
861 832 901 862 ad
924 831 1125 863 secundum:
1148 831 1238 872 quod
1261 830 1390 866 scilicet,
1419 838 1420 872 j

315 884 388 914 licet
410 882 487 911 haec
512 878 697 910 communia
721 877 784 908 sint
808 876 934 913 multis,
960 876 1164 917 appropriate
1187 882 1295 906 tamen
1319 882 1394 906 sunt
1418 881 1421 907 l

316 934 420 968 partes
451 924 618 964 integrales
648 921 886 963 temperantiae.
922 920 1066 961 Intellige
1094 928 1201 952 tamen
1229 920 1292 951 hoc
1320 929 1392 950 cum

314 980 423 1013 grano
446 969 526 1001 salis
548 967 680 998 inferius
704 967 736 997 in
761 977 814 1008 qu.
841 976 947 1002 cxmv,
972 973 1029 996 art.
1050 975 1081 1004 4,
1099 965 1139 996 ad
1162 974 1199 1004 4,
1225 964 1392 1005 apposito:

316 1015 433 1046 scilicet
463 1013 553 1055 quod
583 1011 773 1042 verecundia
803 1017 849 1041 est
872 1020 944 1052 pars
974 1010 1135 1050 integralis
1165 1009 1393 1050 temperantiae
1419 1029 1420 1032 =

317 1071 382 1090 non
406 1067 561 1099 tanquam
585 1057 704 1087 intrans
724 1056 791 1086 eius
808 1055 1083 1090 constitutionem,
1101 1054 1178 1095 quia
1193 1054 1225 1084 in
1242 1053 1394 1084 virtuosis

316 1115 382 1135 non
407 1109 548 1134 remanet
570 1101 778 1136 verecundia;
804 1101 859 1131 sed
883 1106 1037 1140 tanquam
1063 1099 1236 1140 disponens
1260 1099 1300 1129 ad
1316 1105 1394 1129 tem-

316 1148 510 1190 perantiam,
538 1147 624 1178 iuxta
653 1145 865 1177 Ambrosium
885 1145 918 1175 *:
950 1144 1150 1175 Verecundia
1178 1145 1255 1175 iacit
1279 1145 1392 1184 prima

316 1194 547 1235 temperantiae
561 1191 795 1233 fundamenta.

371 1239 411 1269 V.
436 1238 487 1268 Ad
511 1237 689 1267 secundum
714 1235 860 1271 dubium,
885 1234 924 1264 de
948 1233 1091 1274 partibus
1120 1232 1349 1273 potentialibus
1365 1232 1392 1269 *,

315 1283 431 1315 dicitur
447 1282 593 1323 negando
613 1281 773 1311 minorem
784 1280 886 1320 primi
901 1278 1090 1319 argumenti.
1115 1277 1155 1308 Et
1175 1278 1214 1308 ad
1231 1277 1392 1318 probatio-

316 1338 390 1359 nem
415 1327 553 1368 primam
577 1326 692 1357 dicitur
716 1325 805 1365 quod
830 1323 960 1354 materia
983 1322 1211 1363 temperantiae
1242 1329 1274 1353 et
1297 1322 1392 1352 dicta-

316 1367 401 1403 runs*
412 1372 569 1402 virtutum
585 1378 659 1402 sunt
683 1379 845 1401 connexae
868 1368 1000 1399 vinculo
1025 1367 1244 1398 similitudinis
1260 1374 1291 1398 et
1307 1367 1392 1398 ordi·
1419 1388 1421 1401 2

317 1418 365 1448 nis
381 1418 414 1447 in
431 1427 498 1447 esse
515 1415 643 1446 morali:
661 1414 818 1456 quoniam
835 1423 948 1443 omnes
964 1412 1160 1443 conveniunt
1174 1411 1208 1442 in
1224 1412 1286 1442 hoc
1303 1412 1393 1453 quod
1419 1410 1421 1449 ,ᾖ

316 1462 487 1503 praecipue
510 1461 581 1491 laus
605 1469 715 1490 earum
740 1457 885 1490 consistit
908 1457 941 1488 in
958 1457 1059 1488 freno.
1084 1457 1126 1487 Et
1140 1457 1223 1487 inter
1239 1466 1292 1487 eas
1307 1456 1393 1497 prin·
1420 1490 1421 1494 Ἰ

316 1507 448 1548 cipalior
468 1513 514 1536 est
534 1504 792 1545 concupiscentia
816 1502 1051 1533 delectabilium
1075 1508 1187 1532 tactus.
1207 1519 1226 1524 -
1249 1501 1309 1531 Per
1332 1501 1394 1531 hoc
1420 1499 1421 1542 ᾗ

316 1558 403 1592 patet
426 1550 592 1591 responsio
612 1550 652 1580 ad
672 1548 846 1579 secundam
870 1546 1096 1587 probationem
1119 1546 1264 1578 eiusdem
1288 1545 1392 1576 mino-

317 1596 372 1627 ris:
397 1596 473 1637 quia
501 1595 619 1625 scilicet
642 1604 708 1624 non
732 1592 903 1634 requiritur
926 1591 987 1622 alia
1011 1591 1223 1632 dependentia
1251 1598 1393 1627 actuum,

316 1641 372 1672 sed
403 1648 450 1671 sat
485 1647 531 1670 est
564 1639 741 1670 similitudo
776 1645 807 1668 et
837 1637 918 1668 ordo
953 1636 1034 1667 inter
1064 1643 1173 1672 actus,
1198 1642 1235 1666 ut
1269 1635 1394 1676 exposi-

315 1692 386 1716 tum
411 1692 466 1716 est.

372 1730 423 1760 Ad
446 1728 623 1760 secundum
648 1734 884 1767 argumentum,
904 1732 1038 1765 negatur
1062 1724 1201 1766 sequela.
1228 1723 1393 1761 Quoniam

317 1775 356 1805 ad
381 1775 442 1805 hoc
466 1774 556 1815 quod
579 1773 678 1803 virtus
702 1771 809 1812 aliqua
833 1770 872 1801 sit
895 1768 1044 1800 adiuncta
1069 1769 1308 1808 temperantiae,
1326 1778 1393 1799 non

317 1818 432 1850 sufficit
455 1818 546 1859 quod
561 1817 674 1847 habeat
691 1815 865 1846 faciliorem
890 1813 1159 1844 moderationem:
1185 1813 1240 1843 sed
1261 1812 1394 1853 exigitur
1419 1827 1421 1855 g

316 1863 491 1894 necessario
515 1861 604 1902 quod
629 1859 813 1901 principalis
836 1859 905 1889 laus
930 1858 1015 1888 illius
1039 1856 1163 1888 virtutis
1187 1857 1339 1888 consistat
1359 1856 1392 1886 in
1419 1871 1420 1877 1

316 1907 546 1938 moderatione.
572 1905 707 1936 Constat
730 1911 839 1935 autem
857 1903 947 1944 quod
963 1901 1101 1934 iustitiae
1124 1901 1308 1942 principalis
1323 1900 1392 1932 laus
1419 1893 1421 1931 ἓ

316 1963 382 1983 non
407 1958 453 1982 est
475 1951 508 1982 in
533 1950 645 1987 modo,
670 1949 725 1980 sed
749 1949 781 1979 in
807 1948 952 1979 debitum
981 1946 1161 1985 reddendo,
1186 1956 1242 1977 seu
1266 1945 1392 1977 rectitu-
1418 1943 1420 1976 2

315 1997 398 2028 dine.
424 1995 633 2027 Fortitudinis
657 2004 790 2035 quoque
814 1993 984 2034 praecipua
1002 1992 1072 2023 laus
1097 2001 1163 2022 non
1180 1997 1226 2022 est
1242 1990 1275 2021 in
1291 1990 1392 2027 freno,
1418 2005 1421 2050 Ι

315 2042 370 2072 sed
394 2041 425 2071 in
450 2039 609 2072 firmitate.
634 2039 675 2069 Et
699 2049 754 2080 per
778 2038 839 2069 hoc
865 2044 949 2078 patet
972 2036 1052 2067 ratio
1073 2046 1173 2077 quare
1191 2035 1316 2076 aliquae
1332 2035 1393 2066 vir—
1419 2062 1420 2095 1

315 2094 408 2123 tutes,
434 2093 464 2116 et
488 2095 554 2116 non
579 2094 702 2121 omnes,
723 2090 890 2125 ponuntur
913 2089 1017 2123 partes
1040 2080 1277 2122 temperantiae.

371 2131 422 2162 Ad
446 2131 576 2161 tertium
595 2129 709 2160 dicitur
725 2128 815 2170 quod
830 2127 913 2158 actui
931 2125 1158 2167 temperantiae
1182 2125 1392 2157 subordinan-
1419 2136 1420 2154 ³

316 2183 367 2207 tur
391 2182 479 2207 actus
503 2174 742 2206 adiunctarum:
767 2173 810 2204 ita
833 2172 923 2214 quod
947 2171 980 2202 in
1004 2178 1074 2202 toto
1098 2178 1128 2202 et
1152 2177 1240 2211 parte
1256 2178 1332 2201 sunt
1348 2169 1393 2200 di·

315 2220 396 2251 versi
427 2227 526 2256 actus,
550 2228 693 2260 quorum
722 2217 926 2249 secundarius
958 2215 1186 2247 subordinatur
1216 2213 1392 2256 principali,
1419 2237 1421 2266 J

316 2276 383 2296 non
413 2264 553 2295 effective
582 2269 637 2294 aut
666 2262 816 2299 finaliter,
841 2262 897 2292 sed
922 2260 1107 2296 formaliter,
1132 2270 1171 2291 eo
1196 2260 1296 2290 modo
1326 2269 1392 2301 quo
1419 2268 1421 2299 ζ

315 2310 438 2341 formae
462 2307 712 2350 imperfectiores
736 2306 987 2338 subordinantur
1010 2305 1122 2336 formis
1142 2303 1392 2346 perfectioribus.
1419 2303 1420 2350 ᾗ

317 2355 383 2386 Iam
413 2354 498 2385 enim
526 2352 722 2384 declaratum
747 2359 793 2383 est
817 2351 907 2393 quod
931 2357 977 2381 est
1000 2350 1081 2381 inter
1110 2350 1187 2381 haec
1216 2348 1392 2380 similitudo
1419 2353 1420 2369 ¹

316 2406 346 2431 et
370 2399 463 2432 ordo.
796 2427 802 2431 .
1418 2377 1420 2436 i

372 2445 423 2475 Ad
447 2448 598 2485 quartum
624 2442 738 2473 dicitur
761 2441 851 2482 quod
875 2438 1042 2480 responsio
1066 2438 1110 2470 ibi
1134 2437 1227 2476 dicta,
1247 2449 1330 2480 quae
1347 2445 1393 2469 est

317 2488 467 2520 Auctoris
483 2488 510 2524 *,
536 2487 664 2523 scilicet,
689 2487 860 2517 Passiones
882 2484 1058 2516 secundum
1082 2488 1203 2515 tactum
1227 2488 1304 2515 sunt
1325 2483 1394 2515 diu·
1418 2514 1420 2527 ἲ

318 2534 481 2564 turniores
511 2543 607 2573 quam
634 2532 805 2572 passiones
835 2530 922 2567 irae,
954 2536 1000 2559 est
1028 2529 1124 2560 bona.
1157 2528 1198 2559 Et
1227 2538 1302 2559 cum
1334 2538 1391 2568 op·
1418 2530 1420 2546 ¹

318 2578 448 2619 ponitur
473 2577 511 2608 de
535 2577 638 2614 duris,
664 2575 875 2616 respondetur
899 2574 988 2615 quod
1019 2572 1183 2614 passiones
1214 2572 1393 2604 secundum
1419 2599 1420 2616 ἢ

317 2629 439 2654 tactum
463 2629 547 2658 sunt,
573 2631 629 2662 per
652 2631 684 2652 se
708 2619 884 2662 loquendo,
910 2617 1126 2649 diuturniores
1149 2627 1248 2659 quam
1271 2618 1316 2649 ira
1336 2618 1393 2648 du-
1419 2617 1420 2659 J

318 2676 444 2699 rorum:
474 2666 630 2708 quoniam
660 2665 693 2696 in
725 2665 786 2695 illis
816 2671 862 2696 est
894 2663 1047 2694 continua
1078 2672 1134 2703 per
1163 2669 1265 2694 totam
1294 2661 1391 2693 vitam

318 2723 436 2754 pugna,
453 2711 485 2741 in
501 2711 568 2743 istis
589 2717 635 2742 est
654 2711 693 2741 ad
714 2717 851 2750 tempus,
876 2707 994 2739 scilicet
1018 2717 1121 2748 usque
1145 2707 1184 2738 ad
1208 2706 1391 2738 vindictam.

373 2757 423 2787 Ad
442 2757 602 2797 quintum,
620 2762 753 2796 negatur
772 2753 911 2795 sequela.
932 2753 1021 2783 Tum
1038 2751 1114 2793 quIa
1131 2762 1189 2783 nec
1205 2751 1318 2783 veritas
1335 2762 1392 2783 nec

318 2800 481 2832 affabilitas
513 2800 727 2841 principaliter
756 2799 905 2830 laudatur
930 2808 967 2828 ex
991 2797 1108 2828 modo:
1135 2796 1190 2827 sed
1219 2796 1333 2828 veritas
1357 2807 1393 2827 ex

319 2846 442 2881 debito,
468 2853 498 2876 et
526 2844 691 2876 affabilitas
719 2854 756 2875 ex
785 2843 891 2874 debito
916 2841 1158 2878 condecenfiae,
1184 2847 1219 2872 ut
1247 2848 1333 2882 patet
1357 2851 1393 2872 ex

317 2901 413 2931 supra
428 2890 445 2909 *
469 2890 570 2920 dictis.
596 2890 636 2920 Et
651 2889 725 2919 ideo
743 2888 864 2929 positae
882 2894 956 2919 sunt
976 2893 1079 2927 partes
1103 2885 1249 2917 iustitiae.
1266 2904 1287 2909 -
1304 2886 1393 2917 Tum
1420 2917 1421 2920 ,

317 2935 393 2977 quia
418 2935 633 2965 mansuetudo
665 2943 731 2964 non
761 2940 807 2964 est
837 2932 936 2963 virtus
967 2930 1159 2972 principalis,
1185 2930 1240 2962 sed
1264 2938 1311 2962 est
1334 2931 1394 2961 sub
1420 2939 1421 2969 l

318 2979 526 3020 temperantia
554 2986 589 3010 ut
617 2978 793 3019 principali.
819 2995 837 3000 —
861 2977 997 3007 Nullum
1029 2983 1136 3007 tamen
1166 2974 1395 3007 inconveniens

319 3025 412 3055 video
433 3024 458 3054 si
483 3023 732 3059 mansuetudini,
748 3030 803 3053 aut
819 3021 906 3052 alteri
927 3020 1131 3052 secundariae
1147 3019 1265 3058 virtuti,
1283 3019 1394 3051 adiun-

319 3076 467 3110 gerentur
490 3068 615 3110 aliquae
635 3068 765 3099 virtutes
790 3074 825 3097 ut
849 3073 951 3107 partes
977 3064 1176 3107 potentialeS,
1194 3065 1345 3096 habentes
1362 3075 1395 3096 se
1420 3092 1422 3098 ,

319 3115 358 3144 ad
382 3114 485 3155 ipsam
517 3113 597 3144 sicut
628 3112 696 3153 ipsa
719 3122 751 3142 se
777 3112 871 3142 habet
902 3111 941 3141 ad
971 3109 1180 3152 principalem
1211 3109 1396 3151 simpliciter

319 3159 350 3188 in
375 3158 431 3188 illo
455 3167 578 3198 genere.

375 3203 428 3233 Vl.
454 3202 504 3233 Ad
521 3202 651 3233 tertium
668 3200 804 3231 dubium
820 3200 846 3237 *,
867 3199 898 3230 in
915 3209 983 3240 quo
1001 3209 1118 3240 corpus
1138 3198 1261 3230 articuli
1279 3197 1395 3230 exami—

321 3254 423 3283 natur,
441 3247 555 3278 dicitur
578 3246 678 3287 quod,
696 3252 732 3276 ut
755 3255 791 3276 ex
815 3244 905 3276 dictis
921 3244 938 3264 *
962 3251 1058 3285 patet,
1079 3243 1223 3275 doctrina
1246 3243 1396 3275 Auctoris
1421 3244 1422 3279 J

322 3291 352 3321 in
377 3291 481 3331 primo
506 3301 571 3322 non
597 3290 711 3327 deficit,
736 3290 791 3321 sed
815 3295 877 3320 stat
900 3289 1012 3320 solida.
1044 3289 1110 3319 Nec
1134 3288 1278 3330 sequitur
1306 3288 1395 3330 quod

322 3335 426 3366 omnis
442 3336 501 3366 alia
517 3336 616 3366 virtus
633 3335 672 3366 sit
687 3345 759 3376 pars
783 3334 1021 3375 temperantiae.
1046 3333 1132 3371 Quia
1147 3333 1220 3365 licet
1236 3332 1397 3374 quaelibet
1421 3330 1422 3362 fi

322 3379 419 3410 virtus
444 3380 637 3418 moderetur,
663 3390 729 3411 non
754 3386 860 3411 tamen
891 3377 1051 3420 quaelibet
1081 3378 1181 3410 virtus
1212 3377 1397 3409 moderatur

322 3423 364 3455 ita
388 3424 475 3465 quod
501 3424 678 3455 moderatio
702 3424 741 3455 sit
765 3431 853 3455 actus
877 3433 914 3454 ex
938 3433 1004 3465 quo
1030 3422 1200 3464 praecipue
1231 3422 1394 3454 laudatur:

323 3468 366 3500 sic
391 3467 476 3498 enim
499 3468 703 3509 intelligenda
726 3475 802 3499 sunt
824 3468 919 3499 verba
944 3467 1103 3499 Auctoris.

377 3513 443 3543 Nec
468 3512 562 3543 etiam
586 3512 616 3543 in
642 3513 783 3543 secundo
808 3511 922 3548 deficit,
941 3512 979 3543 de
1000 3511 1205 3543 continentia.
1230 3510 1395 3548 Quoniam

1447 520 1667 560 temperantia.
1699 520 1906 552 Continentia
1930 521 2018 551 enim
2041 530 2108 551 non
2132 521 2318 551 moderatur
2347 519 2523 560 passiones,

1447 565 1502 594 sed
1533 564 1709 595 voluntatis
1739 571 1885 602 motum,
1910 574 1964 602 ne,
1989 575 2007 596 a
2035 566 2138 596 multa
2168 565 2317 605 passione
2348 571 2523 600 commota,

1447 608 1584 639 declinet
1607 618 1625 638 a
1648 609 1752 639 bono:
1777 609 1987 649 temperantia
2010 619 2086 640 vero
2110 610 2296 640 moderatur
2319 609 2435 639 directe
2454 619 2524 649 pas-

1447 653 1553 683 siones
1577 652 1674 692 ipsas,
1699 662 1738 683 ne
1761 652 1941 694 insurgant,
1965 661 2021 685 aut
2043 654 2135 684 valde
2166 664 2292 694 parum.
2323 654 2364 684 Et
2394 653 2438 684 sic
2469 663 2525 693 per

1447 697 1691 738 temperantiam
1720 697 1872 728 voluntas
1904 703 2059 738 tanquam
2087 698 2120 728 in
2150 698 2322 740 tranquillo
2357 705 2523 739 operatur:

1447 752 1503 782 per
1526 741 1758 771 continentiam
1781 751 1857 772 vero
1881 748 2036 782 tanquam
2059 741 2209 773 fluctibus
2232 743 2357 783 agitata.

1503 786 1545 816 Et
1567 795 1624 826 per
1647 786 1711 816 hoc
1734 792 1823 826 patet
1845 786 1885 816 ad
1895 786 2042 826 primum
2067 786 2266 827 quaesitum:
2291 787 2382 828 quod
2405 786 2525 817 scilicet

1447 830 1644 861 continentia
1668 830 1854 860 moderatur
1877 829 1993 860 directe
2016 836 2124 861 actum
2147 831 2338 868 voluntatis,
2363 841 2429 862 non
2454 841 2524 871 pas-

1447 875 1570 911 siones;
1595 874 1806 915 temperantia
1829 884 1905 905 vero
1929 873 2014 914 ipsas
2038 875 2212 914 passiones.

1503 920 1555 950 Ad
1576 920 1753 950 secundum
1769 929 1846 950 vero
1864 918 1980 950 dicitur
1996 919 2087 959 quod
2106 926 2215 950 motus
2234 920 2434 960 passionum,
2451 927 2524 951 ante

1447 964 1708 1005 temperantiam,
1740 963 1901 995 concitant
1931 963 2147 994 voluntatem:
2182 963 2238 994 sed
2267 964 2374 1004 genita
2404 972 2525 1005 tempe-

1447 1009 1558 1045 rantia,
1576 1016 1685 1039 motus
1705 1018 1771 1039 non
1795 1007 1953 1039 fluctuant
1975 1007 2125 1048 amplius.
2142 1008 2193 1038 Ad
2210 1008 2432 1050 quaestionem
2449 1019 2524 1048 ergo

1448 1054 1486 1084 de
1511 1053 1655 1084 motibus
1679 1053 1868 1093 passionum
1893 1059 2192 1093 praegeneratarum
2212 1053 2457 1093 temperantiae,
2482 1053 2526 1084 di-

1448 1098 1529 1129 citur
1548 1098 1655 1139 quod,
1681 1098 1763 1128 sicut
1795 1097 1912 1128 fluctus
1942 1097 2097 1137 paulatim
2130 1098 2317 1128 decrescunt
2346 1104 2418 1128 ante
2441 1103 2525 1128 tran—

1419 1157 1421 1165 ‚
1446 1143 1639 1184 quillitatem
1662 1142 1768 1178 maris,
1785 1142 1829 1173 ita
1845 1149 1876 1174 et
1895 1148 2004 1173 motus
2028 1141 2235 1182 passionum:
2260 1142 2341 1173 adeo
2361 1149 2407 1178 ut,
2424 1152 2525 1183 prope

1446 1187 1708 1228 tranquillitatem
1732 1187 1971 1228 temperantiae,
1989 1193 2055 1218 tam
2071 1186 2159 1227 parvi
2175 1186 2253 1218 fiant
2272 1193 2382 1218 motus
2404 1186 2526 1227 passio—

1419 1235 1421 1246 <
1447 1242 1527 1263 num
1552 1239 1588 1263 ut
1611 1232 1718 1262 anima
1748 1231 1903 1272 disposita
1926 1230 1966 1262 sit
1990 1231 2029 1261 ad
2060 1241 2168 1262 veram
2198 1230 2471 1272 tranquillitatem,
2496 1237 2527 1262 et

1419 1278 1421 1299 ἴ
1447 1277 1491 1308 sic
1516 1286 1572 1317 per
1595 1277 1672 1307 tales
1697 1283 1806 1307 motus
1830 1285 1896 1306 non
1921 1275 2111 1312 concitatur,
2137 1282 2192 1306 aut
2216 1285 2341 1317 parum,
2365 1276 2525 1307 voluntas.

1446 1322 1487 1352 Et
1506 1328 1675 1362 propterea
1690 1321 1759 1352 sola
1776 1319 1971 1351 continentia
1995 1320 2181 1351 moderatur
2204 1326 2332 1351 motum
2351 1320 2526 1351 voluntatis

1446 1366 1528 1397 inter
1542 1366 1659 1397 fluctus
1674 1366 1878 1407 passionum;
1903 1365 2113 1406 temperantia
2129 1372 2238 1396 autem
2254 1365 2440 1396 moderatur
2455 1374 2526 1395 mo-

1447 1418 1518 1442 tum
1541 1411 1716 1442 voluntatis
1747 1410 1983 1451 compescendo
2008 1420 2047 1440 ne
2071 1409 2238 1450 insurgant
2261 1409 2393 1446 fluctus3
2419 1409 2526 1450 dispo-

1447 1456 1520 1486 sitio
1544 1466 1620 1486 vero
1644 1455 1827 1496 propinqua
1850 1455 1890 1486 ad
1914 1454 2168 1496 temperantiam,
2186 1454 2364 1495 mitigando
2384 1454 2525 1491 eosdem,

1447 1501 1633 1531 moderatur
1656 1506 1784 1530 motum
1810 1499 1986 1531 voluntatis
2010 1509 2125 1540 parum
2149 1507 2205 1531 aut
2229 1498 2309 1530 nihil
2332 1505 2525 1531 commotae.

1448 1545 1489 1576 Et
1511 1545 1588 1586 quia
1612 1545 1771 1576 modicum
1790 1554 1856 1585 pro
1879 1545 1979 1575 nihilo
2003 1549 2177 1585 reputatur
2191 1543 2218 1581 *,
2243 1543 2317 1574 ideo
2341 1543 2402 1574 soli
2423 1543 2526 1575 conti-

1420 1592 1422 1636 ζ
1448 1590 1573 1621 nentiae
1597 1589 1778 1620 attribuitur
1801 1589 1960 1619 moderari
1985 1596 2114 1620 motum
2137 1588 2313 1620 voluntatis
2343 1594 2527 1620 commotae

1448 1645 1486 1666 ex
1514 1634 1664 1665 fluctibus
1695 1633 1893 1674 passionum.
1926 1633 1967 1664 Et
1997 1643 2072 1664 cum
2105 1633 2234 1671 dicitur,
2259 1633 2346 1674 Ergo
2377 1633 2527 1670 voluntas

1420 1696 1421 1713 ἢ
1448 1689 1514 1710 non
1538 1678 1650 1710 habuit
1673 1678 1759 1709 illos:
1786 1677 1987 1714 conceditur;
2012 1677 2088 1719 quia
2111 1684 2179 1709 tam
2194 1677 2284 1719 parvi
2299 1685 2388 1709 erant
2404 1684 2441 1709 ut
2458 1674 2526 1709 uon

1448 1730 1691 1755 commoverent
1713 1723 1924 1754 voluntatem.
1947 1722 2115 1754 Passiones
2139 1722 2226 1753 enim
2246 1732 2313 1753 non
2329 1730 2404 1754 sunt
2419 1722 2453 1753 in
2467 1732 2526 1754 vo-

1446 1768 1578 1805 luntate,
1603 1768 1658 1799 sed
1681 1767 1715 1798 in
1739 1767 1882 1808 appetitu
1910 1766 2072 1804 sensitivo,
2089 1767 2122 1797 in
2144 1777 2211 1809 quo
2236 1773 2283 1798 est
2305 1766 2525 1808 temperantia,

1447 1820 1479 1844 et
1501 1822 1568 1843 non
1592 1819 1798 1843 continentia.
2450 1845 2451 1848 Ἴ

1503 1856 1555 1887 Ad
1578 1857 1720 1894 tertium,
1739 1858 1872 1896 negatur
1891 1862 2105 1897 assumptum,
2121 1855 2240 1887 scilicet
2255 1856 2344 1898 quod
2361 1855 2528 1888 continen-

1447 1901 1491 1932 tia
1514 1900 1700 1931 moderetur
1722 1907 1753 1931 et
1776 1906 1886 1930 motus
1915 1909 2000 1940 quos
2030 1899 2215 1931 moderatur
2245 1900 2471 1941 temperantia,
2496 1907 2528 1933 et

1447 1953 1576 1977 motum
1599 1944 1792 1976 voluntatis:
1817 1951 1853 1975 ut
1877 1951 1962 1985 patet
1985 1954 2022 1975 ex
2047 1943 2148 1976 dictis.
2177 1944 2238 1975 Iste
2262 1944 2349 1976 enim
2372 1944 2529 1986 supponit

1448 2001 1553 2022 unum
1576 1989 1704 2027 falsum,
1725 1988 1843 2020 scilicet
1866 1989 1956 2030 quod
1981 1987 2176 2020 continentia
2192 1996 2223 2020 et
2239 1989 2449 2030 temperantia
2465 1987 2528 2022 sint

1447 2035 1545 2067 simul
1568 2034 1602 2066 in
1626 2035 1748 2066 anima:
1774 2043 1850 2064 cnm
1874 2033 1936 2064 hoc
1960 2033 2000 2064 sit
2022 2032 2222 2074 impossibile
2230 2042 2238 2070 ;
2263 2033 2420 2076 quoniam
2440 2032 2466 2064 si
2481 2040 2530 2069 est

1419 2099 1420 2116 2
1447 2080 1480 2112 in
1504 2079 1611 2111 anima
1635 2078 1854 2120 temperantia,
1878 2077 1943 2109 iarn
1966 2085 2014 2110 est
2037 2077 2258 2120 tranquillitas,
2280 2085 2310 2110 et
2330 2076 2527 2110 continentia

1448 2135 1514 2156 non
1538 2132 1595 2162 est,
1619 2134 1703 2166 quae
1728 2133 1794 2155 non
1820 2122 1880 2154 nisi
1904 2122 1937 2154 in
1961 2122 2112 2155 fluctibus
2134 2122 2305 2155 invenitur.

1504 2169 1556 2200 Ad
1586 2174 1740 2210 quartum
1770 2168 1884 2199 dicitur
1914 2168 2019 2209 quod,
2045 2174 2082 2199 ut
2111 2174 2198 2208 patet
2225 2177 2263 2200 ex
2286 2167 2395 2204 dictis,
2420 2167 2526 2203 habita

1447 2214 1658 2255 temperantia
1681 2220 1712 2245 et
1736 2220 1852 2250 stante,
1878 2223 1944 2243 non
1969 2219 2016 2244 est
2039 2213 2131 2244 locus
2162 2212 2387 2244 continentiae.
2419 2212 2472 2244 Ad
2494 2211 2528 2244 id

1447 2269 1523 2290 vero
1547 2259 1638 2300 quod
1661 2258 1834 2300 quaeritur,
1859 2268 1899 2288 an
1923 2264 2118 2298 temperatus
2141 2257 2244 2299 possit
2267 2257 2382 2289 habere
2398 2263 2528 2289 motum

1447 2304 1605 2346 passionis
1624 2302 1859 2335 commoventis
1882 2301 2098 2333 voluntatem:
2123 2302 2335 2343 respondetur
2350 2302 2441 2343 quod
2457 2303 2527 2333 mo-

1446 2357 1498 2381 tus
1521 2347 1680 2390 passionis
1708 2354 1818 2379 contra
1847 2347 1972 2378 bonurn
2000 2346 2132 2378 rationis
2159 2345 2327 2388 dupliciter
2350 2353 2456 2388 potest
2479 2345 2527 2378 iu-

1446 2403 1574 2435 surgere
1589 2393 1622 2424 in
1638 2392 1780 2424 homine.
1804 2391 1922 2429 Primo,
1941 2399 1977 2423 ut
1991 2391 2121 2423 inchoet
2137 2401 2174 2423 ex
2188 2391 2325 2432 imperio
2341 2390 2526 2423 voluntatis.

1447 2439 1489 2470 Et
1504 2438 1558 2475 sic,
1575 2438 1651 2480 quia
1667 2443 1862 2478 temperatus
1881 2443 1988 2478 potest
2006 2446 2097 2477 agere
2115 2443 2240 2477 praeter
2255 2443 2287 2468 et
2302 2442 2414 2467 contra
2429 2445 2527 2467 suum

1447 2483 1604 2520 habitum,
1629 2489 1735 2523 potest
1759 2491 1964 2513 commovere
1992 2480 2157 2522 passiones
2181 2480 2469 2522 concupiscentiae,
2492 2479 2526 2514 in

1447 2528 1565 2571 quibus
1597 2527 1776 2559 exardescet
1809 2525 1948 2567 amplius
1980 2525 2147 2562 voluntas,
2179 2533 2238 2557 etc.
2272 2525 2335 2558 Sed
2364 2524 2427 2557 hoc
2459 2534 2526 2557 non

1447 2580 1568 2614 spectat
1592 2573 1632 2603 ad
1656 2571 1887 2603 continentiam
1910 2570 1961 2601 vel
1984 2569 2267 2607 incontinentiam,
2292 2570 2347 2602 sed
2371 2570 2411 2600 ad
2435 2569 2527 2602 mali-

1447 2618 1541 2650 tiam:
1567 2617 1643 2658 quia
1663 2615 1858 2648 continentia
1873 2623 1904 2647 et
1918 2615 2150 2647 incontinentia
2168 2614 2327 2656 incipiunt
2343 2625 2360 2646 a
2377 2613 2527 2646 fluctibus

1448 2662 1648 2704 passionum,
1666 2668 1702 2692 ut
1721 2667 1807 2702 patet
1829 2660 1887 2692 Vll
1911 2660 2015 2692 Ethic.
2032 2659 2050 2680 *
2072 2677 2093 2684 -
2117 2659 2192 2692 Alio
2217 2659 2328 2696 mode,
2346 2666 2382 2691 ut
2396 2659 2528 2691 inchoet

1419 2712 1420 2715 ’
1447 2708 1486 2739 ab
1511 2707 1583 2748 ipso
1614 2706 1758 2748 appetitu
1786 2705 1948 2736 sensitivo.
1979 2705 2021 2736 Et
2044 2704 2106 2736 hoc
2137 2704 2323 2746 dupliciter,
2347 2704 2527 2736 secundum

1449 2751 1610 2793 duplicem
1635 2750 1773 2782 modurn
1796 2760 1863 2792 quo
1888 2756 2000 2783 natura
2030 2758 2194 2790 operatur:
2219 2749 2337 2781 scilicet
2359 2749 2411 2780 vel
2435 2756 2471 2781 ut
2493 2748 2526 2780 in

1449 2796 1594 2838 pluribus
1626 2803 1656 2828 et
1686 2805 1742 2836 per
1766 2804 1815 2832 se;
1840 2794 1889 2826 vel
1921 2802 1956 2826 ut
1987 2804 2058 2825 raro
2090 2802 2120 2826 et
2151 2804 2207 2835 per
2236 2794 2391 2826 accidens.
2423 2793 2528 2825 Distat

1448 2841 1607 2883 siquidem
1631 2847 1826 2881 temperatus
1845 2850 1863 2870 a
1880 2838 2063 2871 continente
2086 2846 2117 2870 et
2139 2838 2368 2876 incontinente,
2385 2848 2422 2870 ex
2436 2845 2526 2879 parte

1449 2886 1609 2928 appetitus
1634 2884 1784 2921 sensitivi,
1801 2883 1834 2915 in
1854 2884 1915 2915 hoc
1939 2884 2029 2926 quod
2053 2883 2220 2925 temperati
2243 2883 2403 2925 appetitus
2419 2889 2467 2914 est
2481 2882 2526 2914 sic

1449 2930 1623 2971 dispositus
1647 2937 1683 2962 ut
1706 2929 1890 2970 regulariter
1912 2935 1943 2960 et
1967 2935 2003 2960 ut
2025 2928 2057 2959 in
2082 2928 2227 2969 pluribus
2251 2938 2318 2960 non
2345 2926 2447 2969 possit
2470 2937 2525 2968 ap-

1420 2980 1422 2996 *
1449 2982 1556 3016 petere
1580 2982 1690 3006 contra
1713 2975 1838 3005 bonum
1866 2973 2012 3005 rationis:
2038 2973 2230 3004 continentis
2257 2982 2333 3004 vero
2357 2979 2388 3004 et
2411 2971 2524 3003 incon-

1449 3020 1578 3052 tinentis
1601 3019 1762 3061 appetitus
1786 3018 1954 3050 sensitivus
1978 3017 2195 3050 communiter
2217 3024 2248 3049 et
2271 3024 2308 3048 ut
2329 3016 2362 3048 in
2379 3016 2526 3058 pluribus

1450 3072 1599 3096 movetur
1630 3071 1739 3095 contra
1769 3063 1900 3094 rationis
1923 3063 2058 3094 bonum.
2082 3062 2131 3094 De
2155 3061 2298 3104 possibili
2321 3068 2430 3092 autem
2454 3071 2525 3092 raro

1450 3117 1481 3141 et
1504 3119 1560 3150 per
1582 3109 1744 3146 accidens,
1769 3114 1875 3149 potest
1905 3107 2088 3148 contingere
2112 3113 2147 3139 ut
2171 3105 2330 3148 appetitus
2358 3105 2524 3147 temperati

1420 3159 1422 3193 ,1
1450 3161 1480 3185 et
1504 3153 1663 3185 mansueti
1686 3153 1890 3184 vehementer
1909 3158 2078 3184 moveatur
2097 3157 2206 3183 contra
2225 3150 2351 3182 bonum
2374 3149 2523 3182 rationis:

1421 3203 1422 3241 ξ
1450 3199 1532 3230 sicut
1555 3198 1587 3229 in
1621 3197 1818 3229 naturalibus
1847 3194 2004 3237 contingit
2031 3202 2214 3227 monstrum
2236 3193 2314 3227 fieri.
2349 3195 2410 3226 Sed
2442 3205 2525 3238 quo-

1450 3243 1536 3275 niam
1561 3242 1704 3274 doctrina
1728 3241 1858 3273 moralis
1882 3241 1921 3273 de
1940 3240 1989 3272 hia
2005 3246 2053 3271 est
2071 3249 2153 3281 quae
2169 3247 2244 3271 sunt
2263 3239 2346 3271 utin
2364 3239 2524 3280 pluribus;

1421 3284 1422 3293 ¹
1450 3295 1481 3319 et
1504 3287 1700 3319 continentia
1716 3297 1752 3318 ac
1770 3284 2011 3323 incontinentia,
2027 3284 2236 3325 temperantia
2252 3291 2282 3316 et
2298 3284 2524 3322 mansuetudo,

1451 3340 1481 3364 et
1505 3332 1722 3375 universaliter
1737 3330 1880 3367 virtutes,
1897 3328 2077 3361 secundum
2100 3339 2137 3360 ea
2161 3339 2244 3370 quae
2268 3336 2303 3361 ut
2326 3330 2359 3361 in
2378 3329 2525 3371 pluribus

1449 3377 1657 3408 inveniuntur
1679 3381 1867 3417 pensantur:
1893 3373 1977 3410 ideo,
1995 3372 2034 3404 de
2051 3372 2194 3414 possibili
2214 3374 2328 3406 morali
2347 3374 2524 3416 loquendo,

1450 3421 1622 3453 dicendum
1638 3427 1685 3451 est
1700 3419 1791 3461 quod
1806 3428 1873 3449 non
1889 3425 1995 3459 potest
2013 3418 2175 3459 insurgere
2199 3418 2287 3459 apud
2310 3425 2524 3460 temperatum

1450 3473 1482 3497 et
1511 3471 1716 3496 mansuetum
1747 3471 1856 3494 motus
1880 3462 2036 3504 passionis
2061 3463 2296 3495 commoventis
2323 3462 2522 3495 voluntatem

1449 3509 1504 3550 qui
1530 3508 1684 3550 pertineat
1708 3507 1746 3538 ad
1771 3507 2000 3539 continentiam
2024 3507 2074 3538 vel
2098 3507 2373 3540 incontinentiam.

886 3601 1682 3640 -ψ-ψ-κ--Ξωὲ--κ
1692 3618 1958 3623 —-—*——

2551 515 2623 539 aras,
2652 515 2765 534 omment.

2553 544 2616 560 num.
2633 544 2656 559 n.

2553 1550 2564 1561 ⁸
2584 1531 2683 1572 Ariston.
2706 1549 2768 1578 Pny-

2553 1576 2595 1598 n'c.
2610 1576 2650 1598 lib.
2667 1575 2702 1609 n,
2715 1582 2767 1625 cla-p.

2553 1609 2615 1652 {vect'i'
2621 1608 2653 1652 g.
2661 1612 2674 1619 ·
2682 1603 2707 1626 s.
2762 1619 2767 1624 .

2553 2663 2612 2712 'nef
2622 2669 2729 2712 εἶξε(
2741 2662 2767 2686 ⁸·
