2768 4198
0 2052 3 2065 <
0 1996 5 2039 ,νην
0 1439 10 1983 μήθ-..ηψὴψψψψ-ηῑιὟᾎ-...ση-ῑ-ηψ-ν-ωι-ν.Ἴ
0 1371 6 1427 «ιη-ω
0 1336 2 1339 v
0 1308 2 1316 2<

0 3496 9 3531 vr,-
0 3369 11 3488 '52-›5--11ss
0 3313 6 3358 --.-›
0 3272 8 3282 c
0 3259 2 3263 Ἴ
0 3211 2 3229 2*

0 4187 8 4198 »-
10 4157 14 4165 .
0 4121 2 4124 -
0 3908 15 4089 -Je›‘”-*'‘'UW
4 3889 8 3893 ,,
2 3869 4 3871 ι
0 3815 7 3852 *vx
0 3786 6 3803 -r-

0 2901 3 2912 a
0 2882 2 2890 <
0 2859 3 2867 .„
0 2744 8 2847 ,τὰ-,μω
0 2521 13 2730 ,ηπςιψιψι-ν-ν-,υ-μ,

75 895 203 945 iadau·
224 900 290 923 w·

73 1746 83 1756 ·
97 1745 164 1768 ven.
179 1751 200 1773 ι,
212 1752 232 1775 3.

72 2123 112 2146 ’8.
118 2123 163 2146 Th.
170 2125 285 2147 leetxxn.

72 2231 83 2241 ⁸
96 2230 163 2252 Vera.
179 2236 208 2258 ¹7·

69 2767 148 2817 ὲᾱτῑίῐ
163 2766 283 2816 ¹1¹2a¹¹33³

70 3033 124 3056 ’Cu
143 3040 284 3063 .vn‚n.3.-

71 3061 96 3084 S.
111 3041 155 3083 'BPIL
171 3061 222 3083 lect.
233 3067 283 3083 vni.

72 3089 94 3099 ⁸·
107 3087 164 3136 Ἣ.
179 3093 212 3115 xi,
225 3094 248 3110 n.
263 3094 284 3115 7.

71 3127 81 3132 -
90 3115 115 3137 S.
163 3131 167 3136 .
176 3114 228 3136 lect.
236 3121 284 3136 xxi.

1006 280 1274 326 QUAESTIO
1305 283 1459 330 CXLII,
1490 285 1788 323 ARTICULUS
1818 286 1831 322 1

2446 287 2515 323 133

437 509 853 587 QUAESTIO
893 511 2412 589 CENTESIMAQUADRAGESIMASECUNDA

823 630 907 670 DE
946 630 1124 671 VITHS
1170 631 1481 672 opposms
1516 633 1998 678 TEMPERANTIAE

1112 748 1146 772 ΙΝ
1177 747 1352 778 QUATUOR
1379 747 1583 774 ARTICULOS
1612 750 1727 775 DIVISA

403 851 511 876 ElNDE
549 840 872 878 considerandum
903 850 957 879 est
991 842 1038 879 de
1072 842 1173 879 vitiis
1208 841 1392 890 oppositis

322 848 677 942 Dtemperantiae
696 894 727 931 ²³².

320 946 368 984 Et
397 945 495 983 circa
524 947 599 984 hoc
629 955 865 996 quaeruntur
892 956 1067 997 quatuor.

371 999 522 1037 Primo:
552 1009 681 1038 utrum
711 1001 976 1039 insensibilitas
1005 1001 1052 1039 sit
1078 1009 1294 1050 peccatum.

373 1053 572 1091 Secundo:
603 1063 732 1092 utrum
761 1055 1053 1104 intemperantia
1077 1054 1124 1091 sit
1144 1054 1280 1092 vitium
1299 1067 1393 1104 pue-

426 1107 503 1144 rile.

1502 844 1652 881 Tertio:
1684 845 1730 882 de
1759 848 2044 896 comparatione
2074 849 2386 899 intemperantiae
2408 851 2455 887 ad
2476 850 2518 886 ti-

1556 909 1778 947 miditatem.

1502 976 1670 1022 Quarto:
1700 985 1828 1014 utrum
1858 979 1994 1016 vitium
2024 980 2336 1030 intemperantiae
2366 983 2411 1019 sit
2437 995 2518 1019 ma-

1554 1042 1655 1078 xime
1686 1044 1997 1092 opprobriosum.

1134 1216 1457 1259 ARTICULUS
1494 1216 1700 1260 PRIMUS

1030 1309 1187 1340 UTRUM
1212 1309 1546 1341 INSENSIBILITAS
1570 1310 1637 1340 SIT
1662 1310 1817 1342 vlTltJM

1171 1394 1190 1419 11
1211 1394 1309 1424 Ethic„
1329 1394 1388 1419 lect.
1406 1402 1467 1425 vn13
1487 1394 1527 1425 111,
1547 1394 1605 1419 lect.
1625 1402 1675 1419 xxi.

358 1490 411 1531 .‘3'
437 1496 505 1536 Q«
530 1488 552 1513 D
582 1487 720 1514 ramum
749 1488 802 1513 stc
831 1487 1074 1513 PROCEDITUR.
1104 1475 1265 1513 Videtur
1287 1476 1391 1525 quod
1416 1478 1420 1483 '

367 1570 382 1582 h
455 1529 796 1569 insensibilitas
831 1542 910 1566 non
943 1529 990 1567 sit
1016 1529 1166 1567 vitium.
1202 1529 1392 1567 Dicuntur

335 1582 379 1626 ,J
433 1608 435 1610 -
476 1586 498 1621 ‘6
531 1582 633 1620 enirn
677 1583 915 1621 insensibiles
957 1583 1023 1632 qui
1067 1583 1251 1620 deficiunt
1293 1583 1392 1620 eirca

417 1636 423 1646 '
487 1626 519 1669 *s
530 1637 800 1674 delectationes
829 1644 961 1674 tactus.
993 1637 1070 1674 Sed
1090 1637 1129 1674 in
1153 1636 1211 1674 his
1239 1637 1391 1686 penitus

317 1688 482 1727 deficere
508 1689 662 1728 videtur
691 1703 773 1728 esse
802 1690 992 1728 laudabile
1013 1698 1050 1728 et
1072 1691 1305 1728 virtuosum:
1338 1690 1392 1728 di-

317 1741 413 1780 citur
441 1742 544 1781 enirn
574 1744 674 1781 Dan.
694 1756 719 1781 x
741 1744 778 1781 *z
809 1745 855 1782 In
885 1744 1014 1782 diebus
1042 1745 1113 1781 illis
1132 1757 1218 1795 ego,
1238 1744 1389 1790 Daniel,

315 1796 494 1847 lugebam
532 1798 647 1835 trium
684 1798 1010 1835 hebdomadarum
1049 1804 1215 1846 tempus:
1246 1809 1389 1846 panem

314 1850 600 1888 desiderabilem
629 1863 704 1888 non
734 1852 891 1898 comedi,
912 1858 948 1888 et
974 1863 1065 1889 caro
1095 1857 1131 1888 et
1156 1852 1287 1889 vinum
1314 1863 1389 1888 non

314 1904 543 1941 introierunt
582 1906 619 1942 in
662 1917 704 1942 os
746 1917 890 1951 meum,
929 1905 996 1942 sed
1035 1917 1155 1954 neque
1197 1910 1389 1955 unguento

316 1963 449 1994 unctus
466 1970 563 1995 sum.
590 1959 692 2007 Ergo
713 1958 979 1996 insensibilitas
1000 1971 1078 1995 non
1100 1966 1155 1995 est
1174 1966 1388 2007 peccatum.

371 2022 406 2048 2.
441 2011 683 2058 PRAETEREA,
718 2012 859 2049 bonum
896 2012 1059 2049 hominis
1095 2018 1149 2049 est
1183 2013 1389 2049 secundum

315 2065 501 2101 rationem
531 2077 621 2112 esse,
651 2067 863 2103 secundum
894 2065 1136 2114 Dionysium,
1168 2077 1202 2102 1v
1232 2078 1314 2115 cap.
1345 2066 1391 2102 de

315 2118 403 2155 Div.
424 2119 542 2156 Nom.
563 2118 584 2140 *
613 2119 690 2156 Sed
718 2119 908 2156 abstinere
937 2120 986 2156 ab
1016 2119 1197 2156 omnibus
1227 2119 1389 2156 delecta-

315 2171 454 2209 bilibus
496 2179 618 2209 tactus
661 2173 827 2209 maxime
870 2181 1077 2222 promovet
1114 2173 1313 2209 hominem
1351 2172 1389 2209 in

315 2227 420 2263 bono
446 2225 619 2263 rationis:
650 2226 786 2269 dicitur
806 2226 908 2263 enim
929 2227 1027 2263 Dan.
1050 2226 1105 2272 1²¹⁶,
1133 2227 1240 2274 quod
1259 2226 1388 2275 pueris

315 2279 379 2329 qui
411 2279 616 2316 utebantur
643 2279 899 2328 leguminibus
935 2280 1036 2316 dedit
1061 2281 1166 2317 Deus
1193 2280 1387 2316 scientiam

313 2338 349 2370 et
374 2332 610 2381 disciplinam
647 2333 685 2369 in
722 2333 829 2370 omni
860 2333 957 2370 libro
993 2339 1029 2370 et
1057 2333 1254 2382 sapientia.
1284 2334 1387 2381 Ergo

312 2385 598 2434 insensibilitas,
639 2398 737 2435 quae
775 2387 1040 2424 universaliter
1077 2387 1222 2436 repellit
1258 2387 1388 2424 huius-

311 2439 419 2477 modi
449 2439 733 2486 delectationes,
763 2453 842 2477 non
873 2448 928 2478 est
955 2440 1105 2478 vitiosa.

368 2494 402 2531 3.
439 2494 683 2541 PRAETEREA,
714 2494 804 2532 illud
838 2506 907 2543 per
941 2496 1046 2544 quod
1081 2494 1249 2531 maxime
1284 2507 1387 2531 rece-

312 2547 413 2585 ditur
441 2560 463 2584 a
492 2555 664 2596 peccato,
687 2560 766 2584 non
790 2547 942 2585 videtur
971 2561 1053 2585 esse
1082 2548 1278 2585 vitiosum.
1310 2548 1387 2585 Sed

311 2600 386 2637 hoc
416 2609 472 2637 est
499 2601 742 2649 potissimum
772 2601 989 2639 remedium
1018 2602 1233 2639 abstinendi
1258 2615 1279 2639 a
1299 2614 1387 2651 pec-

312 2662 410 2701 cato,
431 2655 537 2702 quod
568 2654 702 2704 aliquis
723 2655 840 2703 fugiat
872 2655 1155 2702 delectationes,
1176 2656 1282 2705 quod
1300 2669 1386 2705 per-

311 2708 404 2745 tinet
432 2708 480 2745 ad
505 2707 851 2746 insensibilitatem:
881 2708 970 2745 dicit
991 2709 1094 2745 enim
1116 2709 1386 2760 Philosophus,

312 2762 351 2799 in
379 2763 411 2798 11
437 2762 558 2799 Ethic.
579 2761 611 2809 ²⁸²,
642 2762 746 2811 quod
775 2762 990 2799 abiicientes
1017 2763 1299 2800 delectationem
1319 2765 1388 2801 mi-

312 2828 383 2852 nus
404 2815 659 2864 peccabimus.
700 2817 803 2864 Ergo
833 2815 1099 2853 insensibilitas
1128 2829 1207 2853 non
1237 2825 1293 2854 est
1322 2818 1386 2854 ali-

313 2869 405 2919 quid
434 2869 627 2906 vitiosum.

367 2923 442 2960 SED
471 2935 630 2969 CONTRA,
652 2922 742 2959 nihil
770 2922 978 2971 opponitur
996 2923 1125 2960 virtuti
1146 2923 1216 2961 nisi
1235 2924 1384 2962 vitium.

314 2976 392 3014 Sed
411 2976 676 3013 insensibilitas
700 2976 829 3013 virtuti
857 2977 1132 3025 temperantiae
1162 2978 1384 3026 opponitur:
1414 3018 1415 3022 ,

311 3038 354 3067 ut
382 3038 485 3079 patet
504 3042 572 3079 per
595 3030 889 3079 Philosophum,
910 3029 949 3066 in
978 3031 1009 3066 ΙΙ
1030 3030 1051 3052 *
1070 3038 1107 3067 et
1127 3031 1176 3067 III
1196 3030 1238 3052 *Β
1264 3032 1385 3069 Ethic.
1414 3034 1415 3037 ’

314 3084 417 3132 Ergo
446 3083 713 3121 insensibilitas
742 3091 798 3120 est
825 3083 974 3121 vitium.

367 3137 595 3175 REsponnsso
633 3149 828 3185 mcENDUM-
857 3138 963 3186 quod
1000 3149 1116 3174 omne
1152 3137 1244 3174 illud
1280 3127 1415 3186 quodi

315 3190 565 3228 contrariatur
585 3191 709 3229 ordini
739 3191 912 3239 naturali,
935 3199 990 3228 est
1013 3190 1206 3227 vitiosum.
1237 3191 1387 3228 Natura
1413 3193 1415 3236 ξ

314 3251 443 3280 autem
479 3244 770 3282 delectationem
803 3245 981 3294 apposuit
1009 3244 1295 3293 operationibus
1321 3257 1384 3281 ne·
1413 3243 1415 3286 ξ

315 3296 484 3333 cessariis
504 3298 552 3335 ad
571 3297 693 3336 vitam
712 3299 893 3336 hominis.
915 3299 964 3335 Et
983 3298 1072 3335 ideo
1088 3297 1268 3335 naturalis
1289 3298 1385 3335 ordo
1413 3291 1415 3350 ζ

315 3349 471 3399 requirit
488 3358 530 3387 ut
552 3351 672 3388 homo
701 3352 891 3390 intantum
919 3352 1141 3389 huiusmodi
1171 3351 1387 3389 delectatio·
1413 3357 1415 3406 ξ

1445 1476 1508 1512 vel
1529 1484 1717 1524 quantum
1749 1477 1797 1514 ad
1827 1479 2162 1516 conservationem
2192 1482 2342 1530 speciei.
2375 1484 2414 1520 Si
2437 1485 2520 1534 quis

1446 1541 1537 1577 ergo
1558 1529 1745 1567 intantum
1766 1530 2060 1570 delectationem
2081 1533 2268 1582 refugeret
2287 1538 2392 1584 quod
2411 1550 2520 1587 prae-

1445 1582 1669 1621 termitteret
1698 1597 1742 1621 ea
1771 1597 1871 1633 quae
1899 1593 1987 1623 sunt
2015 1587 2228 1625 necessaria
2248 1589 2297 1626 ad
2317 1602 2519 1629 conserva—

1445 1637 1590 1674 tionem
1627 1646 1803 1685 naturae,
1833 1648 2028 1688 peccaret,
2059 1641 2167 1689 quasi
2203 1642 2325 1679 ordini
2361 1646 2520 1683 naturali

1445 1702 1675 1739 repugnans.
1712 1692 1761 1728 Et
1797 1692 1873 1729 hoc
1906 1693 2071 1742 pertinet
2105 1695 2154 1731 ad
2190 1695 2326 1733 vitium
2361 1698 2520 1736 insensi-

1446 1743 1606 1781 bilitatis.

1501 1797 1711 1835 Sciendum
1740 1806 1871 1836 tamen
1899 1800 2005 1848 quod
2033 1801 2082 1837 ab
2106 1801 2327 1840 huiusmodi
2358 1805 2519 1843 delecta-

1444 1850 1611 1888 tionibus
1647 1852 1970 1900 consequentibus
2005 1854 2227 1891 huiusmodi
2263 1859 2518 1909 operationes,

1445 1904 1680 1954 quandoque
1708 1905 1910 1953 laudabile,
1940 1907 2002 1943 vel
2032 1908 2146 1944 etiam
2174 1910 2433 1949 necessarium
2464 1922 2519 1951 est

1444 1957 1654 2006 abstinere,
1683 1966 1841 2008 propter
1869 1959 2037 2009 aliquem
2066 1962 2199 1998 finem.
2231 1963 2337 2001 Sicut
2363 1974 2519 2015 propter

1445 2011 1646 2048 sanitatem
1676 2013 1931 2062 corporalem,
1954 2014 2067 2063 aliqui
2097 2015 2287 2053 abstinent
2315 2030 2338 2054 a
2364 2019 2518 2068 quibus-

1445 2064 1535 2102 dam
1557 2065 1884 2114 delectationibus,
1903 2067 1992 2104 cibis
2013 2076 2049 2105 et
2067 2068 2222 2117 potibus
2241 2077 2277 2107 et
2295 2073 2471 2110 venereis
2487 2079 2515 2111 α.

1445 2118 1493 2154 Et
1509 2118 1622 2155 etiam
1638 2127 1796 2168 propter
1815 2119 1971 2157 alicuius
1987 2121 2103 2158 officii
2118 2123 2401 2162 executionem:
2423 2127 2519 2164 sicut

1444 2172 1602 2208 athletas
1628 2179 1663 2208 et
1683 2172 1821 2209 milites
1850 2185 2006 2211 necesse
2028 2183 2083 2212 est
2102 2177 2272 2213 a'multis
2301 2177 2518 2216 delectatio-

1444 2224 1556 2261 nibus
1586 2226 1786 2273 abstinere,
1816 2234 1857 2263 ut
1886 2227 2057 2264 officium
2093 2230 2294 2278 proprium
2329 2243 2518 2282 exequan-

1443 2285 1514 2314 tur.
1552 2279 1601 2315 Et
1636 2279 1805 2316 similiter
1839 2280 2101 2328 poenitentes,
2131 2283 2180 2319 ad
2216 2287 2519 2334 recuperandam

1443 2331 1594 2368 animae
1615 2333 1829 2380 sanitatem,
1851 2333 2078 2372 abstinentia
2108 2336 2387 2376 delectabilium
2410 2340 2519 2389 quasi

1444 2385 1613 2434 quadam
1657 2386 1781 2423 diaeta
1823 2395 1991 2425 utuntur.
2036 2389 2086 2425 Et
2122 2390 2302 2428 homines
2343 2393 2517 2431 volentes

1443 2439 1758 2489 contemplationi
1797 2449 1833 2477 et
1861 2441 1976 2478 rebus
2015 2442 2152 2480 divinis
2180 2456 2337 2493 vacare,
2369 2456 2519 2496 oportet

1443 2493 1547 2542 quod
1568 2506 1608 2530 se
1628 2493 1750 2542 magis
1779 2507 1801 2531 a
1821 2495 2035 2533 carnalibus
2055 2494 2069 2525 β
2090 2498 2320 2536 abstrahant.
2351 2500 2436 2537 Nec
2455 2502 2519 2538 ali-

1442 2547 1532 2595 quid
1561 2547 1846 2596 praedictorum
1875 2549 1923 2586 ad
1947 2549 2238 2588 insensibilitatis
2270 2552 2405 2590 vitium
2434 2567 2519 2603 per-

1441 2601 1554 2638 tinet:
1586 2601 1675 2650 quia
1704 2610 1792 2639 sunt
1820 2603 2034 2640 secundum
2065 2604 2251 2641 rationem
2282 2614 2435 2644 rectam.

1495 2657 1555 2691 AD
1575 2667 1714 2692 Palmum
1742 2667 1841 2693 ERGO
1865 2668 2051 2694 DICENDUM
2071 2659 2177 2706 quod
2196 2659 2333 2696 Daniel
2353 2660 2413 2697 illa
2433 2661 2518 2698 abs-

1441 2708 1598 2746 tinentia
1623 2722 1645 2746 a
1675 2709 1958 2747 delectabilibus
1988 2711 2174 2759 utebatur,
2196 2724 2274 2749 non
2304 2713 2410 2762 quasi
2430 2727 2518 2763 pro—

1441 2770 1526 2811 pter
1554 2775 1594 2799 se
1624 2763 1836 2800 abhorrens
1861 2763 2144 2812 delectationes,
2165 2773 2207 2802 ut
2234 2767 2448 2804 secundum
2477 2781 2517 2805 se

1443 2817 1584 2853 malas:
1624 2816 1691 2853 sed
1720 2825 1876 2865 propter
1914 2817 2079 2867 aliquem
2110 2819 2229 2856 finem
2262 2820 2515 2869 laudabilem,

1442 2878 1484 2907 ut
1511 2870 1653 2906 scilicet
1671 2869 1856 2907 idoneum
1886 2884 1926 2907 se
1956 2872 2005 2908 ad
2025 2872 2263 2910 altitudinem
2285 2875 2517 2924 contempla-

1440 2924 1555 2960 tionis
1584 2923 1772 2971 redderet,
1794 2924 2022 2962 abstinendo
2053 2926 2193 2963 scilicet
2213 2939 2234 2963 a
2255 2926 2517 2976 corporalibus

1442 2977 1769 3014 delectationibus.
1799 2978 1911 3015 Unde
1933 2986 1969 3015 et
2001 2979 2126 3016 statim
2155 2980 2206 3016 ibi
2227 2980 2401 3018 subditur
2419 2981 2439 3003 ’¹‘
2468 2982 2516 3019 de

1442 3031 1676 3068 revelatione
1706 3031 1803 3068 facta
1822 3036 1849 3068 Υ.

1494 3087 1554 3121 AD
1574 3097 1766 3122 SECUNDUM
1786 3097 1971 3122 DlCENDUM
1991 3086 2108 3135 quod,
2126 3087 2214 3135 quia
2230 3087 2374 3124 ratione
2394 3088 2515 3125 homo

1440 3137 1495 3175 uti
1523 3151 1602 3175 non
1630 3146 1756 3187 potest
1784 3138 1865 3175 sine
1893 3139 2082 3177 sensitivis
2109 3140 2307 3188 potentiis,
2334 3153 2431 3190 quae
2460 3141 2515 3178 in-

1441 3191 1570 3239 digent
1598 3204 1741 3240 organo
1772 3193 1976 3241 corporali,
2003 3200 2045 3229 ut
2073 3193 2111 3229 in
2141 3193 2270 3230 Primo
2295 3193 2315 3215 ²¹⁶
2341 3194 2515 3232 habiturn

1442 3253 1515 3291 est;
1543 3257 1700 3282 necesse
1730 3253 1787 3282 est
1806 3247 1911 3294 quod
1930 3246 2052 3283 homo
2082 3253 2266 3284 sustentet
2294 3260 2446 3297 corpus,
2467 3249 2516 3286 ad

1441 3299 1516 3335 hoc
1545 3299 1650 3347 quod
1680 3298 1825 3335 ratione
1855 3306 1990 3336 utatur.
2022 3300 2254 3337 Sustentatio
2275 3308 2404 3338 autem
2433 3314 2515 3339 cor-

1440 3352 1545 3401 poris
1574 3352 1617 3389 fit
1644 3365 1713 3401 per
1741 3352 1983 3401 operationes
2012 3353 2266 3391 delectabiles,
2295 3353 2407 3392 Unde
2435 3367 2515 3392 non

314 3403 427 3440 nibus
455 3411 591 3451 utatur,
612 3413 800 3452 quantum
829 3405 1088 3443 necessarium
1114 3413 1170 3442 est
1189 3405 1300 3442 saluti
1318 3406 1387 3442 hu·
1413 3407 1415 3443 ἲ
1441 3413 1566 3454 potest
1601 3418 1684 3442 esse
1714 3406 1861 3443 bonum
1898 3406 2053 3443 rationis
2081 3406 2117 3444 in
2148 3407 2307 3444 homine
2341 3408 2371 3445 si
2403 3408 2514 3445 absti-

315 3469 466 3503 rnanae‚
486 3457 548 3494 vel
568 3466 755 3505 quantum
775 3459 823 3496 ad
845 3459 1178 3497 conservationem
1200 3459 1387 3496 individui
1414 3484 1416 3499 l

1442 3467 1530 3496 neat
1549 3459 1597 3496 ab
1618 3459 1799 3496 omnibus
1820 3459 2116 3498 delectabilibus.
2142 3461 2365 3498 Secundum
2385 3469 2515 3498 tamen

368 3589 395 3622 α)
415 3589 508 3615 cibis...
527 3589 654 3614 venereis.
667 3603 685 3607 -
702 3589 755 3614 cibi
772 3593 799 3615 et
808 3594 891 3622 potus·
909 3595 936 3616 et
954 3592 1074 3618 venereis
1086 3593 1143 3623 DG,
1159 3593 1186 3617 in
1201 3593 1266 3618 cibis
1280 3596 1307 3617 et
1316 3593 1389 3625 poti·
1415 3594 1417 3613 l

315 3626 362 3651 bus
381 3629 407 3650 et
426 3625 544 3650 venereis
564 3625 581 3654 Ι,
600 3625 653 3650 cibi
666 3628 750 3657 potus
768 3628 794 3650 et
811 3633 984 3652 venerearum
1004 3628 1033 3653 P.

1499 3591 1524 3625 β)
1544 3592 1709 3618 carnalibus.
1723 3607 1740 3611 —
1759 3592 1901 3618 desideriis
1920 3593 2018 3617 addunt
2036 3593 2083 3618 Pa.

1497 3629 1524 3662 γ)
1538 3629 1627 3662 facta.
1639 3643 1658 3647 —
1675 3632 1770 3654 sancta
1790 3629 1930 3661 ABEFIpC
1949 3634 1976 3653 et
1993 3636 2020 3654 a.

2545 2993 2554 3002 ¹·
2570 2991 2636 3014 Vers.
2651 2999 2667 3019 4
2682 2999 2733 3021 sqq.

2543 3205 2553 3215 ³·
2560 3203 2755 3253 Onus-unwan.

2541 3237 2562 3258 7,
2590 3247 2595 3252 ·
