2768 4198
59 813 70 824 ·
82 812 118 835 ef.
137 818 176 840 qu.
194 817 271 839 mvi,

57 838 145 861 Introd.

57 866 70 878 ⁴
83 865 132 894 Qu.
145 871 182 887 α..

54 1641 67 1655 ⁸
78 1640 144 1664 Vm.
151 1646 181 1671 ,7.

0 2110 10 2159 ,Α
54 2126 66 2138 ·
79 2125 145 2147 Vm.
162 2131 190 2148 ιε.

55 2188 66 2200 ·
83 2187 185 2210 Interhn.
206 2190 230 2210 et

54 2214 139 2237 Lomb.

0 2242 5 2270 ζ
55 2242 67 2253 ·
80 2240 147 2263 vers.
164 2247 186 2270 9.

143 2277 161 2304 Υ

979 269 1247 316 QUAESTIO
1278 269 1452 317 CXLIX,
1481 268 1779 306 ARTICULUS
1810 268 1823 303 1

2421 278 2491 315 177

490 486 906 565 QUAESTIO
954 483 2306 563 cENTESMAQuADRAGEsnitANoNA

1029 597 1134 637 DE
1187 588 1764 637 SOBRIETATE

1088 703 1122 728 lN
1151 703 1326 734 QUATUOR
1353 703 1558 729 ARTICULOS
1587 703 1704 728 D1VISA

383 811 491 837 ElNDE
526 788 850 836 considerandum
885 805 942 835 est
967 798 1015 835 de
1043 798 1246 835 sobrietate
1265 797 1296 845 ³¹⁸,
1333 806 1369 834 et
1393 798 1398 856 1

301 810 475 894 Dvitio
505 851 697 902 opposito,
727 851 866 889 scilicet
895 851 1076 889 ebrietate
1095 850 1127 889 ²¹².
1396 857 1398 887 1

299 907 348 944 Et
376 906 475 943 circa
502 906 748 942 sobrietatem
777 912 1013 954 quaeruntur
1039 912 1217 952 quatuor.
1396 892 1399 934 l

352 959 504 996 Primo:
535 971 634 1008 quae
664 959 710 996 sit
737 959 895 996 materia
923 958 1149 995 sobrietatis.
1397 936 1400 1006 Ι

1479 798 1681 835 Secundo:
1711 805 1838 834 utrum
1867 797 1912 834 sit
1940 797 2112 846 specialis
2140 798 2275 834 virtus.

1478 877 1632 915 Tertio:
1662 884 1791 914 utrum
1819 889 1913 914 usus
1940 877 2020 914 vini
2049 878 2095 915 sit
2124 877 2258 915 licitus.

1478 957 1648 1003 Quarto:
1680 956 1818 1005 quibus
1846 957 2052 1005 praecipue
2077 964 2271 1006 competat
2299 957 2495 994 sobrietas.

1118 1065 1439 1125 ARTICULUS
1472 1065 1679 1107 PRIMUS

818 1160 976 1192 UTRUM
999 1159 1198 1191 MATERIA
1220 1158 1408 1190 paoem».
1431 1158 1716 1190 SOBRIETATIS
1740 1158 1808 1189 sn*
1832 1158 1975 1189 Po‘rus

950 1238 1042 1270 Supra,
1061 1244 1106 1269 qu.
1126 1243 1218 1267 oxum
1238 1236 1257 1260 11
1278 1236 1362 1265 Sent„
1383 1236 1441 1261 dist.
1460 1243 1527 1265 mv,
1547 1243 1593 1268 qu.
1611 1242 1639 1266 u,
1659 1240 1706 1260 art.
1730 1243 1750 1264 ι,
1769 1236 1801 1260 ad
1822 1235 1846 1261 3.

323 1335 485 1379 ›ec-sats(
510 1333 533 1358 n
557 1331 696 1358 ramum
721 1331 776 1357 stc
803 1329 1048 1355 Pxocenrrua.
1077 1317 1240 1354 Videtur
1263 1316 1370 1367 quod

354 1375 371 1419 's
428 1366 479 1422 ’ἓξ-’4
510 1373 668 1412 materia
694 1371 850 1422 propria
865 1377 883 1393 ²
901 1370 1116 1408 sobrietatis
1135 1382 1215 1407 non
1236 1370 1283 1408 sit
1299 1383 1371 1420 po-

400 1446 433 1471 r,
447 1414 497 1469 “6⁹
510 1435 582 1465 tus.
612 1426 760 1464 Dicitur
781 1424 883 1462 enim
902 1425 1016 1461 Rom.
1038 1436 1086 1461 xu
1105 1423 1146 1460 *t
1174 1423 1267 1461 Non
1281 1423 1372 1473 plus

330 1482 335 1490 '
356 1502 361 1506 κ
379 1477 387 1485 ’
490 1511 494 1514 μ
527 1492 642 1530 apere
669 1490 786 1528 quam
814 1483 960 1526 oportet
985 1489 1131 1526 sapere,
1149 1478 1217 1514 sed
1237 1489 1372 1526 sapere

295 1535 348 1573 ad
370 1535 627 1574 sobrietatem.
665 1533 770 1580 Ergo
806 1530 993 1568 sobrietas
1028 1538 1086 1567 est
1120 1530 1235 1568 etiam
1273 1531 1372 1568 circa

295 1587 543 1638 sapientiam:
573 1593 611 1623 et
637 1597 718 1622 non
747 1585 872 1622 solum
903 1583 1001 1621 circa
1030 1591 1181 1633 potum.

334 1650 385 1678 ⁸2.
421 1642 666 1687 PRAETEREA,
696 1639 785 1688 Sap.
819 1637 922 1675 viu*
950 1637 1086 1675 dicitur
1121 1637 1168 1675 de
1203 1637 1277 1674 Dei
1313 1641 1398 1681 sa-}

294 1693 436 1745 pientia
475 1692 582 1744 quod
617 1692 858 1730 sobrietatem
895 1696 932 1728 et
964 1691 1207 1740 prudentiam
1245 1691 1371 1737 docet,

294 1747 474 1785 institam
501 1752 538 1784 et
562 1746 751 1791 virtutem,
779 1745 848 1782 ubi
875 1745 1124 1782 sobrietatem
1157 1744 1266 1794 ponit
1299 1756 1371 1794 pro
1396 1754 1398 1791 ξ

293 1800 559 1850 temperantia.
581 1799 660 1837 Sed
677 1798 934 1848 temperantia
952 1810 1032 1835 non
1052 1798 1179 1835 solum
1200 1805 1258 1835 est
1268 1797 1371 1835 circa

294 1861 424 1905 potus,
454 1854 523 1891 sed
558 1853 673 1890 etiam
708 1852 808 1889 circa
841 1851 949 1888 cibos
982 1858 1019 1887 et
1050 1863 1229 1888 venerea.
1266 1851 1370 1899 Ergo
1396 1873 1398 1881 ι

295 1907 481 1946 sobrietas
509 1918 589 1944 non
618 1906 745 1943 solum
776 1912 832 1941 est
861 1904 963 1941 circa
990 1912 1118 1953 potus.

351 1961 386 1998 3.
421 1961 666 2005 PRAETEREA,
696 1970 843 1995 nomen
879 1957 1093 1995 sobrietatis
1129 1970 1152 1994 a
1189 1969 1398 2000 mensura¹

296 2021 494 2062 sumptum
523 2025 605 2050 esse
633 2011 798 2049 videtur.
830 2011 907 2048 Sed
935 2011 974 2047 in
1000 2010 1182 2048 omnibus
1202 2023 1303 2061 quae
1322 2011 1371 2048 ad

297 2079 368 2105 nos
388 2067 577 2116 pertinent
597 2065 786 2102 debemus
811 2076 1035 2101 mensuram
1063 2076 1236 2102 servare:
1267 2064 1371 2101 unde
1396 2062 1398 2073 ⁴

1424 1328 1646 1354 mensuram
1677 1328 1843 1354 servare.
1879 1317 2114 1355 Huiusmodi
2142 1326 2271 1356 autem
2302 1327 2358 1357 est
2386 1329 2499 1369 potus

1422 1370 1611 1407 inebriare
1630 1370 1786 1407 valens:
1812 1370 1902 1419 quia
1923 1370 2003 1408 eius
2021 1384 2115 1408 usus
2140 1380 2382 1410 mensuratus
2402 1375 2499 1411 mul-

1423 1430 1507 1461 tum
1527 1423 1686 1470 confert,
1709 1431 1746 1460 et
1764 1423 1942 1461 modicus
1972 1436 2150 1462 excessus
2178 1427 2344 1463 multum
2372 1427 2498 1475 laedit,

1424 1476 1515 1525 quia
1543 1476 1704 1526 impedit
1731 1489 1848 1514 usum
1878 1477 2046 1525 rationis,
2074 1479 2197 1527 magis
2231 1480 2345 1516 etiam
2379 1493 2497 1529 quam

1424 1542 1604 1567 excessus
1629 1529 1714 1566 cibi.
1745 1530 1858 1568 Unde
1879 1530 2015 1568 dicitur
2033 1531 2150 1568 Eccli.
2178 1532 2320 1569 xxx1*:
2351 1534 2501 1570 Sanitas

1396 1587 1399 1635 Ι
1424 1589 1479 1620 est
1495 1584 1650 1620 animae
1667 1589 1704 1620 et
1721 1584 1892 1632 corporis
1918 1584 2066 1622 sobrius
2087 1590 2222 1633 potus.-
2251 1586 2381 1623 vinum
2405 1587 2500 1623 mul-

1423 1642 1503 1674 tum
1516 1642 1691 1686 potatum
1716 1637 1967 1675 irritationem
1987 1643 2024 1674 et
2040 1639 2140 1675 iram
2160 1644 2197 1675 et
2213 1640 2345 1676 ruinas
2364 1640 2501 1678 multas

1396 1728 1398 1738 Α
1411 1690 1527 1739 facit.
1557 1691 1607 1728 Et
1626 1690 1715 1728 ideo
1736 1691 1950 1740 specialiter
1970 1691 2157 1729 sobrietas
2177 1692 2383 1730 attenditur
2403 1693 2502 1731 circa

1423 1751 1573 1792 potum,
1604 1756 1682 1781 non
1702 1756 2015 1794 quemcumque,
2045 1745 2113 1782 sed
2143 1757 2233 1782 eum
2262 1746 2327 1795 qui
2356 1759 2425 1783 sua
2445 1747 2502 1784 fu-

1424 1797 1603 1834 mositate
1631 1804 1742 1834 natus
1762 1805 1819 1834 est
1838 1806 1954 1847 caput
1981 1799 2222 1847 conturbare,
2244 1799 2340 1836 sicut
2364 1800 2500 1837 vinum

1425 1857 1462 1887 et
1490 1862 1607 1887 omne
1637 1851 1742 1899 quod
1771 1851 1959 1888 inebriare
1988 1859 2115 1900 potest
2133 1852 2164 1888 ³¹².
2186 1873 2209 1879 -
2231 1853 2501 1890 Communiter

1396 1902 1398 1928 ³
1425 1910 1554 1940 autem
1575 1903 1767 1940 sumendo
1792 1916 1938 1942 nornen
1957 1905 2184 1954 sobrietatis,
2204 1914 2331 1955 potest
2348 1906 2387 1943 in
2407 1919 2500 1955 qua-

1426 1969 1593 2006 cumque
1613 1956 1773 1994 materia
1793 1957 1885 1995 dici:
1915 1957 2012 1995 sicut
2032 1966 2068 1995 et
2087 1971 2203 2008 supra
2221 1959 2241 1980 ²¹²
2270 1959 2413 1997 dictum
2443 1968 2500 1997 est

1426 2010 1471 2047 de
1503 2009 1722 2047 fortitudine
1752 2018 1790 2046 et
1817 2011 2082 2060 temperantia.

1478 2065 1538 2100 AD
1567 2075 1704 2100 PRIMUM
1735 2075 1834 2101 ERGO
1864 2076 2049 2102 DtCENDUM
2079 2065 2203 2114 quod,
2234 2065 2330 2102 sicut
2362 2066 2498 2103 vinum

297 2120 432 2158 dicitur
464 2120 534 2156 Tit.
562 2131 606 2156 11:
627 2118 647 2140 ’¹‘
675 2118 808 2155 Sobrie
832 2123 869 2154 et
894 2118 988 2154 iuste
1006 2122 1042 2154 et
1061 2118 1128 2167 pie
1153 2118 1330 2156 vivamus
1343 2115 1370 2164 β,
1397 2118 1398 2165 ]
1425 2116 1620 2153 materiale
1659 2117 1906 2165 corporaliter
1941 2117 2119 2165 inebriat,
2150 2118 2200 2155 ita
2234 2119 2348 2156 etiam
2381 2127 2500 2156 meta-

297 2173 362 2212 ubi
383 2172 472 2210 dicit
491 2172 629 2210 Glossa
647 2171 687 2208 *z
717 2171 862 2217 Sobrie,
883 2171 920 2207 in
947 2171 1065 2208 nobis.
1096 2171 1146 2208 Et
1165 2172 1179 2207 I
1200 2171 1252 2208 ad
1273 2171 1369 2208 Tim.
1424 2169 1582 2218 phorice
1613 2169 1866 2207 consideratio
1895 2171 2104 2219 sapientiae
2134 2171 2270 2208 dicitur
2288 2179 2402 2220 potus
2423 2173 2500 2209 ine-

297 2239 320 2265 11
339 2226 360 2249 ²⁸³
389 2226 542 2264 dicitur:
571 2224 758 2262 Mulieres
781 2225 819 2261 in
838 2224 968 2261 habitu
996 2229 1132 2261 ornato
1152 2229 1181 2271 Υ,
1202 2235 1289 2261 cum
1309 2235 1371 2260 ve·
1425 2223 1567 2269 brians,
1583 2230 1741 2272 propter
1754 2224 1830 2260 hoc
1846 2224 1951 2272 quod
1967 2237 2037 2261 sua
2057 2224 2309 2261 delectatione
2328 2225 2500 2263 animum

297 2279 477 2318 recundia
506 2284 543 2315 et
566 2278 767 2315 sobrietate
793 2283 972 2314 ornantes
999 2289 1059 2314 se.-
1089 2285 1126 2314 et
1148 2277 1202 2314 sic
1220 2277 1374 2314 videtur
1397 2279 1399 2327 ξ
1427 2276 1558 2313 allicit:
1581 2277 1793 2314 secundum
1809 2277 1900 2314 illud
1920 2277 2061 2314 Psalmi
2075 2278 2115 2314 *τ
2142 2278 2255 2314 Calix
2273 2277 2405 2315 meus<
2425 2279 2502 2315 ine-

297 2331 482 2371 sobrietas
511 2343 594 2369 esse
622 2343 702 2368 non
730 2331 858 2367 solum
887 2330 926 2367 in
953 2330 1210 2378 interioribus,
1241 2331 1309 2368 sed
1335 2343 1373 2367 e-
1398 2345 1399 2381 ᾗ
1426 2329 1557 2367 brians
1571 2341 1686 2378 quam
1701 2330 1928 2378 praeclarus
1947 2330 2017 2368 est!
2035 2331 2085 2367 Et
2104 2330 2192 2368 ideo
2213 2331 2312 2368 circa
2331 2339 2502 2369 contem-

295 2387 388 2424 tiam
407 2386 447 2423 in
465 2384 524 2422 his
538 2396 639 2434 quae
657 2384 849 2434 pertinent
868 2385 916 2422 ad
937 2383 1165 2421 exteriorem
1183 2383 1371 2421 habitum.
1398 2432 1400 2439 Ι
1426 2382 1635 2432 plationem
1666 2383 1876 2432 sapientiae
1896 2396 1965 2433 per
1988 2383 2275 2421 similitudinem
2305 2385 2501 2434 quandam

1396 2200 1399 2259 ἑ

296 2440 389 2478 Non
418 2450 508 2487 ergo
537 2438 693 2488 propria
720 2437 881 2476 materia
916 2437 1130 2475 sobrietatis
1160 2446 1217 2475 est
1243 2445 1371 2487 potus.
1398 2443 1400 2492 ὲ

351 2493 426 2531 SED
465 2503 614 2529 CONTRA
650 2503 717 2529 EST
753 2491 858 2540 quod
900 2491 1036 2528 dicitur
1071 2491 1189 2528 Eccli.
1227 2490 1400 2531 xxx1*:l

1428 2436 1612 2474 sobrietas
1642 2436 1789 2474 dicitur.

1481 2491 1541 2527 AD
1570 2502 1761 2528 SECUNDUM
1794 2502 1980 2528 mCENDUM
2016 2491 2122 2539 quod
2156 2491 2287 2528 omnia
2324 2503 2423 2541 quae
2453 2491 2501 2528 ad

295 2547 430 2596 Aequa
449 2546 526 2582 vita
544 2542 736 2582 hominis⁶
754 2545 886 2582 vinum
906 2545 944 2582 in
963 2545 1164 2582 sobrietate
1184 2550 1372 2594 potatum.
1399 2574 1401 2588 ,
1426 2543 1720 2592 temperantiam
1749 2543 1903 2592 proprie
1935 2544 2142 2593 pertinent,
2172 2545 2386 2582 necessaria
2415 2552 2503 2581 sunt

351 2601 580 2637 RESPONDEO
617 2609 803 2636 met-:Noun
841 2598 948 2647 quod
984 2598 1144 2635 virtutes
1187 2610 1287 2647 quae
1324 2598 1373 2635 ab
1399 2590 1401 2619 ἶ
1427 2597 1617 2647 praesenti
1636 2597 1750 2645 vitae,
1773 2605 1809 2634 et
1829 2609 1965 2634 eorum
1986 2609 2163 2634 excessus
2189 2605 2313 2634 nocet.
2344 2598 2394 2634 Et
2412 2597 2500 2634 ideo

297 2653 425 2703 aliqua
462 2651 629 2701 generali
667 2650 888 2689 conditione
924 2651 1073 2689 virtutis
1109 2651 1373 2699 nominantur,
1399 2681 1401 2707 1
1427 2650 1466 2687 in
1487 2651 1667 2688 omnibus
1697 2650 1957 2688 necessarium
1978 2658 2034 2687 est
2053 2650 2235 2688 adhibere
2263 2662 2499 2699 mensuram,

296 2707 400 2746 illam
429 2706 630 2743 materiam
663 2705 877 2755 specialiter
905 2705 976 2742 sibi
1003 2705 1202 2743 vindicant
1229 2705 1268 2742 in
1298 2717 1375 2754 qua
1400 2709 1402 2746 ῖ
1427 2703 1533 2752 quod
1570 2704 1735 2753 pertinet
1773 2703 1822 2741 ad
1860 2703 2033 2742 officium
2071 2703 2296 2741 sobrietatis.
2336 2704 2498 2753 Propter

299 2760 566 2799 difficillimum
596 2766 632 2796 et
659 2759 851 2808 optimum
880 2766 937 2796 est
956 2759 1218 2797 conditionem
1244 2759 1375 2795 huius·
1400 2764 1402 2804 ᾗ
1428 2757 1533 2806 quod
1554 2758 1712 2794 nomine
1733 2757 1947 2794 sobrietatis
1974 2757 2227 2806 temperantia
2255 2756 2498 2806 significatur.

298 2814 407 2852 modi
426 2814 634 2851 observare
653 2817 686 2849 ⁸:
716 2812 812 2849 sicut
831 2811 1012 2849 fortitudo
1037 2812 1207 2861 pericula
1227 2811 1374 2860 mortis,
1400 2806 1402 2843 f
1429 2811 1508 2848 Sed
1523 2810 1699 2848 modicus
1720 2823 1897 2847 excessus
1917 2811 1955 2848 in
1974 2818 2069 2860 potu
2085 2811 2170 2859 plus
2190 2818 2304 2847 nocet
2323 2822 2441 2859 quam
2462 2811 2500 2847 in

300 2875 336 2906 et
362 2866 616 2916 temperantia
645 2866 918 2903 delectationes
949 2872 1085 2902 tactus.
1120 2866 1279 2902 Nomen
1307 2878 1374 2902 au-
1401 2863 1521 2909 saliis.
1544 2865 1594 2901 Et
1611 2864 1699 2901 ideo
1721 2863 1907 2901 sobrietas
1928 2864 2141 2913 specialiter
2160 2871 2217 2900 est
2236 2863 2334 2900 circa
2350 2870 2498 2912 potum.

297 2929 376 2959 tem
407 2920 622 2958 sobrietatis
651 2919 814 2956 sumitur
837 2932 859 2956 a
885 2931 1085 2956 mensura:
1116 2918 1251 2956 dicitur
1271 2918 1374 2956 enim
1401 2912 1403 2964 ἢ
1482 2919 1541 2954 AD
1569 2929 1731 2955 TERTmM
1759 2929 1945 2954 DicENDUM
1975 2918 2093 2967 quod,
2114 2916 2291 2966 quamvis
2320 2928 2500 2954 mensura

299 2974 433 3024 aliquis
460 2974 609 3012 sobrius
637 2973 747 3022 quasi
767 2973 904 3020 briam,
924 2973 1022 3010 idest
1041 2984 1278 3019 mensuram⁷
1298 2984 1375 3009 ser-
1401 2967 1403 3016 ἶ
1428 2971 1468 3008 in
1487 2970 1669 3008 omnibus
1697 2971 1921 3019 requiratur,
1942 2983 2021 3008 non
2045 2979 2175 3008 tamen
2204 2970 2388 3007 sobrietas
2412 2982 2500 3018 pro-

299 3039 406 3066 vans.
436 3028 486 3065 Et
512 3027 601 3065 ideo
629 3027 733 3064 illam
762 3025 963 3064 materiam
991 3025 1200 3075 specialiter
1225 3025 1296 3062 sibi
1316 3038 1375 3062 so·
1401 3018 1403 3053 Ῑ
1428 3024 1509 3073 prie
1538 3023 1577 3061 in
1606 3024 1787 3061 omnibus
1817 3023 1972 3061 dicitur:
2004 3024 2130 3062 sedin
2151 3023 2290 3072 quibus
2319 3035 2500 3060 mensura

300 3081 440 3119 brietas
479 3080 658 3118 adscribit
693 3079 731 3117 in
769 3092 847 3129 qua
885 3079 1052 3117 maxime
1090 3078 1280 3116 laudabile
1319 3086 1376 3115 est
1431 3085 1487 3115 est
1514 3077 1682 3115 maxime
1712 3077 1938 3115 necessaria.

357 3213 384 3245 α)
399 3212 523 3245 propria.
535 3225 556 3232 —
573 3213 637 3238 Om.
655 3212 685 3238 P.
1399 3211 1402 3260 1
1481 3211 1504 3243 ε)
1523 3210 1679 3235 huiusmodi
1697 3211 1848 3236 observare.
1862 3225 1880 3229 -
1898 3210 2052 3235 huiusmodi
2069 3216 2179 3235 servare
2198 3209 2322 3239 BEFHK,
2337 3209 2394 3234 eius
2412 3210 2502 3235 obser-

356 3247 383 3281 β)
402 3247 532 3274 vivamus.
545 3261 564 3267 -
583 3248 609 3273 in
629 3248 679 3273 hoc
696 3248 802 3273 saeculo
822 3248 920 3272 addunt
937 3247 1056 3273 PAFGa.
1400 3261 1402 3270 t
1428 3253 1493 3271 vare
1512 3245 1584 3270 PGa.

355 3283 382 3316 γ)
402 3286 508 3309 ornato.
521 3297 541 3303 —
559 3286 659 3309 ornatu
678 3283 865 3316 BCEFKpAG,
883 3286 910 3308 et
928 3286 1026 3308 ornatu
1046 3283 1078 3307 D.
1480 3280 1507 3314 ζ)
1527 3288 1610 3307 meus.
1623 3296 1643 3300 -
1661 3283 1724 3306 tuus
1742 3280 1923 3306 ABCEHIKL.

357 3317 381 3351 δ)
401 3318 524 3344 hominis.
538 3333 556 3338 —
573 3318 675 3344 homini
692 3319 779 3349 ACEI,
799 3319 950 3344 hominibus
969 3318 1020 3344 Ga.

450 3600 560 3625 Smmar.
579 3599 680 3624 Timor.
700 3598 732 3623 D.
751 3598 866 3624 ‘rnonn
880 3599 912 3625 Τ.
925 3599 978 3624 V11.
2323 3596 2354 3620 23

2529 1542 2538 1551 ’
2553 1540 2618 1563 Vere.
2633 1548 2666 1570 37,
2681 1544 2713 1570 3⁸⁴

2530 1865 2537 1873 “
2553 1864 2580 1885 l).
2596 1870 2648 1892 ¹¹30-

2528 1970 2537 1979 *
2548 1969 2594 1996 Qu.
2606 1973 2686 1993 cxxlu,
2697 1973 2738 1990 art.

2526 2002 2550 2021 2;
2567 2001 2605 2023 qu.
2621 2001 2681 2020 exn,
2697 1999 2738 2017 art.

2525 2028 2545 2043 2.

2529 2285 2538 2294 ⁶
2546 2284 2583 2305 Ps.
2592 2289 2647 2310 χιιι,
2656 2289 2714 2305 vers.
2721 2289 2739 2311 5.
