2768 4198
40 2451 251 2477 ·Ηοωί1.Χιν;ι1.

40 2480 79 2501 lib.
94 2479 123 2506 11,
135 2478 216 2500 homil.
228 2484 252 2500 ιι.

46 2998 56 3007 ·
72 2998 123 3019 Art.
138 2996 240 3024 praeced.

49 3205 59 3214 ·
69 3203 125 3231 cap.
137 3207 163 3228 ιι,
171 3207 206 3227 ιιι,
214 3207 259 3223 xix.

50 3259 59 3269 ⁸
70 3257 126 3305 (1ιῆ
135 3261 185 3282 vui,
196 3261 218 3277 n.
229 3261 262 3277 2.-

50 3284 73 3306 S.
129 3299 133 3304 .
153 3283 204 3304 lect.
222 3287 261 3303 ιιι,

52 3368 61 3378 ·
79 3367 130 3389 An.
152 3372 168 3393 ι,
190 3365 218 3387 ad
238 3371 262 3394 3:

50 3393 73 3415 1¹
87 3393 141 3419 11¹⁰,
151 3398 190 3421 qu.
201 3397 263 3418 xvm,

51 3424 92 3442 art.
108 3420 130 3442 6.

274 243 350 289 436

919 237 1185 285 QUAESTIO
1216 236 1427 282 CLXXXI,
1457 236 1754 274 ARTICULUS
1785 237 1816 273 Il

938 351 1273 383 Commentaria
1295 348 1548 381 Cardinalis
1569 349 1771 383 Caietam

278 457 324 520 IN
353 445 485 476 articulo
514 445 618 485 primo
648 442 841 484 quaestionis
874 438 1339 480 centesimaeoctogesimaepri-
1366 439 1368 455 ¹
1394 439 1494 469 lectus
1522 439 1681 478 sapientis,
1706 440 1910 471 essentialiter
1940 446 2058 480 spectat
2082 440 2121 470 ad
2144 440 2243 470 vitam
2266 440 2462 480 contempla-

306 501 391 527 mae,
416 489 549 520 dubium
574 488 679 520 statim
703 486 839 517 occurrit
862 485 942 516 circa
974 485 1131 515 rationem
1154 483 1274 514 litterae
1301 484 1340 514 ad

274 535 479 576 principalem
495 533 744 564 conclusionem.
770 529 924 561 Consistit
943 528 1075 560 enimin
1098 529 1176 558 hoc:
1201 528 1340 559 Virtutes

275 579 410 610 morales
434 578 619 609 ordinantur
643 577 681 606 ad
698 575 897 615 operandum
922 573 1151 614 principaliter:
1177 582 1252 612 ergo
1269 582 1340 613 per-

275 625 374 655 tinent
398 622 600 654 essentialiter
622 621 661 650 ad
684 620 782 649 vitam
807 619 958 655 activam,
983 618 1058 658 quia
1081 617 1143 648 vita
1167 617 1267 648 activa
1291 627 1340 647 or-

275 669 399 698 dinatur
415 668 453 697 ad
471 666 654 696 exteriorem
670 663 900 704 operationem.
918 663 1051 694 Videtur
1067 662 1152 692 enim
1167 662 1244 692 haec
1261 661 1340 691 ratio

275 712 421 749 deficere,
447 709 647 750 procedendo
671 711 709 739 ab
733 709 919 748 operatione
949 707 987 737 ad
1012 708 1202 737 exteriorem
1227 715 1341 746 opera—

275 758 400 787 tionem.
431 756 513 785 Nam
536 754 665 784 virtutes
690 753 824 783 morales
849 752 1037 782 ordinantur
1065 751 1278 792 principaliter
1302 750 1341 780 ad

274 800 499 840 operationem,
523 799 577 828 sed
602 808 668 828 non
692 797 890 828 exteriorem:
915 796 1069 838 quoniam
1093 795 1279 826 ordinantur
1302 795 1341 825 ad

274 845 459 875 interiorum
489 843 675 883 passionum
705 842 921 872 moderamen.
955 841 1026 872 Vita
1055 847 1162 871 autem
1186 840 1285 871 activa
1308 839 1340 869 in

274 888 416 920 exteriori
440 887 625 927 operatione
650 887 800 918 consistit.

329 933 378 963 Ad
408 933 469 963 hoc
500 931 613 962 dicitur
641 932 729 972 quod
761 930 894 962 exterior
925 929 1067 970 operatio
1098 930 1138 960 ad
1167 939 1266 970 quam
1291 938 1341 959 or-

274 978 398 1008 dinatur
428 976 528 1007 activa
550 976 630 1012 vita,
656 986 722 1006 non
752 982 798 1006 est
829 975 897 1005 sola
927 974 980 1005 illa
1003 984 1086 1015 quae
1117 981 1201 1004 extra
1225 984 1341 1013 corpus

274 1028 441 1057 exercetur,
459 1028 494 1052 ut
517 1020 630 1051 vestire
654 1021 789 1056 nudum,
807 1029 934 1060 pascere
958 1019 1158 1055 esurientem,
1182 1027 1212 1050 et
1234 1009 1342 1049 huffis-

274 1066 379 1097 modi:
405 1066 460 1096 sed
483 1065 578 1095 etiam
602 1072 648 1095 est
663 1065 716 1095 illa
739 1075 821 1106 quae
845 1071 930 1095 extra
954 1064 1150 1095 intellectum
1173 1063 1217 1094 fit.
1243 1062 1341 1100 Quod

275 1118 360 1151 patet
390 1120 426 1140 ex
456 1109 517 1140 hoc
548 1110 636 1150 quod
666 1109 730 1140 vita
763 1109 863 1140 activa
893 1108 1095 1149 distinguitur
1127 1115 1236 1139 contra
1267 1117 1342 1138 con-

274 1155 490 1195 templativam
521 1155 631 1185 eadem
660 1154 861 1184 distinctione
891 1163 955 1194 qua
983 1153 1159 1184 intellectus
1189 1152 1342 1192 practicus

275 1199 476 1240 distinguitur
509 1206 617 1238 qontra
653 1198 903 1239 speculativum:
936 1205 971 1228 ut
1003 1198 1035 1228 in
1069 1205 1125 1228 art.
1160 1207 1188 1228 2.
1220 1204 1341 1238 quaest.

274 1254 402 1280 ccxxix,
427 1243 572 1283 superius
602 1249 698 1283 patet.
730 1243 771 1273 Et
794 1242 825 1272 in
859 1242 1003 1283 sequenti
1027 1242 1174 1278 articulo,
1199 1241 1231 1272 in
1261 1251 1341 1282 resp.

275 1289 313 1318 ad
343 1300 372 1324 1,
398 1298 540 1328 expresse
565 1287 678 1318 dicitur
701 1288 791 1328 quod
808 1287 1003 1328 prudentia,
1027 1297 1110 1327 quae
1131 1286 1225 1317 habet
1236 1286 1341 1327 finem

275 1335 306 1363 in
323 1339 396 1364 actu
413 1333 604 1373 appetitivae
620 1333 761 1369 virtutis,
771 1333 910 1373 pertinet
921 1331 965 1362 ad
981 1332 1077 1362 vitam
1094 1332 1241 1362 activam.
1259 1330 1344 1368 Quia

274 1378 369 1418 igitur
392 1377 535 1418 operatio
559 1377 693 1407 exterior
709 1377 748 1406 ad
765 1386 862 1417 quam
887 1376 985 1407 activa
1005 1376 1178 1412 ordinatur,
1204 1375 1344 1416 comple-

275 1422 366 1453 ctitur
395 1429 425 1453 et
453 1421 638 1452 interiorem
665 1421 862 1461 appetitum,
886 1420 943 1461 qui
970 1420 1138 1451 virtutibus
1169 1419 1344 1450 moralibus

275 1466 474 1503 informatur,
500 1473 530 1497 et
553 1465 739 1496 exteriorem
763 1465 993 1506 operationem,
1013 1475 1095 1506 quae
1119 1464 1237 1496 scilicet
1260 1471 1344 1495 extra

276 1521 392 1552 corpus
408 1510 457 1541 fit:
482 1510 555 1541 ideo
571 1510 678 1541 nullus
702 1509 842 1540 defectus
860 1509 1050 1541 commissus
1074 1516 1121 1540 est
1136 1509 1169 1539 in
1193 1519 1343 1549 processu

276 1556 405 1586 rationis
428 1555 548 1586 litterae
572 1555 610 1585 ab
634 1554 797 1595 operando
822 1554 865 1585 sic
889 1560 1019 1594 sumpto
1044 1561 1079 1584 ut
1103 1564 1139 1584 ex
1155 1554 1344 1594 praeceden-

275 1600 359 1631 tibus
383 1607 413 1631 et
436 1599 640 1641 sequentibus
665 1606 814 1639 apparet,
839 1599 878 1628 ad
902 1598 1122 1638 operationem
1147 1598 1344 1634 exteriorem,

275 1645 337 1676 hoc
361 1651 407 1675 est
430 1644 599 1685 practicam
622 1643 787 1680 moralem,
813 1643 1025 1683 procedendo.

332 1690 368 1720 11.
394 1689 435 1720 Et
458 1689 535 1720 scias
559 1688 648 1729 quod
679 1688 760 1718 sicut
791 1686 1029 1727 contemplatio,
1054 1697 1109 1717 seu
1133 1693 1222 1717 actus
1253 1686 1344 1717 intel·

1394 483 1502 520 uvam,
1522 483 1597 524 quia
1621 483 1654 514 in
1678 484 1731 515 tali
1755 491 1826 515 actu
1846 483 2050 515 essentialiter
2073 483 2215 515 consistit
2237 484 2301 514 vita
2325 492 2465 515 contem-

1395 527 1526 567 plativa;
1551 527 1593 558 ita
1617 536 1705 559 actus
1728 528 1883 559 virtutum
1907 529 2078 559 moralium
2103 528 2306 559 essentialiter
2322 536 2465 569 spectant

1394 573 1433 602 ad
1457 572 1556 603 vitam
1580 572 1724 608 activam,
1749 572 1791 603 ita
1815 573 1903 613 quod
1927 573 1959 603 in
1984 572 2060 613 ipsis
2084 572 2288 603 essentialiter
2311 573 2463 604 consistit.

1395 616 1436 647 Et
1459 622 1625 656 propterea
1649 623 1737 647 actus
1761 616 1928 647 exteriores
1952 617 2008 658 qui
2032 617 2181 648 dicuntur
2203 618 2243 647 ad
2266 617 2362 648 vitam
2388 618 2463 648 acti-

1395 671 1467 691 vam
1497 668 1654 700 spectare,
1678 661 1795 691 scilicet
1825 662 1953 697 docere,
1986 661 2155 701 corrigere,
2187 671 2330 702 pascere,
2354 662 2462 702 hospi-

1395 705 1464 741 tari,
1489 712 1558 742 etc„
1583 705 1642 735 nisi
1666 704 1743 735 fiant
1765 705 1842 735 boni
1866 705 2038 742 moraliter,
2055 716 2121 736 non
2145 713 2286 746 spectant
2310 706 2349 736 ad
2366 706 2464 737 vitam

1396 749 1545 786 activam,
1570 750 1625 780 sed
1656 750 1695 779 ad
1722 749 1880 780 actionem
1910 749 2049 780 debitam
2080 750 2162 780 vitae
2191 750 2320 781 activae.
2353 751 2464 782 Activa

1395 804 1535 835 namque
1558 794 1621 824 vita
1645 794 1765 824 morale
1789 793 1949 830 studium,
1973 803 2030 824 seu
2059 794 2183 825 bonum
2214 794 2376 826 moraliter
2399 802 2464 826 stu-

1395 838 1495 875 dium,
1520 839 1560 868 ad
1584 838 1742 869 actionem
1766 837 1862 868 ducit.

1451 884 1573 914 Verum
1596 893 1663 913 non
1687 882 1858 924 aequaliter
1880 881 2012 913 virtutes
2035 882 2172 912 morales
2195 891 2308 913 omnes
2327 884 2366 914 ad
2390 883 2464 914 acti-

1395 938 1470 958 vam
1492 928 1591 958 vitam
1615 934 1778 967 spectant:
1802 926 1868 963 sed,
1885 933 1921 958 ut
1943 926 1976 957 in
1998 926 2101 958 littera
2118 926 2137 946 *
2159 926 2284 963 dicitur,
2308 927 2465 968 principa-

1396 972 1465 1003 liter
1487 972 1618 1003 virtutes
1642 979 1678 1002 ut
1701 971 1883 1002 ordinantes
1914 971 2115 1011 operationes
2146 971 2186 1001 ad
2209 971 2360 1008 alterum,
2384 971 2465 1003 inter

1397 1028 1475 1058 quas
1498 1017 1668 1057 praecipue
1692 1023 1738 1047 est
1760 1015 1888 1052 iustitia,
1914 1015 2018 1056 primo
2043 1021 2185 1056 spectant
2208 1016 2247 1046 ad
2270 1016 2404 1048 activam
2420 1017 2465 1047 vi—

1396 1069 1471 1093 tam.
1497 1062 1573 1099 Quo
1596 1060 1632 1091 fit
1655 1067 1691 1092 ut
1706 1060 1930 1096 mansuetudo,
1947 1060 2097 1100 patientia
2121 1066 2151 1091 et
2173 1059 2342 1091 liberalitas
2365 1061 2465 1101 magis

1396 1108 1437 1137 ad
1459 1106 1595 1138 activam
1608 1106 1706 1136 vitam
1729 1111 1871 1146 spectent
1889 1114 1988 1145 quam
2004 1104 2225 1145 temperantia:
2250 1104 2405 1146 quoniam
2426 1105 2465 1135 ad

1396 1153 1521 1182 bonum
1544 1150 1672 1181 alterius
1695 1149 1795 1190 magis
1819 1155 1964 1190 prosunt.

1453 1196 1505 1227 111.
1531 1196 1567 1226 In
1591 1194 1798 1236 responsione
1818 1194 1858 1224 ad
1880 1193 2011 1224 tertium
2034 1192 2178 1224 eiusdem
2200 1193 2333 1230 articuli,
2351 1193 2467 1225 sufficit

1397 1241 1486 1282 quod
1502 1249 1627 1270 memor
1642 1239 1683 1270 sis
1700 1238 1892 1279 distinguere
1905 1238 1986 1269 inter
2000 1236 2099 1268 finem
2121 1237 2276 1268 virtutum
2295 1238 2467 1269 moralium

1398 1285 1576 1316 secundum
1599 1294 1642 1320 se,
1666 1283 1716 1314 vel
1739 1294 1776 1314 ex
1800 1290 1887 1323 parte
1911 1282 2085 1323 operantis:
2113 1288 2144 1313 et
2167 1282 2353 1313 subsumere
2377 1282 2468 1324 quod

1397 1340 1435 1361 ex
1463 1336 1550 1371 parte
1578 1328 1752 1370 operantis,
1780 1327 1851 1358 finis
1878 1327 2002 1358 virtutis
2035 1326 2164 1357 moralis
2195 1327 2390 1368 quandoque
2420 1333 2468 1358 est

1396 1375 1460 1406 vita
1476 1374 1587 1412 activa,
1604 1373 1799 1414 quandoque
1815 1371 2080 1412 contemplativa;
2105 1371 2282 1402 secundum
2299 1381 2331 1402 se
2347 1377 2466 1408 autem,

1398 1419 1440 1450 ita
1456 1419 1519 1450 vita
1535 1418 1636 1449 activa
1651 1424 1697 1448 est
1713 1416 1784 1447 finis
1802 1416 1927 1447 virtutis
1946 1416 2075 1446 moralis
2090 1415 2180 1456 quod
2195 1415 2348 1457 relinquit
2363 1415 2465 1457 ipsam

1398 1464 1554 1495 moralem
1582 1463 1732 1493 virtutem
1756 1471 1823 1492 esse
1847 1460 2090 1501 dispositionem
2119 1466 2263 1501 respectu
2285 1459 2370 1492 vitae
2391 1469 2467 1492 con-

1398 1508 1610 1549 templativae.
1638 1507 1714 1537 Non
1737 1505 1823 1536 enim
1846 1505 2029 1546 incongruit
2058 1505 2144 1536 idem
2167 1514 2235 1536 esse
2261 1505 2468 1536 substantiale

1398 1553 1430 1583 in
1455 1562 1532 1589 uno,
1557 1559 1588 1582 et
1611 1547 1855 1591 dispositionem
1878 1556 2022 1590 respectu
2046 1549 2192 1580 alterius:
2221 1549 2304 1580 sicut
2331 1548 2468 1590 dicimus

1398 1597 1487 1638 quod
1510 1595 1635 1627 bonitas
1663 1594 1792 1626 moralis
1816 1601 1863 1625 est
1892 1594 1934 1625 ita
1962 1593 2114 1634 perfectio
2138 1593 2278 1624 hominis
2308 1593 2399 1635 quod
2421 1590 2469 1626 eet

1399 1641 1566 1682 dispositio
1583 1641 1623 1671 ad
1646 1640 1822 1671 bonitatem
1839 1639 2045 1669 meritoriam.
2068 1639 2110 1669 Et
2125 1638 2205 1669 hanc
2225 1637 2468 1679 responsionem

1398 1686 1499 1726 tangit
1520 1687 1643 1716 Auctor
1665 1684 1698 1715 in
1723 1684 1806 1715 calce
1829 1683 1998 1714 solutionis
2021 1683 2103 1714 tertii
2126 1683 2314 1723 argumenti.

1041 1822 1361 1865 ARTICULUS
1399 1820 1701 1864 SECUNDUS

780 1917 938 1948 UTRUM
962 1916 1214 1948 PRUDENTIA
1237 1916 1486 1947 PERTINEAT
1510 1915 1569 1946 AD
1593 1915 1734 1946 vtrAM
1758 1913 1958 1946 ACTIVAM

904 1995 935 2020 111
955 1996 1039 2026 sent„
1059 1995 1117 2021 dist.
1136 2002 1208 2025 xxxv,
1228 2003 1272 2028 qu.
1291 2002 1309 2025 ι,
1328 2000 1374 2021 art.
1397 1994 1419 2024 3.
1440 1994 1490 2028 qu'·
1511 2001 1541 2025 2;
1559 1994 1584 2019 X
1604 1993 1699 2023 Ethic„
1718 1993 1776 2019 lect.
1796 1999 1840 2018 xn.

486 2091 509 2116 D
525 2089 714 2116 SECUNDUM
734 2089 788 2115 stc
803 2088 1046 2114 paocamrua.
1063 2076 1222 2114 Videtur
1240 2077 1345 2125 quod

410 2131 688 2193 prudentia
718 2143 796 2168 non
825 2130 1012 2180 pertineat
1040 2130 1087 2168 ad
1107 2130 1226 2168 vitam
1257 2129 1345 2167 acti-

292 2175 454 2267 5555}ss
487 2198 591 2246 vam.
614 2185 836 2245 Sicut-enim
851 2185 936 2244 vit-a·
950 2183 1247 2244 contemplativa
1261 2195 1345 2233 per-

332 2254 342 2265 *
367 2230 582 2276 &tinet
614 2239 663 2276 ad
689 2250 770 2275 V1m
801 2246 1044 2286 cogn1t1vam,
1075 2246 1124 2274 ita
1153 2245 1278 2274 activa
1298 2238 1345 2274 ad

276 2293 357 2330 vim
391 2292 649 2340 appetitivam.
687 2291 892 2329 Prudentia
921 2299 1049 2328 autem
1079 2303 1157 2328 non
1185 2290 1347 2339 pertinet

279 2346 328 2383 ad
355 2345 435 2382 vim
465 2345 733 2394 appetitivam,
763 2345 831 2382 sed
861 2344 981 2392 magis
1017 2344 1065 2381 ad
1102 2343 1345 2392 cognitivam.

279 2400 382 2446 Ergo
412 2399 613 2447 prudentia
640 2410 718 2435 non
747 2397 910 2447 pertinet
943 2397 993 2435 ad
1020 2397 1140 2434 vitam
1170 2397 1346 2434 activam.

335 2464 370 2489 2.
391 2453 624 2499 PRAETEREA,
656 2451 863 2499 Gregorius
893 2450 992 2498 dicit,
1021 2462 1135 2499 super
1160 2452 1294 2500 Ezech.
1315 2450 1346 2498 ⁸³,

281 2506 386 2553 quod
416 2506 539 2542 activa
558 2506 647 2551 vita,
668 2505 758 2542 dum
783 2510 989 2553 occupatur
1012 2505 1050 2541 in
1079 2515 1203 2553 opere,
1224 2504 1349 2541 minus

280 2559 396 2596 videt:
433 2559 536 2596 unde
565 2558 798 2607 significatur
826 2570 895 2607 per
928 2557 1060 2604 Liam,
1090 2570 1187 2606 quae
1225 2557 1348 2607 lippos

281 2613 413 2649 oculos
441 2613 618 2650 habebat.
649 2611 854 2649 Prudentia
883 2619 1011 2648 autem
1039 2611 1195 2660 requirit
1227 2612 1349 2648 claros

282 2666 424 2712 oculos,
454 2673 495 2703 ut
523 2674 622 2703 recte
659 2665 799 2702 iudicet
827 2665 946 2702 homo
968 2665 1016 2702 de
1044 2664 1211 2713 agendis.
1246 2665 1348 2713 Ergo

281 2719 431 2756 videtur
458 2720 564 2768 quod
592 2718 794 2770 prudentia
828 2731 905 2755 non
934 2717 1120 2768 pertineat
1148 2718 1197 2755 ad
1229 2717 1348 2755 vitam

283 2780 458 2810 activam.

306 2095 332 2124 is*
358 2098 371 2122 's
387 2098 420 2119 ”vt

421 2107 443 2124 ὅ(

339 2827 372 2862 3.
403 2826 648 2873 Pius-raam,
678 2824 879 2874 prudentia
909 2824 1036 2862 media
1070 2832 1126 2861 est
1153 2824 1250 2861 inter
1275 2823 1351 2861 vir·
1375 2836 1377 2841 ¹

283 2887 380 2916 tutes
410 2879 575 2916 morales
605 2886 640 2916 et
659 2878 942 2916 intellectuales.
974 2878 1051 2916 Sed
1081 2878 1176 2915 sicut
1194 2877 1351 2915 virtutes

283 2933 449 2969 morales
478 2932 664 2982 pertinent
692 2932 742 2970 ad
770 2932 889 2969 vitam
919 2931 1100 2978 activam,
1130 2939 1172 2968 ut
1207 2931 1350 2968 dictum

287 2995 340 3022 est
359 2985 390 3030 *,
422 2986 470 3023 ita
498 2986 770 3023 intellectuales
791 2985 838 3022 ad
869 2984 1219 3033 contemplativam.
1249 2985 1351 3033 Ergo

285 3040 436 3077 videtur
455 3039 562 3088 quod
591 3038 792 3089 prudentia
811 3038 996 3088 pertineat
1016 3050 1139 3087 neque
1160 3039 1206 3075 ad
1233 3038 1351 3076 vitam

288 3092 451 3130 activam
481 3104 606 3142 neque
637 3092 684 3130 ad
714 3092 1069 3142 contemplativam,
1099 3091 1166 3129 sed
1195 3091 1243 3129 ad
1273 3104 1352 3129 me-

287 3146 392 3183 dium
410 3146 577 3184 'vivendi
601 3158 720 3194 genus
741 3146 845 3195 quod
866 3144 1099 3194 Augustinus
1121 3145 1240 3194 ponit,
1263 3146 1352 3182 XIX

288 3200 332 3236 de
365 3200 442 3237 (Σίν.
472 3200 547 3236 Dei
571 3198 603 3237 *.

343 3253 417 3289 San
437 3264 582 3290 CONTRA
597 3263 663 3290 EST
683 3252 788 3300 quod
809 3251 1078 3300 Philosophus,
1094 3251 1133 3288 in
1149 3253 1182 3288 X
1197 3251 1308 3288 Ethic
1320 3250 1352 3299 ¹⁸¹,

289 3306 530 3353 prudentiam
550 3306 737 3355 pertinere
758 3305 847 3343 dicit
865 3305 914 3342 ad
942 3305 1155 3342 felicitatem
1175 3305 1352 3352 activam,

291 3358 338 3395 ad
368 3371 482 3406 quam
511 3359 699 3407 pertinent
725 3359 881 3396 virtutes
911 3359 1085 3396 morales.

345 3412 570 3449 Respounao
604 3424 789 3450 montinum
827 3413 953 3460 quod,
983 3411 1078 3449 sicut
1113 3410 1266 3460 supra*
1300 3410 1353 3448 di·

347 3527 374 3557 α)
390 3525 546 3557 pertineret.
559 3539 577 3544 -
591 3525 711 3557 pertinet
729 3526 829 3551 PAHL.

1400 2082 1504 2112 ctum
1534 2083 1600 2122 est,
1622 2074 1661 2112 id
1680 2075 1786 2124 quod
1816 2073 2014 2111 ordinatur
2033 2073 2082 2112 ad
2101 2073 2204 2112 aliud
2233 2073 2330 2112 sicut
2356 2073 2406 2112 ad
2424 2074 2470 2112 fi-

1400 2141 1502 2176 nem,
1522 2127 1727 2177 praecipue
1748 2128 1785 2165 in
1811 2126 2034 2175 moralibus,
2054 2127 2215 2165 trahitur
2234 2127 2272 2165 in
2301 2126 2470 2177 speciem

1401 2182 1482 2219 eius
1509 2181 1558 2219 ad
1586 2181 1692 2230 quod
1713 2181 1930 2219 ordinatur:
1959 2181 2055 2218 sicut
2074 2181 2135 2218 ille
2161 2180 2229 2231 qui
2250 2175 2472 2220 moechatio·

1402 2241 1440 2272 ut
1455 2237 1627 2284 furetur,
1648 2235 1774 2285 magis
1800 2235 1937 2272 dicitur
1947 2235 2024 2283 sur
2051 2246 2166 2283 quam
2195 2235 2384 2281 moechus,
2412 2246 2471 2272 se-

1401 2289 1570 2326 cundum
1601 2288 1893 2338 Philosophum,
1914 2287 1952 2325 in
1975 2287 2012 2325 V
2033 2288 2154 2325 Ethic.
2174 2287 2195 2310 *
2222 2287 2470 2327 Manifestum
2498 2293 2509 2304 ⁸

1402 2349 1458 2379 est
1485 2349 1614 2379 autern
1636 2341 1741 2391 quod
1762 2340 1927 2389 cognitio
1946 2341 2173 2390 prudentiae
2197 2340 2394 2379 ordinatur
2421 2341 2472 2379 ad

1403 2395 1646 2444 operationes
1673 2395 1856 2432 virtutum
1885 2394 2090 2432 moralium
2128 2394 2224 2432 sicut
2251 2394 2302 2432 ad
2330 2395 2471 2432 finem:

1403 2457 1459 2486 est
1488 2449 1589 2486 enim
1618 2454 1720 2485 recta
1749 2448 1846 2486 ratio
1874 2447 2089 2499 agibilium,
2118 2455 2160 2485 ut
2193 2447 2326 2486 dicitur
2353 2447 2392 2486 in
2417 2447 2471 2486 vt

1401 2502 1522 2539 Ethic.
1543 2501 1564 2524 ’¹‘
1597 2501 1708 2539 Unde
1738 2509 1775 2539 et
1801 2501 1899 2539 fines
1935 2500 2119 2538 virtutum
2151 2500 2356 2539 moralium
2384 2508 2474 2539 sunt
2499 2508 2510 2518 ⁸

1400 2556 1588 2604 principia
1600 2555 1847 2605 prudentiae:
1876 2554 1972 2592 sicut
1990 2555 2029 2591 in
2054 2554 2193 2592 eodem
2221 2554 2318 2592 libro
2337 2554 2358 2577 '¹‘
2385 2554 2474 2592 Phi-

1403 2610 1588 2658 losophus
1609 2608 1707 2646 dicit.
1739 2608 1844 2646 Sicut
1864 2611 1962 2657 ergo‘
1985 2607 2128 2645 dictum
2151 2615 2207 2645 est
2224 2607 2245 2630 '⁸⁸
2273 2607 2379 2658 quod
2397 2608 2472 2646 vir-

1403 2671 1501 2700 tutes
1530 2663 1695 2699 morales
1723 2661 1762 2699 in
1791 2674 1838 2699 eo
1869 2662 1932 2712 qui
1961 2661 2111 2699 ordinat
2135 2673 2201 2699 eas
2228 2661 2278 2699 ad
2306 2661 2474 2711 quietem

1405 2715 1756 2766 contemplationis,
1786 2714 1975 2765 pertinent
2002 2715 2051 2753 ad
2086 2714 2206 2752 vitam
2240 2716 2474 2764 contempla-

1404 2769 1540 2816 tivam;
1570 2769 1620 2807 ita
1641 2768 1806 2818 cognitio
1835 2768 2070 2818 prudentiae,
2100 2779 2199 2817 quae
2228 2769 2276 2813 de
2305 2780 2345 2805 se
2374 2767 2475 2806 ordi-

1405 2831 1516 2860 natur
1544 2823 1592 2861 ad
1622 2822 1863 2873 operationes
1881 2822 2064 2860 virtutum
2093 2821 2312 2869 moralium,
2333 2820 2474 2859 directe

1404 2876 1567 2926 pertinet
1601 2876 1650 2913 ad
1677 2876 1796 2914 vitam
1831 2876 2007 2913 activam.
2043 2874 2082 2912 Si
2111 2882 2240 2912 tamen
2275 2873 2475 2924 prudentia

1406 2930 1558 2980 proprie
1587 2938 1779 2977 sumatur,
1810 2929 2022 2967 secundum
2055 2927 2160 2978 quod
2189 2928 2237 2966 de
2276 2939 2320 2964 ea
2348 2927 2475 2965 Philo-

1407 2985 1552 3033 sophus
1588 2983 1765 3032 loquitur.
1797 3003 1821 3011 -
1851 2982 1891 3020 Si
1926 2989 2053 3020 autem
2090 2988 2264 3019 sumatur
2301 2993 2475 3018 commu-

1407 3037 1504 3084 nius,
1533 3044 1648 3086 prout
1675 3036 1816 3074 scilicet
1844 3034 2133 3086 comprehendit
2152 3035 2475 3084 qualemcumque

1407 3092 1619 3128 humanam
1656 3089 1936 3139 cognitionem,
1966 3087 2019 3126 sic
2054 3086 2254 3138 prudentia
2286 3094 2474 3136 quantum

1407 3143 1455 3182 ad
1476 3143 1643 3193 aliquam
1663 3143 1722 3181 sui
1741 3151 1888 3193 partem
1908 3141 2114 3192 pertineret
2133 3145 2151 3163 ⁸
2178 3139 2226 3178 ad
2245 3140 2365 3178 vitam
2386 3153 2476 3179 con-

1407 3197 1690 3247 templativam:
1719 3197 1934 3234 secundum
1962 3194 2067 3244 quod
2094 3193 2243 3231 Tullius
2272 3193 2372 3242 dicit,
2393 3193 2431 3232 in
2460 3195 2474 3231 l

1407 3250 1453 3288 de
1485 3250 1593 3300 Offic.
1618 3249 1655 3298 ¹⁸²,
1694 3249 1799 3300 quod
1832 3248 1899 3299 qui
1933 3247 2145 3286 acutissime
2182 3253 2218 3285 et
2247 3247 2443 3286 celerrime
2460 3245 2476 3277 β
2503 3250 2514 3263 ·

1403 3309 1526 3353 potest
1551 3310 1587 3341 et
1612 3303 1740 3341 videre
1766 3313 1897 3339 verum
1927 3306 1963 3338 et
1988 3301 2179 3350 explicare
2210 3301 2417 3349 rationem,
2446 3301 2477 3338 is

1403 3357 1716 3406 prudentissimus
1745 3360 1781 3392 et
1805 3355 2098 3404 sapientissimus
2123 3354 2349 3392 ritehaberi
2372 3354 2475 3391 solet.

1462 3412 1522 3447 Ao
1560 3421 1698 3447 ramum
1735 3419 1834 3445 ERGO
1873 3419 2059 3445 DlCENDUM
2092 3407 2198 3456 quod
2236 3407 2477 3457 operationes

1433 3560 1439 3566 .
1467 3524 1493 3558 β)
1511 3524 1658 3584 εεΙεννὲιΞηιε.
1669 3537 1688 3543 -
1706 3523 1876 3548 celeberrime
1894 3523 2038 3554 ABHKLa,
2053 3523 2188 3549 liberrime
2204 3522 2334 3554 DEFtsC;
2353 3525 2380 3548 et
2397 3522 2479 3548 celer·—

1413 3567 1480 3585 rtme
1498 3567 1551 3585 om.
1571 3567 1587 3592 p
1612 3578 1618 3584 .

2483 931 2503 963 ᾖ
2516 930 2585 959 rte-p.
2598 930 2628 953 nd
2641 937 2658 953 r.

2500 2560 2543 2609 ἒ,

2499 2505 2584 2582 έὲἷε

2508 2602 2569 2663 ςῇ-

2561 2511 2655 2668 ἕξεί-*ε’

2665 2644 2686 2668 ⁹·
2656 2511 2713 2608 ’ξιξ-’τ
