2768 4198
67 1897 117 1919 ’Cf
127 1904 165 1925 qu.
174 1903 280 1924 mum,

65 1928 107 1946 an.
122 1931 144 1951 4.

68 2376 77 2386 ⁴
85 2375 160 2398 Serm.
170 2374 243 2402 XXX,
253 2375 281 2397 al.

69 2401 150 2428 XLIV,
161 2401 191 2423 de
202 2402 280 2429 Temp.

69 2428 111 2450 -1n
118 2428 226 2456 Append.
235 2429 280 2456 Op.

68 2455 179 2477 Ambros.

71 2748 80 2758 ⁸
92 2747 143 2768 Art.
159 2753 172 2769 ι.

70 2853 79 2862 ’
95 2852 160 2874 νει-ε.
176 2858 204 2881 ¹³-

69 2955 80 2967 ⁸
94 2955 160 2977 Ver».
174 2963 198 2983 4.

70 3019 162 3065 Lofnlbg..

195 3018 255 3045 apud

304 270 382 316 456

306 401 412 449 tingit
438 413 507 449 per
535 400 746 449 simplicem
770 399 983 447 profectum
1013 396 1164 444 gratiae,
1186 395 1256 454 nisi
1287 407 1374 431 cum

307 454 441 502 aliquis
471 467 510 491 se
541 454 681 501 obligat
708 453 755 489 ad
787 464 830 487 ea
859 463 956 498 quae
986 457 1074 485 sunt
1102 456 1254 496 granae.

361 510 418 544 AD
442 519 601 544 TERTIUM
622 517 806 543 DICENDUM
827 504 932 551 quod
953 503 1011 539 illa
1032 502 1147 539 etiam
1169 501 1263 538 ratio
1293 513 1378 549 pro·
1405 529 1406 543 ,

929 264 1197 311 ρυΑΕεΤΙο
1231 262 1481 309 ειΧΧΧιν,
1511 263 1810 300 ARTICULUS
1839 263 1874 300 v

306 347 437 384 transit
457 347 504 384 de
524 347 703 384 servitute
730 347 778 383 ad
798 346 1031 382 libertatem:
1062 342 1166 390 quod
1186 354 1265 378 non
1286 353 1376 378 con-
1402 348 1404 354 ’

1432 341 1528 378 cedit
1557 349 1743 390 quantum
1773 343 1821 380 ad
1851 343 2070 380 interiorem
2101 351 2252 380 statum.
2284 344 2333 380 Et
2361 350 2507 387 tamen,

1430 394 1516 431 licet
1545 395 1678 432 caritas
1706 396 1827 432 variet
1856 397 2115 434 conditionem
2151 397 2353 446 spiritualis
2388 397 2507 435 servi-

1404 448 1405 486 Ι
1431 447 1519 484 tutis
1553 456 1589 484 et
1616 449 1817 494 libertatis,
1847 451 1922 487 hoc
1950 458 2080 487 tamen
2110 463 2188 488 non
2227 450 2314 487 facit
2343 451 2509 488 caritatis

1433 509 1697 548 augmentum.

982 590 1319 623 Commentaria
1341 587 1596 620 cardinalis
1619 589 1821 622 Caietam

337 679 355 699 N
380 666 510 697 articulo
535 670 648 704 quarto
674 662 815 692 eiusdem
833 660 1038 701 quaestionis,
1064 667 1139 690 nota
1163 660 1280 700 primo,
1306 659 1376 689 dili-

310 682 528 752 Igentissime‚
554 707 643 748 quod
668 713 754 736 totus
779 715 883 735 sermo
912 705 1007 735 huius
1032 711 1180 735 tractatus
1212 705 1251 734 de
1275 711 1375 740 statu,

306 756 364 788 nisi
389 754 474 784 aliud
499 752 700 792 exprimatur,
725 749 910 789 intelligitur
932 750 971 780 de
994 754 1080 780 statu
1098 750 1321 786 ecclesiastico,
1348 757 1378 780 et

306 811 371 831 non
404 799 441 828 de
474 804 556 828 statu
588 795 744 826 interioris
775 794 931 824 hominis:
969 801 1004 824 ut
1035 804 1178 834 expresse
1211 794 1243 824 in
1275 794 1377 825 littera

305 844 430 875 dicitur.

360 889 445 918 Nota
469 885 610 916 secundo
642 884 746 925 quod,
775 883 849 914 licet
872 883 904 913 in
928 883 1032 913 littera
1063 884 1145 913 duae
1177 883 1378 914 conditiones

304 937 512 963 numerentur
527 929 695 970 requisitae
712 929 751 958 ad
768 928 971 968 perfectionis
987 935 1106 958 statum
1119 928 1377 964 ecclesiasticum,

304 976 483 1007 secundum
506 981 614 1005 tamen
637 973 800 1004 veritatem
824 980 899 1003 sunt
917 980 990 1003 tres.
1016 972 1121 1003 Prima
1141 980 1187 1003 est
1207 973 1377 1013 obligatio;

304 1020 453 1056 secunda,
479 1019 662 1050 solemnitas
671 1027 678 1055 ;
703 1018 803 1054 tertia,
828 1018 918 1058 quod
941 1017 1092 1057 perfectio
1110 1017 1149 1048 sit
1165 1018 1308 1049 exterior.
1335 1018 1379 1048 lta

303 1066 393 1107 quod
417 1074 483 1095 non
503 1063 707 1094 constituitur
731 1070 830 1094 status
855 1061 1057 1102 perfectionis
1074 1073 1110 1093 ex
1127 1062 1323 1102 obligatione
1339 1063 1379 1093 ad

304 1109 533 1151 perfectionem
562 1116 718 1149 perpetuo
748 1115 778 1138 et
807 1107 1026 1144 solemnitate,
1052 1107 1111 1138 nisi
1143 1107 1297 1148 obligatio
1326 1107 1380 1137 illa

304 1155 343 1185 sit
374 1155 413 1184 ad
444 1153 674 1194 perfectionem
710 1151 907 1188 exteriorem,
940 1158 1018 1192 puta
1047 1152 1087 1182 ad
1118 1152 1303 1189 castitatem,
1332 1152 1382 1182 vel

304 1205 534 1240 paupertatem,
554 1198 604 1228 vel
621 1197 839 1238 erogationem
855 1197 1028 1232 bonorum,
1045 1197 1096 1227 vel
1113 1197 1301 1227 exteriorem
1318 1197 1380 1227 sol-

303 1243 519 1279 licitudinem,
544 1242 594 1273 vel
617 1243 657 1272 ad
681 1242 867 1282 ponendam
891 1241 1048 1277 animam,
1083 1242 1164 1272 idest
1188 1242 1306 1278 vitam,
1331 1242 1381 1272 vel

305 1288 426 1329 aliquid
451 1287 649 1318 huiusmodi.

1489 661 1529 691 Et
1550 661 1667 701 primas
1683 660 1815 701 quidem
1832 661 1911 691 duas
1928 662 2127 693 conditiones
2145 673 2210 693 non
2227 670 2355 703 oportet
2374 664 2509 703 probare

1432 716 1499 736 esse
1516 706 1695 736 secundum
1712 706 1890 736 doctrinam
1905 706 2069 737 Auctoris:
2088 708 2243 748 quoniam
2259 708 2292 738 in
2309 707 2410 738 littera
2428 708 2509 738 clare

1433 751 1597 781 habentur.
1623 750 1733 781 Tertia
1749 757 1866 786 autem,
1884 760 1966 791 quae
1982 752 2185 791 superaddita
2203 752 2338 788 videtur,
2355 753 2510 793 probatur

1433 806 1470 826 ex
1494 805 1532 826 eo
1557 795 1663 836 quod,
1697 795 1756 825 nisi
1787 795 1864 825 haec
1888 795 2030 826 conditio
2055 803 2236 836 apponatur
2258 797 2309 827 vel
2332 796 2509 827 subintelli-

1432 847 1533 881 gatur,
1559 850 1645 870 sacer
1669 840 1749 869 ordo
1774 839 1980 870 constitueret
2003 846 2122 870 statum
2146 840 2348 880 perfectionis
2365 841 2509 872 ecclesia-

1433 885 1538 916 sticae.
1563 885 1604 915 Et
1628 885 1781 924 probatur
1804 884 1944 925 sequela.
1970 884 2054 922 Quia
2078 894 2164 915 sacer
2180 885 2260 915 ordo
2277 895 2315 916 ex
2330 886 2436 926 seipso
2453 886 2509 916 ob-

1431 930 1510 970 ligat
1536 929 1703 959 hominem
1728 929 1767 959 ad
1792 929 1948 959 maiorem
1973 929 2172 960 sanctitatem
2195 929 2380 961 interiorem
2410 941 2509 971 quarn

1432 974 1573 1015 requirat
1596 973 1691 1004 etiam
1715 973 1878 1013 religionis
1903 980 2012 1010 status,
2038 980 2074 1004 ut
2097 977 2221 1005 Auctor
2243 974 2276 1004 in
2295 981 2352 1005 art.
2369 974 2388 1005 8
2412 975 2510 1006 huius

1433 1018 1629 1060 quaestionis
1653 1028 1797 1058 expresse
1821 1018 1914 1049 dicit:
1941 1025 1971 1049 et
1987 1025 2111 1049 constat
2134 1019 2224 1059 quod
2247 1018 2436 1050 huiusmodi
2452 1019 2510 1050 ob-

1433 1063 1542 1105 ligatio
1559 1073 1633 1094 cum
1650 1063 1861 1100 solemnitate,
1876 1063 2123 1094 consecrationis
2135 1063 2254 1095 scilicet
2269 1073 2334 1105 qua
2349 1063 2511 1096 confertur

1433 1109 1525 1144 ordo,
1550 1107 1594 1139 fit.
1621 1110 1667 1138 Ac
1691 1117 1748 1148 per
1770 1107 1842 1144 hoc,
1867 1107 1963 1138 habet
1987 1108 2066 1138 duas
2090 1107 2209 1148 primas
2233 1107 2446 1139 conditiones.
2470 1108 2512 1139 Et

1434 1153 1502 1184 sola
1526 1153 1616 1184 tertia
1641 1153 1743 1183 deest:
1775 1152 1850 1194 quia
1874 1151 1993 1183 scilicet
2016 1152 2137 1192 obligat
2160 1153 2199 1183 ad
2222 1152 2255 1183 id
2279 1153 2368 1194 quod
2393 1160 2440 1184 est
2463 1153 2510 1183 in-

1433 1198 1556 1229 terioris
1588 1197 1802 1238 perfectionis,
1827 1204 1858 1228 et
1881 1207 1947 1227 non
1971 1197 2011 1227 ad
2035 1207 2071 1227 ea
2095 1207 2178 1238 quae
2202 1205 2276 1228 sunt
2307 1197 2511 1238 perfectionis

1434 1242 1605 1279 exterioris,
1623 1249 1781 1283 quantum
1801 1249 1847 1272 est
1866 1251 1903 1273 ex
1923 1249 2035 1273 natura
2059 1242 2179 1272 ordinis
2203 1242 2293 1273 sacri.
2316 1242 2416 1280 Quod
2440 1242 2511 1273 dico

1434 1294 1565 1328 propter
1595 1293 1763 1327 praecepta
1786 1286 1957 1325 Ecclesiae,
1982 1293 2012 1317 et
2035 1297 2156 1317 annexa
2178 1296 2235 1327 per
2258 1286 2403 1318 accidens
2426 1294 2510 1318 vota.

1100 1425 1422 1467 ARTICULUS
1454 1424 1714 1477 QUINTUS

697 1519 854 1550 UTRUM
877 1519 1094 1549 PRAELATI
1119 1519 1177 1549 ET
1201 1519 1415 1551 RELIGIOSI
1442 1519 1540 1550 SINT
1566 1519 1608 1549 IN
1633 1519 1778 1550 STATU
1803 1517 2119 1549 PERFECTlONlS

606 1600 702 1630 Quodl.
723 1600 740 1629 l,
761 1607 806 1631 qu.
825 1607 869 1628 vn,
889 1604 935 1624 art.
958 1606 980 1627 2.
1001 1599 1033 1623 ad
1054 1607 1082 1630 23
1103 1599 1142 1628 ΙΙΙ,
1162 1607 1206 1632 qu.
1226 1607 1260 1631 v1,
1280 1605 1328 1625 art.
1349 1600 1377 1630 3;
1399 1600 1440 1625 De
1459 1599 1531 1633 Pers.
1557 1599 1631 1624 Vitae
1651 1599 1733 1631 Spin,
1754 1606 1811 1632 cap.
1831 1606 1885 1629 xvr;
1906 1598 1936 1623 In
1957 1598 2069 1628 Matth„
2090 1606 2148 1632 cap.
2168 1606 2217 1624 xtx.

393 1692 401 1706 ι
426 1708 441 1721 .‹
457 1702 466 1709 s
522 1683 543 1708 D
567 1682 732 1713 QmNTUM
751 1682 805 1706 sm
826 1681 1068 1706 PROCEDITUR.
1091 1670 1254 1707 Videtur
1274 1671 1380 1718 quod

336 1719 343 1732 '
433 1718 493 1773 ⁵²⁷²]
520 1724 677 1773 praelati
694 1731 729 1760 et
749 1723 912 1771 religiosi
933 1735 1012 1760 non
1033 1723 1107 1759 sint
1126 1724 1164 1760 in
1180 1731 1279 1760 statu
1298 1737 1382 1773 per-

382 1795 445 1826 νς
501 1777 704 1814 fectionis.
745 1777 873 1813 Status
903 1776 1005 1813 enim
1035 1777 1281 1826 perfectionis
1308 1778 1381 1815 dis-

362 1807 460 1869 &1³3
475 1825 700 1879 tinguitur
728 1838 859 1867 contra
889 1838 1029 1867 statum
1059 1830 1323 1880 incipientium
1346 1838 1382 1868 et

305 1885 590 1935 proficientium
610 1884 641 1921 *.
672 1884 750 1921 Sed
770 1896 848 1921 non
876 1891 964 1920 sunt
992 1884 1119 1933 aliqua
1147 1896 1288 1932 genera
1316 1885 1383 1922 ho-

307 1939 457 1976 minum
488 1938 668 1988 deputata
706 1937 920 1987 specialiter
957 1938 1067 1975 statui
1097 1938 1380 1987 proficientium

305 1994 368 2031 vel
397 1992 672 2042 incipientium.
712 1992 814 2039 Ergo
843 1991 996 2028 videtur
1031 1992 1137 2040 quod
1166 2004 1237 2029 nec
1267 1992 1380 2029 etiam

307 2048 473 2084 debeant
488 2058 571 2083 esse
588 2045 713 2094 aliqua
728 2057 869 2093 genera
888 2045 1092 2082 hominum
1114 2045 1296 2095 deputata
1312 2054 1384 2083 sta-

305 2101 360 2138 tui
389 2099 644 2149 perfectionis.

362 2167 396 2191 2.
418 2155 654 2199 PRAETEREA,
671 2159 789 2189 status
809 2151 974 2189 exterior
993 2153 1107 2190 debet
1127 2152 1295 2190 interiori
1311 2161 1383 2191 sta-

306 2209 359 2245 tui
398 2206 648 2256 respondere:
679 2206 846 2255 alioquin
884 2206 1086 2243 incurritur
1121 2206 1381 2254 mendacium,

308 2261 414 2310 quod
443 2272 518 2297 non
547 2259 670 2297 solum
689 2265 743 2296 est
760 2260 797 2296 in
816 2259 932 2307 falsis
959 2260 1094 2306 verbis,
1114 2261 1181 2297 sed
1202 2261 1315 2297 etiam
1344 2261 1381 2297 in

306 2314 491 2352 simulatis
519 2313 711 2362 operibus,
740 2321 782 2349 ut
814 2313 1044 2350 Ambrosius
1078 2313 1181 2360 dicit,
1211 2313 1249 2350 in
1287 2326 1382 2362 quo-

309 2369 399 2407 dam
430 2368 618 2404 Sermone
637 2366 669 2403 *.
702 2366 779 2403 Sed
807 2366 915 2403 multi
944 2374 1032 2404 sunt
1059 2366 1217 2415 praelati
1235 2367 1298 2404 vel
1326 2379 1382 2404 re-

308 2421 431 2471 ligiosi
459 2420 525 2469 qui
563 2432 642 2457 non
670 2420 813 2457 habent
850 2419 1069 2457 interiorem
1106 2420 1381 2469 perfectionem

309 2474 484 2513 caritatis.
515 2473 555 2511 Si
585 2485 675 2521 ergo
697 2485 833 2510 omnes
863 2473 1025 2522 religiosi
1046 2481 1083 2510 et
1110 2474 1267 2523 praelati
1296 2483 1383 2511 sunt

308 2530 347 2566 in
376 2536 474 2565 statu
495 2526 748 2576 perfeetionis,
769 2535 994 2576 sequeretur
1013 2527 1120 2576 quod
1148 2528 1381 2578 quicumque

308 2591 446 2619 ‘eorum
476 2593 555 2618 non
584 2588 671 2618 sunt
691 2585 709 2602 α
737 2580 905 2629 perfecti,
927 2580 1000 2618 sint
1029 2580 1067 2618 in
1096 2588 1254 2630 peccato
1283 2594 1383 2619 mor-

308 2636 384 2682 tali,
414 2643 598 2683 tanquam
629 2634 872 2671 simulatores
901 2642 938 2672 et
965 2634 1186 2672 mendaces.

364 2690 398 2726 3.
439 2689 680 2736 Pam-mast,
713 2687 896 2737 perfectio
935 2687 1148 2726 secundum
1188 2688 1381 2726 caritatem

309 2742 525 2789 attenditur,
545 2749 588 2778 ut
615 2741 764 2790 supra*
791 2741 966 2779 habitum
994 2749 1062 2779 est.
1093 2741 1171 2779 Sed
1191 2743 1382 2791 perfectis-

309 2796 404 2834 sima
435 2796 570 2833 caritas
598 2794 751 2832 videtur
779 2807 861 2832 esse
892 2795 929 2832 in
963 2795 1213 2844 martyribus:
1250 2809 1383 2834 secun-

310 2850 403 2887 dum
424 2849 515 2887 illud
537 2850 642 2886 Ioan.
663 2860 711 2885 xv
729 2847 769 2885 *τ
798 2849 993 2886 Maiorem
1013 2849 1246 2887 dilectionem
1273 2862 1383 2887 nemo

309 2904 420 2940 habet
442 2914 558 2952 quam
579 2908 620 2939 ut
636 2902 807 2939 animam
835 2914 944 2940 suam
959 2908 1082 2951 ponat
1099 2903 1182 2952 quis
1195 2915 1270 2952 pro
1292 2904 1384 2941 ami-

310 2957 362 2994 cis
380 2957 468 2994 suis.
499 2957 549 2994 Et
573 2967 689 3004 super
707 2955 800 2997 illud
823 2957 925 2994 Heb.
946 2968 994 2993 xn
1013 2956 1044 3003 *,
1074 2957 1259 2994 Nondum
1283 2957 1382 2994 enim

311 3022 427 3059 usque
454 3010 506 3047 ad
530 3009 757 3059 sanguinem
792 3016 875 3056 etc.,
906 3009 995 3047 dicit
1022 3010 1161 3048 Glossa
1179 3009 1220 3047 *ε
1256 3011 1384 3060 Perfe-

309 3064 404 3101 ctior
432 3063 469 3100 in
498 3063 571 3100 hac
598 3063 674 3100 vita
709 3062 854 3100 dilectio
888 3063 992 3101 nulla
1029 3069 1084 3101 est
1108 3075 1153 3101 ea
1186 3064 1239 3101 ad
1268 3076 1382 3113 quam

308 3117 429 3154 sancti
465 3122 656 3166 martyres
688 3123 963 3165 pervenerunt,
993 3117 1060 3166 qui
1093 3123 1225 3155 contra
1247 3129 1384 3167 pecca-

310 3176 388 3208 tum
418 3182 535 3219 usque
562 3171 614 3208 ad
644 3170 872 3220 sanguinem
909 3176 1159 3208 certaverunt.
1196 3172 1299 3220 Ergo
1327 3171 1382 3209 vi—

313 3224 421 3262 detur
449 3223 554 3272 quod
574 3223 696 3272 magis
716 3223 854 3261 debeat
881 3224 1032 3262 attribui
1052 3224 1295 3274 perfectionis
1314 3233 1385 3263 sta-

312 3285 372 3314 tus
401 3277 630 3326 martyribus
659 3289 777 3326 quam
806 3277 988 3327 religiosis
1018 3285 1054 3315 et
1082 3278 1284 3328 episcopis.

368 3331 442 3367 San
477 3342 623 3368 CONTRA
660 3342 727 3368 ssr
761 3331 867 3380 quod
904 3331 1136 3380 Dionysius,
1171 3332 1210 3370 in
1237 3343 1262 3369 v
1297 3345 1381 3382 cap.

314 3382 455 3420 Eccles.
487 3384 619 3430 Hier„
654 3384 822 3422 attribuit
848 3385 1125 3434 perfectionem
1160 3383 1383 3435 episcopis*

369 3498 396 3528 α)
417 3504 468 3522 non
488 3500 557 3523 sunt.
569 3511 589 3517 -
606 3501 669 3522 sunt
688 3505 740 3523 non
760 3498 836 3528 ABF.
854 3502 918 3524 sunt
936 3502 962 3524 et
981 3506 1033 3524 non
1053 3499 1071 3524 1.

369 3532 393 3565 β)
414 3533 551 3564 episcopis.
564 3547 582 3551 —
601 3533 662 3558 Om.
682 3532 907 3566 ABDEFKLpCl.

366 3568 394 3601 γ)
410 3568 622 3609 therapeutas.-
637 3568 804 3600 triapenthas
818 3569 855 3594 Pa
874 3574 899 3594 et
916 3569 1018 3594 codices
1030 3570 1125 3603 vulgo;
1145 3569 1207 3595 item
1222 3574 1282 3602 post
1301 3569 1383 3602 princ.

314 3611 439 3637 corpora.
1262 3630 1269 3645 χ

1433 1678 1620 1718 tanquam
1643 1670 1932 1719 perfectoribus.
1963 1671 2012 1707 Et
2040 1670 2078 1707 in
2098 1682 2133 1707 VI
2155 1682 2238 1720 cap.
2270 1671 2444 1709 eiusdem
2473 1672 2512 1709 li-

1435 1723 1504 1771 bri,
1535 1723 1703 1760 attribuit
1731 1718 2008 1772 perfectionem
2038 1723 2239 1772 religiosis,
2269 1737 2368 1773 quos
2396 1733 2512 1763 vocat

1435 1778 1642 1814 monachos
1660 1777 1723 1814 vel
1743 1778 1980 1826 therapeutas
1995 1781 2024 1823 Υ,
2045 1777 2153 1825 idest,
2171 1778 2254 1815 Deo
2257 1778 2510 1827 famulantes,

1434 1838 1621 1880 tanquam
1646 1830 1837 1879 perfectis.

1490 1885 1719 1921 RESPONDEO
1740 1894 1928 1920 montinum
1956 1883 2075 1931 quod,
2106 1883 2202 1921 sicut
2230 1883 2375 1922 dictum
2405 1891 2461 1922 est
2478 1884 2510 1932 *,

1436 1938 1484 1975 ad
1514 1945 1653 1974 statum
1691 1936 1934 1986 perfectionis
1972 1936 2175 1986 requiritur
2207 1937 2388 1986 obligatio
2425 1950 2511 1988 per—

1435 1999 1551 2040 petua
1580 1991 1629 2028 ad
1659 2003 1704 2028 ea
1733 2003 1833 2039 quae
1862 1998 1950 2028 sunt
1977 1991 2236 2039 perfectionis,
2267 2003 2356 2028 cum
2385 1991 2513 2042 aliqua

1436 2045 1690 2082 solemnitate.
1722 2045 1938 2093 Utrumque
1958 2051 2088 2082 autem
2108 2045 2248 2082 horum
2275 2045 2457 2096 competit
2476 2054 2514 2084 et

1435 2098 1620 2147 religiosis
1641 2106 1678 2135 et
1698 2097 1900 2147 episcopis.
1932 2098 2114 2146 Religiosi
2134 2098 2237 2136 enim
2255 2105 2350 2136 voto
2380 2111 2420 2136 se
2450 2099 2513 2138 ad·

1435 2152 1622 2201 stringunt
1649 2152 1700 2189 ad
1729 2153 1803 2189 hoc
1832 2152 1939 2201 quod
1958 2164 1981 2189 a
2000 2152 2115 2189 rebus
2139 2152 2399 2190 saecularibus
2426 2153 2512 2192 abs·

1435 2206 1580 2243 tineant
1608 2205 1748 2254 quibus
1781 2205 1878 2242 licite
1908 2205 1961 2242 uti
1989 2213 2183 2255 poterant,
2214 2206 2264 2244 ad
2299 2207 2376 2244 hoc
2405 2207 2512 2256 quod

1435 2259 1590 2296 liberius
1628 2260 1714 2296 Deo
1742 2266 1900 2296 vacent:
1935 2259 1973 2296 in
2009 2271 2087 2308 quo
2121 2259 2292 2298 consistit
2327 2259 2512 2310 perfectio

1435 2313 1645 2362 praesentis
1678 2312 1789 2349 vitae.
1829 2312 1941 2350 Unde
1974 2313 2199 2363 Dionysius·
2223 2313 2333 2360 dicit,
2362 2325 2398 2351 vt
2427 2326 2511 2364 cap.

1434 2366 1578 2403 Eccles.
1607 2366 1735 2412 Hier„
1766 2366 1813 2402 de
1834 2365 2018 2414 religiosis
2047 2367 2232 2414 loquens:
2261 2367 2342 2404 Alii
2360 2367 2511 2416 quidem

1436 2421 1687 2468 therapeutas,
1704 2419 1799 2457 idest
1819 2419 1997 2467 famulos,
2013 2431 2063 2456 ex
2077 2420 2153 2457 Dei
2162 2417 2176 2442 ὅ
2190 2431 2292 2470 puro
2311 2421 2462 2458 servitio
2478 2427 2515 2458 et

1424 2474 1646 2523 famulatu:
1675 2473 1744 2510 alii
1768 2484 1860 2510 vero
1889 2474 2095 2510 monachos
2115 2474 2214 2522 ipsos
2233 2474 2443 2521 nominant,
2463 2486 2513 2512 ex

1436 2527 1653 2564 indivisibili
1678 2532 1714 2563 et
1739 2527 1931 2577 singulari
1955 2527 2032 2564 vita
2062 2527 2212 2565 uniente
2239 2527 2349 2576 ipsos,
2378 2527 2511 2566 indivi-

1435 2581 1598 2618 sibilium
1626 2581 1764 2618 sanctis
1791 2580 2128 2628 convolutionibus,
2153 2580 2249 2618 idest
2276 2582 2511 2631 contempla-

1435 2635 1617 2681 tionibus,
1638 2635 1690 2671 ad
1707 2634 1931 2684 deiformem
1954 2634 2132 2672 unitatem
2153 2640 2190 2671 et
2205 2634 2408 2672 amabilem
2428 2635 2511 2673 Deo

1431 2689 1716 2738 perfectionem.
1738 2688 1890 2726 Horum
1912 2687 2026 2725 etiam
2046 2687 2226 2737 obligatio
2246 2688 2290 2726 fit
2309 2700 2396 2726 curn
2417 2699 2511 2738 qua-

1437 2742 1527 2780 dam
1571 2741 1810 2779 solemnitate
1852 2741 2101 2791 professionis
2144 2749 2180 2779 et
2222 2741 2509 2780 benedictionis.

1437 2796 1549 2834 Unde
1579 2804 1616 2832 et
1642 2795 1786 2833 ibidem
1812 2795 1940 2833 subdit
1959 2795 2190 2844 Dionysius:
2219 2795 2380 2843 Propter
2397 2795 2510 2844 quod,

1430 2851 1643 2899 perfectam
1679 2849 1766 2898 ipsis
1793 2849 1940 2886 donans
1966 2849 2148 2899 gratiam,
2171 2853 2303 2886 sancta
2323 2847 2509 2899 legislatio

1437 2903 1602 2953 quadam
1618 2903 1716 2952 ipsos
1731 2903 1888 2953 dignata
1903 2908 1958 2940 est
1973 2902 2246 2951 sanctificativa
2261 2902 2508 2941 invocatione.

1493 2956 1672 2994 Similiter
1709 2955 1823 2994 etiam
1853 2963 1889 2994 et
1917 2956 2088 3006 episcopi
2116 2955 2286 3004 obligant
2316 2967 2357 2992 se
2385 2955 2435 2993 ad
2465 2968 2511 2994 ea

1439 3023 1538 3060 quae
1567 3017 1655 3047 sunt
1682 3009 1942 3059 perfectionis,
1972 3010 2162 3059 pastorale
2190 3016 2429 3046 assumentes
2458 3009 2511 3047 of-

1439 3064 1584 3111 ficium,
1606 3063 1656 3101 ad
1675 3063 1782 3112 quod
1810 3063 1973 3113 pertinet
1999 3070 2042 3100 ut
2068 3062 2238 3100 animam
2265 3074 2375 3100 suam
2390 3069 2512 3112 ponat

1434 3123 1568 3167 pastor
1581 3129 1656 3167 pro
1676 3117 1808 3154 ovibus
1826 3117 1915 3163 suis,
1931 3116 2027 3154 sicut
2041 3115 2177 3154 dicitur
2196 3117 2301 3153 loan.
2314 3115 2376 3153 x*.
2397 3115 2510 3155 Unde

1439 3172 1650 3220 Apostolus
1678 3170 1780 3217 dicit,
1811 3171 1824 3207 1
1853 3170 1906 3208 ad
1926 3169 2022 3207 Tim.
2052 3170 2116 3207 ult.
2136 3168 2177 3206 *ε
2211 3169 2414 3218 Confessus
2439 3175 2510 3208 es·

1439 3226 1578 3262 bonam
1607 3224 1880 3273 confessionem
1908 3234 2041 3260 coram
2067 3222 2193 3260 multis
2220 3223 2386 3270 testibus,
2412 3223 2510 3262 idest

1439 3278 1476 3316 in
1506 3284 1571 3316 tua
1599 3277 1909 3322 ordinatione,·ut
1936 3275 2109 3314 Glossa*
2136 3276 2278 3314 ibidem
2304 3276 2405 3314 dicit.
2433 3277 2510 3316 Ad-

1438 3331 1590 3369 hibetur
1619 3330 1733 3368 etiam
1758 3329 1949 3379 quaedam
1970 3329 2192 3367 solemnitas
2211 3330 2510 3369 consecrationis

1439 3385 1552 3422 simul
1582 3396 1671 3421 cum
1709 3382 1946 3432 professione
1978 3383 2193 3433 praedicta:
2230 3384 2443 3422 secundum
2469 3383 2510 3421 il·

1491 3497 1517 3530 δ)
1536 3505 1574 3523 ex
1593 3497 1653 3522 Dei.
1666 3510 1684 3516 —
1704 3497 1757 3522 Dei
1774 3503 1812 3522 ex
1830 3497 1858 3522 Ρ.

1491 3533 1513 3565 ε)
1532 3540 1599 3558 es.-
1617 3535 1657 3557 est
1675 3532 1854 3564 ABDEFIKL,
1873 3540 1926 3558 om.
1946 3533 2000 3564 Pa;
2020 3541 2068 3567 pro
2087 3537 2142 3564 tua,
2161 3541 2211 3559 sua
2229 3534 2257 3560 Ρ.

2539 1889 2606 1912 um.
2621 1887 2727 1917 ρι-κωα.

2539 3120 2630 3144 ’ναι
2644 3127 2670 3144 u.

2537 3175 2630 3200 ‘vn
2644 3180 2674 3199 u.

2537 3284 2547 3296 ⁸
2560 3283 2662 3307 Infflln.
