2768 4198
315 306 393 341 244
983 291 1251 337 QUAESTIO
1283 290 1420 337 CLIV,
1450 290 1749 328 ARTICULUS
1779 291 1830 327 XI

309 373 426 422 sequi.
457 373 558 421 Ergo
587 372 721 410 vitium
748 379 877 408 contra
907 377 1080 406 naturam
1101 380 1180 404 non
1209 375 1264 404 est
1292 379 1376 416 spe-
1402 368 1405 440 ί
1432 368 1604 406 eiusdem
1624 369 1784 417 speciei:
1815 369 1922 418 quod
1941 378 2104 407 vocatur
2132 370 2346 407 bestialitas.
2367 391 2391 398 -
2411 371 2505 407 Ter-

310 427 384 463 cies
412 426 593 463 luxuriae.
1402 441 1405 472 ,v
1431 421 1483 457 tio
1505 422 1636 468 modo,
1658 422 1688 458 si
1707 422 1775 459 fiat
1792 435 1861 471 per
1886 423 2134 460 concubitum
2155 423 2203 461 ad
2224 436 2303 460 non
2331 423 2504 460 debiturn

363 480 438 516 SED
466 490 612 516 CONTRA
640 489 706 514 EST
735 476 850 525 quod,
873 477 903 511 ll
929 474 980 510 ad
1003 474 1089 510 Cor.
1111 485 1159 510 xu
1178 473 1209 519 ³⁸,
1232 485 1376 510 connu-
1402 476 1404 518 l
1431 486 1578 521 sexum,
1598 482 1689 523 puta
1710 476 1868 512 masculi
1887 477 1935 514 ad
1955 477 2169 514 masculum
2189 478 2252 514 vel
2271 477 2436 514 feminae
2457 477 2505 514 ad

310 540 476 569 metatur
504 531 583 568 aliis
603 530 770 567 luxuriae
790 528 1002 577 speciebus,
1022 526 1089 563 ubi
1109 526 1262 563 dicitur:
1283 526 1375 563 Non
1402 520 1404 569 l
1431 527 1626 574 feminam,
1656 535 1698 564 ut
1724 530 1933 578 Apostolus
1962 529 2063 576 dicit,
2092 530 2144 567 ad
2168 531 2281 567 Rom.
2304 530 2369 567 1²¹³:
2399 530 2505 578 quod

307 591 468 636 egerunt
487 583 755 633 poenitentiam
789 592 901 629 super
928 580 1166 616 immunditia
1195 585 1231 615 et
1244 579 1375 628 sorni·
1402 585 1404 626 ἶ
1432 580 1565 618 dicitur
1591 581 1853 619 sodomiticum
1881 583 2024 620 vitium.
2045 603 2070 610 —
2091 584 2251 630 Quart0,
2274 583 2303 620 si
2324 595 2403 620 non
2429 595 2505 620 ser-

71 489 81 498 ·
92 487 158 509 Vers.
173 493 200 509 21.

2533 537 2542 546 ⁴
2558 535 2624 558 Vera.
2639 536 2675 569 26,
2689 542 2724 564 27·

70 649 79 658 ⁸
103 647 204 669 Interlin.
233 651 254 668 et

70 674 151 695 Lomb.

70 751 79 759 ⁸
93 750 141 771 Art.
158 749 180 776 6,
195 756 216 777 9.

67 2683 75 2691 ·
90 2681 125 2703 Cf.
141 2687 203 2702 num.
218 2687 247 2702 ιιι,

66 2860 75 2869 ·
91 2859 124 2881 Cf.
140 2865 202 2881 num.
218 2866 248 2881 vi.

69 3036 77 3044 ⁸
92 3035 125 3056 Cf.
141 3041 203 3057 num.
218 3042 256 3057 vu⁴

69 3430 79 3440 ⁴
93 3429 129 3451 Cf.
149 3434 210 3450 num.
231 3433 279 3449 νιιι.

307 640 452 676 catione
470 643 505 674 et
523 636 773 685 impudicitia:
793 634 858 670 ubi
880 632 968 670 dicit
987 633 1124 669 Glossa
1143 632 1184 668 *ε
1205 634 1376 670 Immun-

307 693 415 729 ditia.-
445 691 545 736 idest,
574 689 729 725 luxuria
758 693 890 724 contra
919 691 1111 723 naturam.

307 806 372 843 est,
395 797 444 833 ibi
475 804 529 832 est
554 794 803 831 determinata
831 793 1002 829 luxuriae
1022 792 1167 841 species
1196 792 1262 828 ubi
1292 804 1376 841 spe-

306 851 406 886 cialis
436 849 528 885 ratio
559 846 807 884 deformitatis
838 846 1000 883 occurrit
1028 858 1127 893 quae
1157 845 1244 882 facit
1273 845 1378 882 inde·
1403 859 1405 871 ι

306 911 454 939 centem
475 907 492 922 α
521 909 648 938 actum
668 912 891 937 venereum.
923 899 1041 947 Quod
1066 898 1224 948 quidem
1253 906 1378 948 potest
1403 908 1405 932 ι

305 968 386 992 esse
417 954 628 1003 dupliciter.
667 953 754 990 Uno
785 953 941 1001 quidem
971 953 1113 1000 modo,
1143 952 1232 1001 quia
1265 965 1378 1002 repu-

303 1016 391 1056 gnat
420 1007 555 1045 rationi
583 1015 728 1044 rectae:
759 1007 864 1055 quod
887 1015 942 1043 est
972 1018 1182 1043 commune
1211 1005 1250 1042 in
1270 1005 1379 1043 omni

302 1062 394 1098 vitio
420 1061 601 1098 luxuriae.
632 1060 718 1097 Alio
740 1062 872 1107 modo,
894 1060 984 1108 quia
1005 1059 1133 1107 etiam,
1155 1071 1271 1109 super
1289 1060 1376 1107 hoc,
1403 1090 1405 1108 ἱ

304 1122 486 1164 repugnat
523 1114 593 1163 ipsi
623 1114 745 1151 ordini
784 1114 943 1151 naturali
975 1114 1133 1150 venerei
1171 1121 1278 1150 actus
1311 1109 1405 1161 qui[

304 1168 483 1205 convenit
517 1168 711 1204 humanae
745 1167 907 1216 speciei:
937 1168 1040 1215 quod
1078 1167 1215 1204 dicitur
1245 1167 1377 1203 vitium

302 1228 434 1259 contra
464 1227 653 1258 naturam.
694 1221 811 1268 Quod
850 1221 1006 1270 quidem
1043 1228 1170 1269 potest
1206 1221 1378 1269 pluribus

303 1275 429 1312 modis
459 1275 689 1322 contingere.
720 1274 808 1312 Uno
829 1274 987 1322 quidem
1018 1274 1152 1321 modo,
1174 1273 1204 1310 si
1232 1274 1377 1322 absque
1403 1300 1405 1318 s

303 1329 407 1365 omni
428 1328 645 1370 concubitu,
663 1340 777 1365 causa
797 1327 1058 1365 delectationis
1076 1339 1279 1374 venereae,
1295 1328 1377 1376 pol-

302 1383 394 1419 lutio
416 1390 661 1430 procuretur:
693 1381 798 1430 quod
818 1381 980 1430 pertinet
1009 1381 1057 1418 ad
1086 1388 1287 1429 peccatum
1309 1381 1378 1418 im-

303 1435 528 1481 munditiae,
559 1447 676 1484 quam
714 1434 869 1483 quidam
897 1433 913 1464 β
941 1434 1132 1471 mollitiem
1170 1442 1323 1471 vocant.
1353 1455 1378 1462 —

303 1489 389 1525 Alio
419 1489 551 1536 modo,
573 1489 603 1525 si
632 1489 699 1525 fiat
726 1501 796 1537 per
826 1487 1075 1525 concubitum
1110 1488 1159 1525 ad
1189 1500 1270 1524 rem
1299 1500 1377 1525 non
1403 1525 1405 1531 ,

356 1603 383 1633 α)
405 1602 576 1627 indecentem.
590 1615 609 1620 —
627 1602 760 1627 decentem
780 1601 942 1634 BEFLpCK.

357 1636 381 1669 β)
401 1637 519 1670 quidam.
531 1650 551 1656 -
569 1637 674 1669 quidem
693 1637 837 1662 ABCEFL.

1403 650 1404 686 3
1430 642 1543 671 vetur
1575 634 1755 671 naturalis
1789 636 1929 673 modus
1963 636 2265 674 concumbendi:
2294 645 2359 673 aut
2386 649 2506 686 quan-

1403 687 1405 740 l
1431 695 1513 724 turn
1533 687 1582 724 ad
1602 687 1898 726 instrumentum
1919 701 1998 726 non
2018 689 2212 736 debitum;
2234 697 2298 727 aut
2318 698 2502 738 quantum

361 747 584 781 RespoNnEo
604 752 789 778 monimum
809 740 927 788 quod,
949 739 1043 775 sicut
1063 751 1178 787 supra
1193 737 1213 759 '¹‘
1232 738 1376 775 dictum
1403 745 1405 769 l

1431 741 1480 778 ad
1515 740 1610 777 alios
1646 749 1913 779 monstruosos
1943 750 1979 779 et
2011 742 2186 780 bestiales
2220 743 2504 781 concumbendi

1432 794 1584 831 modos.

1484 849 1544 884 An
1563 859 1703 884 Palmum
1723 859 1822 884 ERGO
1843 859 2030 885 metianum
2059 849 2167 897 quod
2195 848 2246 885 ibi
2275 861 2505 886 enumeran-

1431 908 1492 937 tur
1520 900 1667 950 species
1696 900 1866 937 luxuriae
1895 913 1995 951 quae
2024 913 2103 938 non
2128 910 2341 953 repugnant
2368 903 2504 940 huma-

1431 967 1504 991 nae
1534 962 1703 992 naturae.
1734 955 1784 992 Et
1811 953 1900 995 ideo
1929 955 2240 1003 praetermittitur
2258 955 2393 993 vitium
2415 969 2505 994 con-

1431 1016 1488 1045 tra
1516 1015 1705 1045 naturam.

1484 1063 1544 1098 An
1573 1073 1765 1098 SECUNDUM
1796 1072 1982 1098 mcannun
2011 1063 2118 1110 quod
2147 1061 2351 1098 bestialitas
2380 1062 2506 1099 differt

1431 1128 1453 1152 a
1482 1114 1641 1162 malitia,
1673 1126 1772 1163 quae
1802 1115 1998 1151 humanae
2025 1114 2154 1151 virtuti
2181 1115 2407 1164 opponitur,
2437 1126 2506 1164 per

1431 1168 1627 1218 quendam
1667 1180 1866 1205 excessum
1906 1167 2005 1204 circa
2043 1168 2208 1205 eandem
2240 1168 2446 1205 materiam
2474 1172 2503 1205 Ὺ.

1431 1223 1481 1259 Et
1509 1221 1597 1259 ideo
1627 1222 1675 1259 ad
1704 1221 1808 1259 idem
1838 1234 1958 1269 genus
1989 1221 2118 1259 reduci
2145 1229 2283 1271 potest.

1484 1276 1544 1312 An
1566 1286 1728 1312 TERTmM
1757 1286 1943 1313 menapum
1963 1275 2070 1324 quod
2098 1275 2314 1313 luxuriosus
2342 1287 2422 1312 non
2449 1274 2505 1311 in-

1431 1328 1550 1366 tendit
1569 1328 1855 1376 generationem
1876 1329 2100 1375 humanam,
2121 1328 2189 1366 sed
2212 1327 2504 1365 delectationem

1430 1393 1660 1419 veneream:
1690 1394 1808 1430 quam
1829 1389 1955 1431 potest
1974 1381 2108 1431 aliquis
2136 1381 2296 1432 experiri
2316 1381 2397 1418 sine
2417 1381 2506 1418 acti-

1432 1435 1504 1472 bus
1539 1447 1584 1472 ex
1622 1435 1762 1484 quibus
1795 1435 1966 1484 sequitur
2001 1436 2173 1472 humana
2210 1434 2417 1484 generatio.
2457 1434 2506 1472 Et

1431 1488 1506 1525 hoc
1536 1496 1591 1525 est
1617 1489 1724 1537 quod
1752 1489 1946 1537 quaeritur
1967 1488 2005 1526 in
2033 1488 2128 1526 vitio
2158 1496 2290 1527 contra
2314 1494 2502 1526 naturam.

1435 1596 1440 1602 ⁸
1479 1603 1506 1635 γ)
1527 1602 1678 1627 materiam.
1690 1616 1710 1621 -
1727 1605 1853 1627 naturam
1873 1602 1984 1627 PADEI.

986 1712 1321 1744 Commentaria
1345 1711 1597 1746 (jardinalis
1620 1712 1822 1747 Caietani

333 1805 352 1824 N
373 1793 505 1824 articulo
526 1792 697 1823 undecimo
715 1792 857 1822 eiusdem
876 1791 1071 1832 quaestionis
1089 1792 1373 1832 centesimaequin-

307 1806 683 1879 Iquagesimaequartae‚
705 1843 781 1867 nota
804 1835 1012 1866 differentiam
1037 1836 1070 1866 in
1097 1836 1199 1866 littera
1223 1834 1373 1876 positam,

302 1883 389 1923 quod
410 1892 483 1912 cum
507 1880 615 1911 omnia
634 1887 760 1920 peccata
779 1880 921 1911 luxuriae
941 1881 1131 1911 conveniant
1151 1880 1183 1910 in
1203 1880 1265 1911 hoc
1284 1881 1373 1921 quod

301 1934 388 1958 actus
407 1935 559 1956 venereus
580 1932 734 1964 repugnat
751 1931 850 1955 rectae
867 1924 991 1961 rationi,
1010 1924 1164 1955 naturalia
1180 1932 1286 1955 tamen
1302 1935 1374 1965 pec·
1399 1943 1401 1954 ,

302 1978 368 2002 cata
385 1981 401 2001 a
426 1970 560 2010 peccatis
585 1976 694 2000 contra
713 1976 859 2000 naturam
875 1969 908 1999 in
931 1969 993 2000 hoc
1011 1969 1158 2000 differunt
1178 1970 1267 2010 quod
1283 1976 1373 2000 natu-

301 2016 376 2046 ralia
400 2015 544 2045 rationali
569 2013 672 2044 ordini
697 2013 814 2050 solum,
832 2013 1021 2044 innaturalia
1046 2020 1154 2045 autem
1179 2024 1245 2044 non
1262 2014 1370 2044 solum

300 2060 454 2096 rationali,
472 2060 526 2090 sed
543 2058 677 2089 naturali
694 2058 797 2088 ordini
814 2065 902 2089 actus
918 2058 1044 2089 venerei
1062 2058 1094 2088 in
1110 2058 1252 2089 humana
1269 2059 1374 2099 specie

301 2110 487 2145 repugnant.
513 2103 554 2134 Et
576 2109 743 2143 propterea
766 2103 967 2144 appellantur
990 2103 1065 2133 vitia
1090 2109 1199 2133 contra
1216 2109 1371 2134 naturam.

301 2149 420 2180 Contra
443 2148 619 2178 naturalem
635 2157 774 2188 namque
790 2146 936 2177 ordinem
952 2154 1082 2178 naturae
1106 2155 1152 2178 est
1176 2147 1281 2178 omnis
1297 2157 1372 2178 con-

301 2193 426 2224 cubitus
456 2199 486 2223 et
516 2191 683 2222 seminatio
712 2192 797 2221 unde
829 2201 894 2221 non
923 2198 1044 2232 potest,
1074 2198 1231 2232 quantum
1262 2198 1308 2222 est
1336 2202 1373 2222 ex

301 2244 412 2268 natura
436 2243 539 2272 actus,
565 2235 655 2276 sequi
678 2235 838 2275 generatio
863 2235 1019 2266 hominis:
1045 2245 1119 2266 cum
1145 2236 1183 2266 ad
1207 2245 1371 2266 conserva-

301 2281 423 2312 tionem
447 2280 561 2321 speciei
583 2280 742 2310 humanae
766 2279 930 2310 ordinetur
953 2290 969 2310 a
990 2286 1101 2310 natura
1123 2280 1171 2310 vis
1194 2281 1373 2320 generativa

302 2336 376 2356 cum
400 2325 465 2356 suis
489 2324 650 2355 membris.
674 2324 715 2354 Et
738 2323 881 2354 similiter
904 2330 1013 2354 contra
1033 2324 1209 2355 naturalem
1225 2325 1372 2355 ordinem

302 2370 409 2411 quoad
424 2369 560 2400 modum
579 2376 625 2399 est
641 2368 746 2399 omnis
763 2368 880 2399 modus
897 2368 976 2399 alius
993 2379 1011 2399 a
1027 2368 1162 2399 naturali
1179 2369 1278 2399 modo
1297 2379 1373 2400 con-

303 2414 472 2445 cumbendi
497 2413 552 2454 qui
577 2412 690 2453 speciei
715 2413 873 2443 humanae
897 2412 1015 2443 inditus
1040 2420 1094 2444 est.

358 2458 448 2488 11.1n
473 2458 587 2488 eodem
603 2457 734 2488 articulo
758 2457 928 2488 undecimo
954 2457 1055 2488 multa
1071 2465 1242 2488 occurrunt
1265 2457 1372 2489 dubia.

303 2503 394 2539 Quae
417 2502 572 2543 quoniam
597 2502 635 2532 de
659 2501 882 2532 innominabili
907 2508 981 2532 sunt
996 2502 1084 2537 vitio,
1109 2508 1139 2532 et
1162 2501 1234 2532 ideo
1258 2512 1373 2542 parum

303 2547 457 2582 discussa,
483 2546 680 2577 discutienda
704 2546 832 2576 censui:
863 2553 912 2582 ut,
937 2545 1196 2587 ambiguitatibus
1221 2547 1370 2583 exclusis,

303 2591 408 2621 minus
434 2591 639 2622 nominentur
662 2600 678 2620 a
703 2590 955 2626 confessoribus,
980 2598 1011 2621 et
1034 2590 1126 2622 citius
1150 2591 1317 2631 expediant
1340 2601 1373 2622 se

303 2636 341 2665 de
364 2635 440 2666 istis.

358 2680 414 2710 Est
443 2689 517 2719 ergo
542 2680 687 2719 primum
717 2678 848 2709 dubium
867 2677 901 2715 *‚
931 2689 970 2709 an
1000 2678 1032 2709 hi
1056 2686 1195 2720 quatuor
1222 2679 1311 2710 modi
1339 2679 1371 2710 in

302 2723 402 2754 littera
423 2723 529 2764 positi,
555 2723 616 2754 sint
639 2723 779 2753 diversae
803 2723 922 2763 species
946 2723 1065 2764 peccati
1089 2730 1198 2754 contra
1214 2730 1370 2754 naturam.

302 2768 342 2798 Et
365 2775 410 2798 est
433 2767 511 2798 ratio
536 2768 623 2798 dubii
647 2767 721 2808 quia
745 2777 810 2798 non
835 2775 966 2808 apparet
988 2767 1067 2798 ratio
1092 2767 1278 2798 diversitatis
1303 2778 1372 2809 spe-

303 2811 416 2843 cificae.

357 2856 538 2888 Secundum
554 2856 684 2887 dubium
700 2856 717 2875 ’¹‘
741 2863 796 2891 est,
822 2866 860 2886 an
885 2863 1052 2896 peccatum
1072 2856 1217 2887 mollitiei
1241 2857 1280 2887 sit
1303 2857 1373 2897 plu-

302 2901 384 2931 rium
409 2900 595 2940 specierum.
624 2901 664 2931 Et
687 2907 733 2931 est
756 2900 835 2931 ratio
860 2901 947 2931 dubii
971 2901 1046 2941 quia
1070 2908 1175 2941 potest
1199 2911 1265 2931 esse
1290 2902 1371 2932 mol-

301 2945 381 2975 lities
401 2955 456 2984 per
471 2944 684 2985 pollutionem
705 2944 921 2985 multipliciter
943 2952 1156 2985 procuratam,
1181 2953 1211 2976 et
1230 2955 1286 2986 per
1305 2956 1370 2977 non

302 2996 518 3029 procuratam:
544 2995 574 3019 et
598 2989 629 3018 in
653 2988 754 3019 littera
777 2999 842 3019 non
866 2989 901 3020 fit
920 2989 1040 3020 mentio
1061 2989 1120 3020 nisi
1137 2991 1175 3021 de
1192 2997 1371 3030 procurata.

362 3034 503 3064 Tertium
535 3033 663 3064 dubium
683 3034 700 3052 *
724 3040 787 3069 est,
813 3044 852 3063 an
881 3034 1049 3064 bestialitas
1073 3034 1112 3066 sit
1136 3035 1276 3075 plurium
1300 3045 1370 3075 spe-

303 3077 431 3108 cierum.
452 3078 492 3108 Et
508 3085 554 3108 est
569 3077 648 3108 ratio
665 3077 752 3108 dubii
769 3084 838 3108 turn
855 3085 985 3118 propter
1003 3088 1095 3109 sexus
1111 3078 1333 3110 diversitatem.
1349 3098 1371 3104 -

303 3122 390 3152 Tum
414 3129 543 3162 propter
560 3122 750 3152 daemonem
769 3122 923 3153 incubum
947 3123 979 3153 in
1004 3123 1106 3153 forma
1123 3123 1255 3154 masculi
1280 3131 1371 3156 natu—

304 3166 406 3196 raliter
430 3166 686 3202 concumbentis;
718 3176 802 3197 nunc
827 3173 935 3197 contra
958 3174 1120 3204 naturam;
1152 3178 1237 3199 nunc
1260 3168 1293 3198 in
1318 3178 1371 3199 eo-

305 3210 377 3239 dem
401 3219 494 3246 sexu;
520 3221 604 3241 nunc
628 3211 660 3241 in
685 3210 788 3241 forma
810 3211 942 3247 bestiae;
968 3222 1053 3243 nunc
1070 3212 1101 3242 in
1119 3211 1223 3243 forma
1240 3222 1371 3244 consan-

304 3253 427 3293 guinei;
453 3265 538 3285 nunc
560 3254 592 3284 in
617 3254 719 3285 forma
738 3255 871 3286 alicuius
888 3256 995 3293 sancti,
1014 3257 1281 3288 concumbentem
1297 3267 1370 3288 cum

306 3296 431 3328 femina.
462 3299 535 3329 Non
560 3299 645 3329 enim
668 3299 767 3340 liquet
791 3309 830 3330 an
854 3300 917 3330 sint
946 3300 1022 3331 haec
1046 3301 1155 3332 omnia
1179 3301 1275 3332 unius
1301 3311 1370 3342 spe-

307 3341 373 3371 ciei.
401 3359 421 3364 —
445 3343 532 3373 Tum
563 3350 692 3383 propter
721 3343 928 3375 differentiam
960 3345 1033 3385 plus
1065 3355 1163 3386 quarn
1192 3346 1371 3386 generiem

306 3385 386 3415 inter
409 3386 599 3417 daemonem
622 3394 651 3418 et
674 3388 776 3419 bruta.

366 3429 524 3466 Quartum
554 3431 683 3462 dubium
702 3432 719 3451 *
746 3440 807 3468 est,
833 3443 871 3462 an
902 3440 1067 3473 peccatum
1095 3433 1284 3465 concubitus
1312 3433 1369 3464 viri

308 3482 381 3503 cum
405 3473 536 3504 muliere
565 3482 648 3505 extra
676 3486 729 3505 vas
754 3476 896 3507 debitum
920 3477 959 3507 sit
983 3478 1125 3508 eiusdem
1149 3478 1263 3519 speciei
1294 3488 1369 3509 cum

307 3516 375 3546 aliis
391 3517 526 3557 peccatis
542 3517 621 3548 circa
637 3520 771 3549 modurn
788 3521 1031 3553 concumbendi.
1056 3522 1096 3552 Et
1116 3530 1162 3554 est
1185 3522 1265 3554 ratio
1281 3521 1369 3553 dubii

307 3567 377 3591 tum
400 3561 475 3602 quia
498 3570 626 3602 apparet
655 3562 705 3593 hic
729 3563 888 3594 diversitas
912 3565 1071 3604 specifica:
1105 3566 1180 3607 quia
1203 3576 1240 3598 ex
1263 3567 1368 3607 primo

308 3615 373 3635 non
397 3612 501 3645 potest
524 3606 612 3646 sequi
636 3607 809 3646 generatio,
835 3618 871 3638 ex
894 3609 960 3639 aliis
985 3610 1038 3640 sic.
1071 3610 1111 3641 Et
1134 3618 1240 3642 tamen
1263 3611 1296 3641 in
1319 3611 1368 3642 lit-

1429 1798 1494 1822 tera
1517 1792 1614 1823 simul
1645 1800 1812 1833 ponuntur
1835 1793 1894 1823 sub
1919 1792 2138 1824 contrarietate
2162 1793 2201 1823 ad
2225 1793 2361 1824 modum
2385 1801 2503 1824 concu-

1429 1836 1522 1868 bitus.
1547 1854 1568 1860 -
1587 1837 1676 1867 Tum
1692 1836 1768 1878 quia
1783 1836 1853 1867 talis
1869 1836 2058 1868 concubitus
2074 1836 2218 1868 eiusdem
2234 1836 2349 1879 speciei
2365 1843 2412 1868 est
2428 1846 2502 1869 cum

1428 1887 1558 1921 peccato
1583 1881 1794 1918 sodomitico,
1820 1890 1895 1912 cum
1918 1881 2083 1912 masculus
2106 1882 2139 1912 in
2163 1881 2343 1912 masculum
2367 1881 2503 1922 turpitu-

1427 1925 1534 1956 dinem
1558 1930 1715 1966 operatur
1727 1925 1755 1955 *.

1487 1969 1640 2007 Quintum
1664 1969 1795 2000 dubium
1807 1969 1825 1988 *
1848 1976 1895 2000 est
1913 1969 1988 2010 quia
2002 1969 2148 2010 superius
2162 1969 2196 1989 ¹⁸*
2211 1969 2334 2001 dictum
2348 1975 2396 2000 est
2413 1969 2503 2011 quod
2531 1974 2546 1996 ι’

1427 2013 1615 2044 concubitus
1640 2013 1696 2044 viri
1720 2013 1900 2045 voluntarie
1933 2023 1999 2044 non
2029 2013 2214 2045 seminantis
2237 2019 2269 2045 et
2291 2013 2434 2044 mulieris
2457 2022 2503 2045 se-

1427 2057 1578 2091 minantis
1600 2065 1647 2089 est
1670 2065 1781 2089 contra
1797 2065 1954 2089 naturam.
1978 2057 2020 2089 Et
2042 2065 2151 2089 tamen
2173 2058 2236 2089 hoc
2259 2064 2428 2099 peccatum
2442 2057 2503 2091 sub

1427 2102 1518 2133 nullo
1542 2102 1679 2134 istorum
1702 2109 1842 2144 quatuor
1865 2103 2039 2134 modorum
2072 2101 2239 2134 clauditur:
2264 2102 2421 2144 quoniam
2444 2110 2505 2134 ser-

1426 2154 1518 2178 vatur
1538 2146 1643 2178 debita
1659 2147 1789 2188 species,
1814 2147 1938 2178 debitus
1955 2157 2057 2184 sexus,
2082 2147 2226 2178 debitum
2240 2146 2502 2184 instrumentum,

1427 2191 1551 2222 debitus
1576 2192 1703 2228 modus,
1724 2198 1782 2222 etc.

1481 2235 1615 2266 Sextum
1648 2236 1778 2267 dubium
1797 2235 1815 2255 *
1838 2243 1900 2272 est,
1925 2245 1965 2266 an
1994 2235 2104 2266 omnia
2134 2235 2212 2266 haec
2235 2241 2363 2276 peccata
2393 2242 2504 2267 contra

1426 2286 1574 2310 naturam
1598 2280 1660 2310 sint
1682 2286 1811 2321 peccata
1825 2279 1980 2311 mortalia.
2006 2280 2047 2310 Et
2066 2287 2112 2311 est
2131 2279 2211 2310 ratio
2226 2279 2315 2311 dubii
2339 2279 2414 2322 quia
2431 2290 2502 2322 pec-

1425 2330 1533 2355 catum
1556 2324 1590 2354 in
1614 2324 1684 2355 solo
1709 2324 1809 2354 modo
1834 2333 1900 2355 non
1924 2324 2048 2355 videtur
2070 2330 2238 2365 peccatum
2261 2324 2407 2356 mortale.

1483 2368 1535 2400 111.
1559 2368 1611 2399 Ad
1633 2369 1778 2409 primum
1807 2368 1937 2399 dubium
1967 2368 2138 2399 dicendum
2162 2368 2262 2410 quod,
2286 2378 2362 2399 cum
2385 2369 2501 2399 bonum

1426 2418 1606 2454 consurgat
1629 2422 1671 2444 ex
1694 2422 1793 2443 causa
1817 2413 1958 2454 integra,
1980 2413 2102 2443 malum
2126 2418 2234 2443 autem
2259 2421 2301 2443 ex
2317 2409 2500 2453 particula-

1426 2457 1515 2489 ribus
1537 2457 1758 2499 defectibus*;
1784 2464 1815 2488 et
1838 2457 1919 2487 ordo
1943 2457 2094 2488 naturalis
2114 2463 2202 2488 actus
2226 2455 2359 2487 humani
2375 2455 2500 2488 venerei
2530 2467 2539 2476 ·

1427 2502 1527 2532 multa
1551 2501 1668 2542 exigat:
1704 2511 1903 2543 consequens
1935 2507 1982 2532 est
2011 2501 2101 2542 quod
2130 2500 2254 2532 malum
2282 2500 2357 2532 dicti
2381 2499 2502 2532 ordinis

1426 2553 1597 2586 consurgat
1613 2556 1650 2577 ex
1665 2545 1839 2578 defectibus
1855 2545 2058 2586 singulorum
2075 2545 2303 2586 requisitorum
2319 2545 2358 2576 ad
2378 2545 2501 2576 dictum

1426 2590 1588 2626 ordinem;
1614 2597 1644 2621 et
1668 2597 1900 2631 consequenter
1927 2591 2017 2632 quod
2040 2589 2160 2630 species
2184 2589 2346 2620 malorum
2369 2586 2502 2632 opposi-

1425 2642 1533 2666 torum
1558 2634 1642 2665 dicto
1666 2634 1770 2666 ordini
1794 2634 1989 2675 accipiantur
2011 2644 2108 2676 penes
2127 2633 2322 2665 diversarum
2339 2633 2502 2665 rationum

1424 2679 1510 2710 bona
1535 2689 1571 2710 ex
1594 2679 1711 2720 quibus
1736 2678 1899 2719 consurgit
1922 2679 2002 2710 ordo
2023 2678 2173 2710 naturalis
2196 2685 2284 2710 actus
2300 2677 2433 2709 humani
2447 2687 2501 2709 ve·

1426 2724 1520 2755 nerei.
1553 2723 1688 2755 Constat
1715 2730 1824 2754 autem
1856 2724 1946 2764 quod
1977 2723 2127 2755 naturalis
2156 2723 2237 2754 ordo
2265 2729 2353 2755 actus
2375 2722 2502 2754 venerei

1425 2767 1569 2804 humani,
1587 2767 1638 2799 cui
1658 2767 1774 2799 directe
1794 2768 2003 2799 contrariatur
2019 2774 2186 2809 peccatum
2201 2776 2374 2798 venereum
2390 2773 2500 2798 contra

1425 2819 1588 2848 naturam,
1614 2812 1758 2844 consistit
1780 2812 1813 2843 in
1837 2812 1999 2854 quinque:
2030 2812 2152 2853 primo,
2178 2811 2211 2842 in
2239 2811 2428 2848 concubitu;
2453 2820 2500 2842 se·
2521 2832 2525 2833 γ

1425 2857 1543 2893 cundo,
1568 2857 1759 2893 hominum;
1783 2857 1886 2894 tertio,
1911 2856 2078 2898 utriusque
2102 2865 2212 2892 sexus;
2237 2858 2363 2898 quarto,
2388 2864 2500 2892 secun-

1425 2901 1504 2932 dum
1536 2901 1703 2942 utriusque
1738 2901 1892 2932 naturalia
1925 2901 1964 2932 ad
1997 2901 2236 2942 generationem
2268 2900 2496 2936 instrumenta;

1424 2945 1550 2987 quinto,
1567 2946 1745 2977 secundum
1765 2945 1909 2976 debitum
1931 2946 2077 2976 modum.
2101 2947 2148 2976 Ac
2171 2954 2228 2985 per
2248 2945 2321 2981 hoc,
2337 2943 2499 2979 mollities.

1424 2990 1540 3022 directe
1570 2990 1686 3022 tollens
1715 2990 1839 3021 bonum
1870 2990 2076 3026 concubitus;
2108 2996 2139 3020 et
2166 2987 2352 3025 bestialitas,
2384 2988 2500 3019 directe

1424 3035 1539 3065 tollens
1562 3035 1688 3065 bonum
1711 3034 1827 3075 speciei
1850 3034 2025 3071 humanam
2057 3041 2088 3065 et
2111 3033 2276 3069 sodomia,
2301 3032 2416 3064 directe
2439 3032 2499 3063 tol-

1423 3079 1492 3110 lens
1515 3079 1639 3110 bonum
1663 3089 1755 3110 sexus
1770 3078 1804 3109 in
1819 3078 2005 3120 supposito;
2025 3085 2055 3110 et
2070 3084 2237 3119 peccatum
2259 3076 2497 3108 innominatum

1424 3123 1541 3154 directe
1565 3123 1679 3154 tollens
1703 3124 1827 3154 bonum
1850 3123 2001 3154 naturalis
2023 3121 2243 3158 instrumenti;
2276 3127 2307 3152 et
2330 3128 2499 3161 peccatum

1424 3177 1556 3209 quoque
1571 3166 1812 3199 innominatum
1828 3167 1943 3198 directe
1957 3167 2073 3198 tollens
2088 3166 2212 3197 bonum
2227 3165 2378 3196 naturalis
2391 3164 2498 3202 modi;

1424 3212 1619 3243 diversarum
1643 3211 1805 3243 rationum
1828 3211 1903 3242 vitia
1936 3217 2044 3242 contra
2068 3217 2215 3241 naturam
2239 3210 2429 3240 constituere
2452 3209 2497 3240 vi-

1424 3256 1548 3287 dentur.
1568 3255 1656 3286 Nihil
1669 3256 1755 3286 enim
1768 3255 1842 3287 huic
1859 3254 2029 3286 diversitati
2042 3254 2171 3285 obstans
2187 3260 2319 3295 apparet
2333 3253 2392 3284 nisi
2407 3253 2498 3296 quod

1424 3301 1535 3331 omnia
1558 3300 1635 3332 haec
1657 3301 1743 3331 bona
1766 3305 1896 3340 propter
1919 3308 2021 3330 unum
2036 3298 2184 3330 videntur
2203 3308 2280 3335 esse,
2304 3297 2423 3331 scilicet
2440 3297 2497 3329 bo-

1424 3355 1503 3376 num
1527 3345 1762 3376 conservandae
1784 3343 1898 3384 speciei
1922 3343 2099 3374 humanae:
2129 3343 2168 3374 ad
2192 3342 2254 3374 hoc
2277 3342 2365 3374 enim
2387 3341 2498 3374 omnia

1424 3389 1502 3420 haec
1525 3399 1543 3419 a
1567 3395 1680 3420 natura
1704 3388 1892 3420 ordinantur
1915 3394 1950 3419 ut
1973 3387 2014 3418 ad
2035 3386 2144 3418 finem.
2176 3387 2238 3418 Sed
2263 3387 2326 3418 hoc
2350 3396 2416 3418 non
2439 3386 2496 3429 ob-

1424 3440 1499 3465 stat:
1525 3433 1600 3474 quia
1622 3433 1680 3464 ista
1704 3433 1748 3463 sic
1770 3438 1844 3463 sunt
1866 3432 1951 3462 bona
1974 3438 2104 3473 propter
2120 3432 2369 3463 conservandam
2384 3431 2496 3462 huma-

1424 3487 1499 3508 nam
1516 3476 1664 3517 speciem,
1678 3483 1714 3508 ut
1726 3475 1820 3507 etiam
1837 3475 2014 3507 secundum
2031 3476 2133 3517 seipsa
2149 3475 2211 3507 sint
2226 3476 2384 3518 quaedam
2400 3475 2494 3511 bona,

1423 3531 1505 3562 quae
1538 3531 1593 3562 per
1627 3521 1704 3552 haec
1735 3527 1863 3565 peccata
1892 3520 2059 3552 tolluntur.
2090 3521 2173 3551 Nam
2205 3519 2394 3551 concubitus
2427 3518 2495 3559 ipse

1422 3566 1547 3596 bonum
1570 3565 1723 3606 importat
1746 3564 1922 3596 formaliter
1945 3564 2180 3596 coniunctionis
2203 3564 2284 3596 inter
2306 3563 2446 3595 activum
2465 3569 2496 3593 et

1422 3610 1600 3651 passivum:
1625 3609 1714 3650 quod
1738 3615 1861 3640 constat
1884 3609 2061 3640 secundum
2080 3619 2112 3640 se
2132 3618 2199 3640 esse
2215 3609 2340 3640 bonum
2355 3607 2386 3638 in
2404 3606 2493 3638 omni

2530 2248 2541 2259 ⁴
2553 2246 2590 2269 ct.
2606 2251 2671 2269 aun.
2685 2251 2708 2268 x.
