2768 4198
73 734 82 744 ⁸
94 733 149 755 Can.
161 733 189 754 Si
197 733 281 761 priva-

70 762 123 781 lum.

66 1307 147 1338 [can.
167 1306 234 1328 Vobis
252 1312 276 1327 e-

62 1340 108 1356 rum
123 1337 145 1354 et
159 1339 210 1361 sqq.

61 2254 70 2263 ⁸
85 2252 120 2274 Cf.
141 2259 204 2275 num.
225 2259 274 2281 seq.

61 2432 73 2445 '⁴
86 2432 123 2454 Cf.
137 2438 202 2454 num.
218 2438 248 2454 rv.

65 2967 74 2976 ⁸
88 2965 123 2988 Cf.
140 2972 203 2988 num.
218 2973 239 2987 v.

66 3059 73 3068 ⁸
90 3057 158 3086 Reap.
173 3058 200 3079 ad
215 3064 234 3087 3.

311 257 388 302 482

929 253 1197 300 QUAESTIO
1229 251 1461 299 CLXXXV,
1492 252 1792 290 ARTICULUS
1821 253 1890 290 Vll

984 382 1318 414 Commentario,
1342 380 1594 413 cardinalis
1616 381 1816 416 Caietam

342 475 361 494 N
385 464 518 495 articulo
550 464 687 504 septimo
719 462 860 492 eiusdem
891 460 1104 501 quaestionis,
1138 460 1303 490 sciendum
1336 459 1410 500 estJ

314 477 430 550 Iquod
454 509 534 539 inter
564 509 648 538 bona
676 506 816 546 episcopi
843 505 972 545 propria
995 511 1026 535 et
1057 504 1265 535 ecclesiastica
1295 503 1381 534 diffe-
1408 537 1409 542 ¹

311 554 408 584 rentia
432 553 465 583 in
489 553 588 583 tribus
613 550 798 581 attenditur:
825 549 941 589 primo,
966 549 998 579 in
1023 549 1134 585 titulo;
1167 549 1324 585 secundo,
1349 548 1382 578 in
1408 563 1409 596 ξ

311 607 387 633 usu;
413 597 514 632 tertio,
540 596 572 626 in
597 594 804 625 restitutione.
829 595 913 624 Nam
937 600 1080 634 respectu
1101 593 1307 633 propriorum
1327 593 1383 623 ha-

309 686 402 716 habet
425 685 553 715 titulum
578 683 814 723 dispensatoris,
840 689 875 713 ut
898 690 984 722 patet
1007 693 1044 713 ex
1068 682 1254 713 auctoritate
1270 685 1381 723 Augu-

363 773 546 804 Differenter
569 782 700 812 quoque
725 772 873 802 convenit
899 778 1111 812 utrorumque
1127 782 1216 802 usus.
1241 772 1324 802 Nam
1348 771 1380 801 in

307 829 366 848 usu
392 817 596 857 propriorum
613 817 691 846 liber
715 822 775 846 est:
800 826 858 846 nec
883 823 992 856 peccat
1008 816 1067 846 nisi
1084 816 1165 847 sicut
1187 816 1285 846 laicos
1309 825 1380 856 pec-

307 873 375 893 care
399 861 555 901 contingit
577 861 610 891 in
636 871 695 891 usu
721 870 827 890 rerum
852 871 993 897 suarum,
1020 861 1139 892 scilicet
1162 871 1199 891 ex
1222 867 1311 901 parte
1335 860 1380 890 af-

306 907 405 936 fectus
429 905 609 941 inordinati,
627 913 662 935 ut
678 905 709 935 in
733 905 835 935 littera
859 905 982 936 dicitur.
1009 906 1168 946 Respectu
1192 912 1301 936 autem
1332 915 1381 936 ec·
1407 923 1408 929 κ

305 950 552 981 clesiasticorum
569 960 634 980 non
660 956 706 980 est
729 950 816 986 liber,
834 950 888 980 sed
914 950 1072 990 obligatus
1096 951 1135 980 ad
1153 949 1304 980 creditam
1321 949 1380 980 sibi
1407 951 1408 961 ¹

304 994 574 1034 dispensationem
605 993 738 1024 fideliter
762 995 990 1035 exequendam.
1017 995 1057 1026 Et
1080 995 1154 1025 hinc
1178 1001 1315 1034 oportet,
1346 1001 1382 1025 ut

303 1040 334 1069 in
360 1039 460 1069 littera
483 1038 536 1075 fit,
563 1038 788 1079 distinguendo
815 1039 978 1079 colligere,
1004 1046 1034 1070 et
1058 1039 1240 1079 colligendo
1271 1038 1381 1069 distin-

303 1094 408 1124 guere,
426 1093 462 1114 ex
486 1083 596 1119 littera,
611 1084 698 1125 quod
716 1083 878 1124 tripliciter
893 1084 1055 1115 invenitur
1071 1083 1279 1115 ecclesiastica
1294 1084 1379 1114 bona

304 1128 473 1159 commissa
490 1138 556 1158 esse
577 1127 649 1158 fidei
670 1127 822 1169 episcopi.
839 1128 958 1165 Primo,
977 1136 1051 1160 sunt
1074 1130 1160 1159 bona
1183 1128 1380 1169 quandoque

303 1173 497 1209 communia,
518 1183 600 1213 quae
625 1183 661 1203 ex
691 1173 759 1203 iure
784 1173 930 1203 distincta
953 1173 1160 1207 inveniuntur
1183 1173 1216 1203 in
1240 1180 1381 1213 quatuor

303 1225 423 1257 partes:
450 1224 546 1257 prout
562 1217 738 1259 antiquitus
759 1224 856 1248 erant.
882 1218 923 1248 Et
946 1225 1023 1249 tunc
1040 1218 1194 1249 servanda
1209 1224 1255 1248 est
1272 1217 1379 1258 regula

303 1272 383 1303 quae
408 1262 440 1291 in
464 1261 565 1292 littera
581 1262 721 1302 ponitur,
743 1269 773 1293 et
795 1262 930 1293 habetur
953 1273 990 1293 ex
1013 1262 1122 1294 multis
1147 1262 1294 1303 capitulis
1317 1263 1379 1293 De-

302 1314 479 1343 cretorum,
505 1307 581 1343 XII,
607 1317 662 1347 qu.
687 1318 709 1338 11
731 1307 758 1338 *.
784 1307 840 1343 Et,
867 1314 902 1337 ut
926 1307 1041 1338 dicitur
1064 1308 1097 1338 in
1125 1307 1245 1344 littera,
1270 1314 1381 1348 peccat

302 1351 477 1382 mortaliter
511 1351 682 1391 episcopus
715 1352 903 1392 usurpando
941 1352 999 1383 sibi
1033 1352 1154 1393 aliquid
1190 1352 1380 1393 portionum

301 1396 369 1427 aliis
395 1395 582 1426 debitarum.
615 1397 656 1427 Et
685 1397 789 1428 multo
820 1397 921 1437 magis
938 1404 1046 1437 peccat
1070 1397 1095 1428 si
1119 1407 1186 1428 non
1211 1397 1319 1428 solum
1343 1407 1380 1428 ex

301 1443 378 1477 iure,
403 1442 457 1471 sed
481 1441 518 1471 de
543 1440 627 1471 facto
653 1441 799 1473 distincta
823 1442 909 1472 bona
931 1449 1065 1483 usurpat
1087 1442 1164 1472 sibi:
1190 1449 1224 1473 ut
1249 1441 1274 1472 si
1290 1452 1379 1482 prae·
1405 1453 1406 1458 ¹

301 1486 438 1518 bendam
462 1485 626 1522 canonici,
651 1494 706 1517 aut
729 1486 914 1527 portionem
938 1486 1124 1527 deputatam
1147 1486 1299 1523 fabricae,
1325 1494 1381 1518 aut

301 1533 385 1562 bona
408 1530 617 1571 hospitalium
641 1530 700 1562 sibi
730 1537 904 1572 usurparet.
929 1549 950 1554 -
973 1531 1142 1568 Secundo,
1169 1531 1380 1562 committitur

301 1576 452 1617 episcopo
469 1575 681 1616 dispensanda
704 1575 810 1616 portio
828 1586 896 1607 sua.
921 1576 962 1607 Et
982 1583 1126 1618 respectu
1146 1575 1243 1607 huius
1264 1575 1380 1607 dicitur

300 1622 332 1652 in
357 1621 458 1652 littera
473 1621 562 1662 quod
585 1620 618 1650 in
642 1630 703 1651 usu
729 1631 794 1651 non
813 1628 922 1661 peccat
946 1621 1006 1652 nisi
1030 1621 1112 1652 sicut
1135 1627 1280 1661 respectu
1305 1631 1379 1661 pro-

301 1666 461 1707 priorum,
487 1665 605 1697 scilicet
632 1675 669 1696 ex
692 1672 780 1705 parte
804 1665 944 1697 affectus.
969 1684 988 1688 —
1013 1665 1141 1702 Tertio,
1167 1665 1379 1696 committitur

301 1712 495 1752 quandoque
512 1710 666 1750 episcopo
684 1710 916 1750 dispensandus
933 1720 1060 1741 annuus
1076 1709 1195 1741 reditus
1212 1709 1378 1741 distinctus

301 1767 318 1786 a
343 1755 527 1797 praebendis
559 1755 747 1786 clericorum
776 1762 807 1786 et
834 1754 986 1786 reditibus
1010 1754 1235 1796 hospitalium:
1261 1762 1297 1786 ut
1319 1755 1379 1786 ho—

301 1802 350 1831 die
375 1801 589 1832 communiter
618 1799 786 1831 invenitur.
820 1800 861 1831 Et
884 1806 961 1831 tunc
985 1799 1184 1831 difficultates
1207 1806 1274 1831 tam
1298 1799 1378 1831 circa

301 1857 414 1883 usum,
439 1855 537 1887 quam
561 1845 642 1876 circa
673 1844 925 1881 restitutionem,
949 1844 1042 1876 tertio
1066 1845 1140 1875 loco
1165 1844 1376 1885 propositam,

299 1892 478 1931 insurgunt.

355 1937 438 1967 Nam
463 1942 606 1976 respectu
631 1934 853 1976 propriorum,
879 1934 1000 1966 clarum
1031 1941 1077 1965 est
1100 1934 1205 1975 quod,
1232 1934 1327 1965 etiam
1352 1934 1378 1965 si

300 1981 360 2012 illis
385 1981 534 2018 abutitur,
560 1990 626 2011 non
650 1986 775 2010 tenetur
799 1980 839 2010 ad
862 1978 1105 2011 restitutionem.
1131 1996 1152 2002 -
1175 1979 1217 2010 Et
1240 1989 1297 2020 per
1318 1989 1377 2019 op-

299 2026 453 2067 positum,
471 2031 615 2067 respectu
640 2024 924 2056 ecclesiasticorum
941 2031 1007 2055 tam
1031 2023 1257 2054 communium
1278 2034 1378 2066 quam

301 2070 534 2108 distinctorum,
560 2070 585 2101 si
610 2069 667 2100 sibi
692 2069 813 2108 aliquid
837 2076 979 2109 usurpat,
1005 2068 1125 2099 clarum
1150 2075 1197 2099 est
1220 2069 1309 2109 quod
1334 2076 1377 2099 te-

301 2123 393 2146 netur
417 2116 455 2146 ad
479 2115 724 2147 restitutionem.
750 2132 771 2138 -
794 2114 842 2144 De
867 2113 1015 2154 portione
1043 2120 1151 2144 autem
1175 2123 1247 2150 sua,
1273 2113 1298 2144 si
1324 2114 1376 2144 ab·

302 2161 410 2197 utitur,
429 2170 494 2191 non
518 2166 644 2191 tenetur
666 2159 839 2196 restituere,
857 2158 939 2189 sicut
962 2168 1020 2189 nec
1045 2168 1120 2189 cum
1145 2159 1287 2190 abutitur
1303 2169 1378 2199 pro-

301 2206 392 2246 priis:
418 2205 573 2245 quoniam
597 2203 700 2234 simile
725 2211 771 2235 est
791 2203 947 2235 iudicium
971 2204 1010 2234 de
1035 2203 1188 2244 utrisque.

360 2250 395 2280 II.
425 2249 482 2280 Est
512 2259 587 2289 ergo
618 2249 720 2289 prima
751 2248 896 2290 quaestio
914 2248 948 2278 ⁸⁸:
976 2251 1028 2279 An
1057 2248 1227 2289 episcopus
1257 2248 1377 2279 habens

302 2294 421 2324 reditus
452 2303 528 2324 suos
559 2293 723 2324 distinctos
747 2304 764 2323 a
788 2293 975 2334 praebendis
1006 2293 1209 2328 clericorum,
1234 2299 1378 2323 teneatur

303 2338 342 2368 ad
367 2337 616 2378 dispensandum
648 2337 720 2368 illos
743 2337 776 2368 in
801 2337 937 2378 reliquas
968 2337 1147 2377 portiones,
1173 2343 1250 2377 puta
1278 2347 1377 2367 unam

303 2393 362 2423 pro
386 2382 503 2413 fabrica
526 2389 557 2413 et
581 2392 679 2412 unam
707 2392 766 2422 pro
795 2381 1005 2422 pauperibus:
1032 2392 1070 2412 an
1096 2392 1156 2412 suo
1182 2381 1379 2422 relinquatur

303 2427 431 2458 arbitrio
453 2426 657 2466 dispensatio.
675 2444 695 2450 -
713 2427 859 2457 Secunda
873 2426 908 2456 *:
934 2429 984 2457 An
1005 2426 1075 2457 talis
1092 2426 1228 2457 infidelis
1253 2426 1378 2467 dispen-

304 2480 390 2503 sator
413 2478 557 2503 teneatur
581 2471 620 2501 ad
644 2471 892 2503 restitutionem.

360 2517 416 2548 Est
439 2523 547 2547 autem
559 2516 661 2556 primi
675 2516 765 2547 dubii
783 2517 867 2547 ratio
883 2515 969 2556 quia,
990 2525 1027 2546 ex
1043 2526 1110 2556 quo
1130 2516 1216 2547 bona
1235 2515 1379 2556 episcopi

303 2561 531 2602 dispensationi
555 2559 726 2591 commissa
750 2567 825 2592 sunt
847 2560 1028 2591 indistincta
1052 2571 1069 2591 a
1094 2560 1296 2601 portionibus
1325 2561 1377 2591 de-

302 2606 374 2637 bitis
398 2605 592 2647 pauperibus
613 2612 644 2635 et
668 2604 812 2642 fabricae,
829 2615 1029 2646 consequens
1044 2604 1168 2636 videtur
1191 2606 1280 2646 quod
1304 2604 1377 2636 fidei

302 2650 445 2691 episcopi
461 2649 567 2681 relicta
586 2656 633 2680 est
652 2649 812 2680 distinctio
829 2649 1025 2691 reliquarum
1042 2649 1244 2690 portionum:
1270 2660 1305 2681 ac
1322 2660 1379 2691 per

302 2696 375 2732 hoc,
400 2702 545 2726 teneatur
568 2694 608 2724 ad
630 2694 705 2725 istas
729 2694 957 2726 distinctiones.

360 2740 393 2770 In
425 2739 615 2780 oppositum
643 2745 751 2770 autem
781 2746 828 2770 est
859 2739 934 2780 quia
963 2739 1149 2770 huiusmodi
1179 2739 1298 2770 reditus
1330 2739 1376 2770 vi-

303 2786 395 2816 detur
418 2783 632 2825 principaliter
662 2783 826 2814 ordinatus
851 2784 890 2814 ad
922 2783 1186 2814 sustentationem
1217 2783 1375 2825 episcopi:

303 2837 333 2861 et
357 2830 438 2861 sicut
461 2828 658 2870 praebendae
682 2828 871 2859 clericorum
891 2835 1110 2859 successerunt
1132 2828 1273 2870 portioni
1290 2829 1377 2860 cleri—

303 2875 346 2906 cis
370 2873 502 2910 debitae,
525 2873 568 2905 ita
591 2872 760 2913 hospitalia
784 2880 1003 2904 successerunt
1026 2873 1166 2914 portioni
1183 2873 1377 2915 pauperibus

304 2919 438 2956 debitae,
462 2925 520 2949 etc.

348 2963 488 2995 Secundi
511 2972 587 2994 vero
617 2961 705 2993 dubii
736 2963 821 2993 ratio
841 2962 858 2981 *
882 2969 929 2993 est
953 2962 1028 3003 quia
1053 2965 1176 2993 Auctor
1204 2962 1237 2994 in
1261 2962 1374 2999 littera,

303 3008 434 3050 quando
457 3008 543 3039 bona
567 3006 738 3038 commissa
762 3006 835 3037 fidei
859 3006 1003 3047 episcopi
1027 3013 1101 3038 sunt
1122 3006 1313 3044 indistincta,
1331 3007 1376 3038 ni-

304 3053 347 3084 hil
371 3052 446 3084 dicit
470 3052 508 3083 de
533 3051 742 3083 restitutione.
768 3051 872 3082 Immo
896 3051 929 3082 in
956 3051 1122 3089 Quolibeto
1138 3052 1191 3087 VI,
1216 3059 1272 3083 art.
1296 3061 1332 3083 12
1349 3052 1375 3089 ⁴¹,

304 3097 378 3128 dicit
401 3097 491 3138 quod
514 3096 644 3137 quando
675 3095 794 3127 reditus
825 3095 1039 3137 principaliter
1070 3095 1235 3127 ordinatur
1257 3096 1297 3127 ad
1325 3107 1376 3127 su-

303 3142 527 3173 stentationem
547 3140 778 3176 ministrorum,
795 3147 839 3171 -ut
858 3147 934 3171 sunt
956 3141 1153 3181 praebendae
1177 3141 1377 3178 clericorum,

305 3197 369 3217 non
394 3193 518 3217 tenetur
533 3186 666 3216 abutens
683 3185 722 3215 ad
738 3185 982 3216 restitutionem.
1009 3184 1144 3217 Constat
1160 3192 1266 3217 autem
1287 3186 1377 3227 quod

304 3231 421 3262 reditus
446 3230 588 3271 episcopi
613 3236 658 3260 est
682 3229 763 3261 sicut
788 3230 966 3270 praebenda
990 3229 1085 3261 illius.

362 3276 395 3305 In
420 3274 608 3316 oppositum
632 3281 740 3305 autem
764 3281 810 3304 est
833 3274 922 3315 quod
955 3281 1139 3315 sequeretur
1162 3275 1251 3316 quod
1277 3284 1377 3305 mere-

305 3319 396 3349 trices
419 3326 448 3349 et
473 3317 699 3359 consanguinei
731 3318 819 3350 ditati
843 3319 881 3349 ab
910 3318 1068 3361 episcopis
1099 3318 1231 3360 prodige
1262 3329 1377 3350 consu-

306 3363 464 3394 mentibus
489 3363 606 3394 reditus
630 3373 716 3400 suos,
741 3373 807 3394 non
831 3369 963 3403 possent
986 3363 1057 3404 cogi
1082 3363 1121 3394 ad
1144 3363 1377 3395 restituendum

307 3407 465 3438 ecclesiae.
490 3408 588 3444 Quod
612 3407 703 3438 valde
727 3408 902 3439 absurdum
927 3415 982 3438 est.

363 3451 414 3482 111.
432 3451 482 3481 Ad
497 3451 634 3491 primam
647 3452 760 3482 harum
778 3452 1005 3493 quaestionum
1022 3452 1137 3483 dicitur
1151 3451 1376 3491 distinguendo

307 3495 396 3536 quod
427 3495 543 3525 reditus
574 3495 768 3535 episcopales
800 3503 854 3527 aut
882 3503 956 3527 sunt
985 3503 1105 3532 tenues,
1130 3496 1172 3527 ita
1195 3496 1284 3537 quod
1309 3495 1376 3527 suf·

307 3539 412 3570 ficiant
435 3549 493 3579 pro
511 3539 652 3569 subsidio
677 3540 834 3580 episcopi;
860 3547 915 3571 aut
931 3548 1005 3571 sunt
1028 3540 1214 3577 mediocres,
1231 3540 1273 3571 ita
1288 3540 1376 3581 quod

307 3583 468 3614 sufficiunt
497 3590 527 3614 et
557 3593 670 3624 parum
699 3584 874 3620 abundant;
905 3591 959 3615 aut
988 3591 1062 3615 sunt
1090 3585 1286 3615 abundantes
1317 3593 1376 3614 no-

1436 460 1572 491 tabiliter
1603 471 1698 502 supra
1733 462 1765 492 id
1795 464 1886 504 quod
1919 465 2131 495 necessarium
2165 472 2211 495 est
2241 466 2280 495 ad
2311 465 2514 497 sustentatio-

1436 513 1512 534 nem
1535 505 1688 545 episcopi.
1714 507 1755 538 Et
1779 507 1804 537 si
1829 508 1934 548 primo
1959 516 2015 539 aut
2038 510 2180 540 secundo
2205 509 2305 540 modo
2331 519 2363 540 se
2386 509 2513 546 habent,

1436 558 1511 579 cum
1547 556 1671 580 constet
1704 551 1794 591 quod
1829 552 2044 593 principaliter
2079 554 2267 585 ordinantur
2299 555 2339 584 ad
2371 554 2515 595 episcopi

1408 599 1409 640 J
1436 594 1718 630 sustentationem,
1746 595 1834 626 idem
1857 596 1982 628 videtur
2012 598 2052 629 de
2081 598 2235 629 reditibus
2265 599 2332 630 istis
2356 598 2514 630 iudicium

310 643 362 672 bet
385 641 552 682 episcopus
577 639 707 669 titulum
738 638 887 668 dominii:
919 645 1064 678 respectu
1094 638 1382 669 ecclesiasticorum
1408 643 1409 646 ’

1435 639 1524 680 quod
1550 639 1588 669 de
1612 639 1801 680 praebendis
1824 640 2030 672 clericorum:
2055 642 2099 673 ita
2121 644 2222 684 quod,
2246 644 2322 684 quia
2345 644 2435 684 quod
2458 653 2514 684 pa·

1408 699 1409 703 =
1435 693 1509 714 rum
1533 693 1570 713 su
1596 684 1772 714 erabundat
1811 694 1847 715 ro
1864 685 1964 716 nihilo
1985 696 2002 716 a
2025 686 2035 716 i
2356 688 2363 694 '
2446 687 2453 694 ”

308 730 379 760 stini
403 729 435 759 in
452 729 551 758 littera
571 727 675 766 allata,
693 736 775 768 quae
791 727 924 757 habetur
944 727 975 757 in
1000 727 1150 763 Decretis,
1169 727 1236 763 XII,
1258 737 1313 767 qu.
1330 726 1379 757 1²⁸¹.
1407 740 1408 743 ¹
1574 694 1594 723 p
1788 694 1808 724 p
2038 696 2094 718 ure
2119 695 2334 729 compatiatur,
2354 688 2429 719 Ideo
2446 698 2515 719 lura

1436 728 1474 758 de
1499 727 1722 759 distributione
1747 727 1779 758 in
1804 735 1852 759 tot
1875 729 2013 770 reliquas
2041 728 2161 771 partes,
2186 732 2304 764 scilicet
2334 742 2513 774 pauperum

1435 779 1466 803 et
1490 771 1637 809 fabricae,
1662 782 1729 803 non
1752 772 1902 804 videntur
1930 774 2046 805 habere
2069 775 2180 806 locum
2203 777 2236 807 in
2260 776 2336 808 istis.
2373 777 2414 808 Et
2438 786 2514 817 pro-

1434 824 1542 857 pterea
1565 827 1632 847 non
1657 817 1840 857 obligantur
1854 818 1941 859 ‘tales
1963 819 2107 860 episcopi
2129 821 2169 851 ad
2196 821 2385 852 huiusmodi
2409 821 2512 852 distri—

1435 862 1615 893 butionem.

1491 906 1524 937 Si
1549 913 1658 937 autem
1687 906 1807 937 reditus
1839 914 1914 938 sunt
1945 907 2079 948 pingues
2110 915 2141 940 et
2171 909 2386 947 abundantes,
2410 910 2454 942 ita
2477 917 2513 941 ut

1434 950 1467 980 in
1492 951 1642 990 sapientis
1666 951 1775 981 animo
1800 951 1910 983 cadere
1941 962 2008 983 non
2031 953 2134 993 possit
2157 954 2248 995 quod
2271 954 2335 986 sint
2357 955 2512 996 episcopo

1434 995 1583 1034 assignati
1615 1005 1673 1036 pro
1708 995 1775 1026 eius
1807 997 2055 1034 sustentatione,
2080 1005 2156 1028 tunc
2187 1005 2311 1029 tenetur
2341 998 2512 1040 episcopus

1434 1039 1513 1070 duas
1538 1047 1666 1081 quartas
1691 1040 1731 1070 ad
1755 1039 1861 1071 minus
1885 1040 2073 1072 distribuere
2095 1042 2182 1073 iuxta
2206 1042 2307 1074 dictos
2331 1053 2470 1074 canones
2484 1043 2511 1080 ¹⁸¹,
2541 1044 2607 1066 ’0¹¹¹

1432 1084 1466 1114 in
1491 1094 1647 1125 pauperes
1679 1091 1710 1116 et
1733 1085 1883 1116 ecclesiae
1913 1085 2066 1117 fabricam
2089 1097 2146 1118 seu
2179 1087 2426 1128 supellectilem,
2451 1094 2511 1120 etc.

1434 1129 1474 1159 Et
1497 1129 1577 1160 ratio
1594 1136 1641 1160 est
1656 1129 1732 1170 quia
1755 1139 1792 1160 ex
1807 1129 1869 1161 hoc
1885 1131 1976 1171 quod
1997 1131 2101 1162 clerici
2123 1131 2242 1163 habent
2257 1142 2404 1164 seorsum
2419 1142 2511 1164 suam

1433 1173 1627 1214 portionem,
1653 1184 1719 1205 non
1744 1181 1791 1205 est
1814 1175 1973 1206 subtracta
1990 1186 2007 1206 a
2023 1175 2092 1207 iure
2115 1177 2310 1218 pauperibus
2326 1177 2433 1218 portio
2450 1177 2512 1208 illis

1433 1218 1539 1250 debita
1564 1228 1600 1249 ex
1623 1219 1710 1255 iure,
1735 1226 1766 1250 et
1789 1219 1934 1251 similiter
1964 1230 2030 1250 non
2061 1229 2108 1253 est
2139 1220 2275 1253 fabricae
2305 1222 2464 1254 subtracta
2494 1232 2511 1253 a

1432 1263 1500 1294 iure
1521 1263 1627 1304 portio
1652 1263 1698 1294 illi
1721 1273 1758 1294 ex
1781 1263 1849 1294 iure
1874 1264 1991 1296 debita:
2017 1265 2072 1296 sed
2096 1266 2182 1296 bona
2197 1265 2391 1307 episcopalia
2413 1276 2513 1299 rema—

1433 1316 1511 1340 nent
1534 1308 1643 1339 affecta
1673 1308 1729 1339 tali
1753 1308 1830 1339 iuris
1863 1309 2074 1349 dispositione
2106 1309 2237 1352 antiqua
2261 1317 2293 1342 et
2318 1317 2435 1342 sancta.
2465 1307 2512 1342 Ita

1433 1354 1522 1394 quod
1551 1353 1850 1394 quemadmodum,
1873 1354 2006 1395 quando
2029 1362 2119 1386 erant
2148 1355 2336 1387 communia
2367 1354 2512 1387 ecclesia·

1432 1398 1509 1429 stica
1533 1399 1618 1429 bona
1642 1397 1691 1428 his
1715 1405 1864 1439 quatuor,
1881 1398 1999 1430 scilicet
2022 1399 2187 1440 episcopo,
2203 1400 2300 1437 clero,
2316 1399 2512 1442 pauperibus

1433 1450 1464 1474 et
1488 1442 1640 1480 fabricae,
1665 1443 1838 1474 commissa
1861 1450 1950 1475 erant
1973 1443 2127 1485 episcopo
2151 1454 2228 1475 cum
2250 1444 2379 1476 vinculo
2403 1452 2434 1476 et
2456 1445 2511 1486 d?

1431 1487 1499 1519 bito
1523 1487 1594 1518 talis
1618 1486 1864 1524 distributionis;
1889 1487 1941 1525 ita,
1967 1488 2095 1519 excluso
2120 1499 2186 1520 uno
2210 1489 2368 1527 membro,
2393 1489 2512 1526 scilicet

1433 1532 1528 1570 clero,
1547 1543 1565 1563 a
1587 1532 1643 1564 tali
1662 1532 1904 1570 communitate,
1927 1532 2003 1575 quia
2026 1533 2090 1564 iam
2115 1533 2234 1566 habent
2252 1532 2399 1576 proprias
2422 1542 2511 1576 prae-

1432 1577 1552 1608 bendas
1567 1577 1642 1608 loco
1659 1585 1735 1608 suae
1751 1577 1919 1617 portionis,
1934 1585 2099 1609 remanent
2115 1578 2201 1610 bona
2212 1578 2406 1620 episcopalia
2421 1588 2510 1620 cona·

1433 1621 1544 1653 munia
1561 1621 1691 1663 reliquis
1710 1621 1827 1659 tribus;
1851 1621 1894 1654 ita
1910 1623 2000 1663 quod
2017 1622 2212 1664 pauperibus
2226 1630 2389 1655 remaneat
2405 1621 2511 1656 debita

1431 1673 1545 1707 quarta
1565 1666 1672 1707 portio
1688 1676 1772 1707 quae
1788 1666 1876 1707 prius
1893 1666 1939 1698 eis
1962 1667 2146 1705 debebatur,
2162 1674 2193 1699 et
2208 1668 2358 1700 ecclesiae
2373 1667 2510 1701 fabricae

1432 1710 1577 1742 similiter
1595 1721 1653 1742 sua
1669 1717 1783 1752 quarta
1797 1711 1914 1751 portio.
1940 1729 1961 1735 -
1984 1711 2118 1743 Videtur
2133 1719 2241 1744 tamen
2264 1713 2365 1754 quod,
2380 1713 2416 1744 in
2434 1723 2508 1745 casu

1431 1755 1625 1786 necessitatis
1649 1765 1839 1796 pauperum,
1855 1763 1964 1796 posset
1987 1756 2094 1797 portio
2118 1756 2268 1788 ecclesiae
2291 1757 2427 1789 fabricae
2441 1767 2508 1793 non

1431 1800 1574 1831 multum
1603 1799 1774 1840 indigentis
1804 1799 1910 1831 debita
1937 1810 1996 1842 pro
2025 1801 2220 1842 pauperibus
2252 1801 2438 1844 dispensari.
2467 1796 2511 1835 E't

2558 1301 2630 1321 ''lrtx
2645 1315 2649 1320 .

2574 1336 2593 1347 .ι
2620 1335 2646 1350 *zm

1431 1845 1493 1875 hoc
1516 1845 1642 1876 videtur
1664 1844 1865 1885 Augustinus
1884 1854 2040 1882 servasse,
2065 1845 2122 1887 qui
2146 1844 2272 1877 fabricis
2293 1854 2405 1878 vacare
2436 1844 2511 1879 Hor—
2619 1846 2634 1853 ⁴¹

1431 1890 1519 1920 rebat
1533 1889 1560 1920 *.
1585 1889 1626 1920 Et
1649 1889 1831 1930 principalis
1854 1889 1991 1921 intentio
2022 1889 2100 1921 iuris
2122 1890 2162 1920 ad
2190 1889 2323 1922 fabricas
2345 1888 2437 1923 vivas
2458 1898 2510 1923 n»

1431 1934 1541 1965 fertur.
2462 1951 2489 1970 „2

1486 1979 1553 2010 Nec
1577 1979 1682 2010 obstat
1705 1977 1731 2009 si
1755 1978 1878 2010 dicatur
1907 1979 1997 2020 quod
2025 1978 2095 2010 iura
2116 1978 2171 2011 illa
2193 1986 2270 2011 sunt
2300 1989 2357 2021 per
2385 1990 2425 2022 co
2476 1990 2510 2026 as

1430 2023 1511 2054 riam
1535 2023 1802 2054 consuetudinem
1826 2024 1992 2065 abrogata,
2017 2023 2136 2055 sciente
2158 2030 2248 2055 tanto
2272 2023 2418 2065 tempore
2427 1987 2510 2064 ugo-

1431 2078 1528 2099 mano
1552 2067 1706 2099 Pontifice
1730 2074 1761 2099 et
1784 2077 1850 2099 non
1874 2068 2134 2109 reprehendente.
2159 2068 2324 2108 Quoniam
2349 2079 2415 2100 non
2433 2071 2512 2104 con‘·

1430 2113 1579 2149 suetudo,
1605 2113 1660 2143 sed
1683 2113 1803 2144 abusus
1818 2120 1875 2144 est.
1900 2112 1942 2144 Et
1965 2112 2111 2144 similiter
2125 2113 2227 2145 multa
2244 2122 2300 2154 per
2323 2113 2510 2155 patientiam

1430 2157 1607 2189 tolerantur
1632 2167 1724 2199 quae,
1741 2157 1767 2188 si
1794 2158 1834 2188 ad
1858 2157 2015 2189 iudicium
2035 2158 2275 2195 deducerentur,
2292 2165 2509 2199 arguerentur.

1486 2202 1627 2239 Rursus,
1653 2203 1728 2233 dato
1749 2202 1839 2243 quod
1862 2202 1931 2233 iura
1960 2202 2015 2233 illa
2037 2203 2187 2244 abrogata
2217 2210 2322 2235 essent
2344 2203 2455 2245 quoad
2472 2203 2509 2240 id

1431 2247 1520 2287 quod
1534 2246 1612 2277 iuris
1636 2255 1682 2278 est
1706 2246 1845 2288 positivi,
1866 2247 1929 2278 hoc
1953 2254 1999 2278 est
2022 2248 2138 2288 quoad¹
2156 2254 2291 2291 quotam
2314 2247 2509 2290 portionem,

1431 2298 1510 2331 puta
1526 2298 1690 2332 quartam:
1716 2301 1782 2322 non
1802 2297 1909 2322 tamen
1925 2298 2063 2332 possunt
2077 2291 2223 2332 abrogari
2239 2292 2348 2333 quoad
2363 2292 2396 2324 id
2419 2290 2509 2335 quod

1431 2342 1478 2366 est
1490 2335 1567 2366 iuris
1584 2335 1692 2372 divini,
1706 2335 1768 2366 hoc
1783 2342 1840 2374 est,
1858 2335 1947 2377 quod
1963 2335 2026 2367 sint
2038 2336 2180 2377 episcopi
2197 2343 2301 2377 patres
2317 2334 2508 2381 pauperum,

1431 2387 1462 2411 et
1484 2380 1682 2420 templorum
1705 2389 1840 2410 suorum
1863 2386 2059 2421 reparatores
2083 2380 2192 2421 quoad
2223 2379 2373 2412 fabricam
2396 2388 2428 2413 et
2455 2391 2509 2414 su-

1430 2425 1633 2466 pellectilem.
1658 2424 1700 2456 Et
1718 2431 1887 2465 propterea
1903 2425 1992 2456 nulla
2007 2424 2130 2456 ratione
2150 2435 2168 2456 a
2183 2424 2268 2456 fideli
2286 2425 2509 2458 distributione

1431 2480 1490 2511 pro
1522 2469 1733 2510 subventione
1757 2475 1970 2512 utrorumque
2001 2475 2209 2501 excusantur:
2240 2470 2315 2501 dato
2343 2471 2435 2512 quod
2456 2481 2509 2505 ex-

1431 2521 1583 2546 cusentur
1598 2524 1616 2545 a
1632 2520 1742 2555 quota.
1758 2531 1780 2538 -
1796 2514 1895 2552 Quod
1911 2520 1942 2545 et
1961 2514 2110 2545 sustineri
2125 2524 2221 2554 posse
2237 2513 2374 2554 videtur,
2391 2522 2422 2547 et
2443 2525 2509 2549 cre-

1432 2558 1566 2590 diderim
1591 2569 1651 2599 ego
1676 2568 1743 2589 esse
1773 2567 1901 2589 verum:
1935 2557 2011 2600 quia
2035 2558 2104 2590 iura
2127 2558 2182 2589 illa
2213 2559 2253 2590 ad
2279 2565 2398 2591 statum
2429 2558 2509 2598 anti-

1430 2613 1534 2646 quum
1550 2603 1719 2639 Ecclesiae,
1733 2603 1765 2633 in
1782 2612 1848 2644 quo
1865 2602 2014 2634 vivebant
2030 2602 2134 2634 clerici
2151 2602 2183 2634 in
2199 2604 2378 2641 communi,
2392 2603 2508 2636 directe

1431 2648 1614 2689 respiciunt.
2456 2656 2458 2660 ’

1485 2694 1527 2724 Et
1549 2703 1606 2734 per
1630 2693 1707 2724 haec
1731 2691 1898 2733 responsio
1923 2692 1963 2723 ad
1987 2691 2113 2724 obiecta
2135 2699 2232 2734 patet.

1487 2738 1539 2769 IV.
1564 2738 1615 2769 Ad
1638 2737 1814 2768 secundam
1844 2736 2068 2778 quaestionem
2082 2737 2100 2757 *
2124 2737 2240 2769 dicitur
2262 2738 2354 2778 quod
2376 2737 2507 2776 reditus.

1430 2783 1572 2814 decimae
1598 2789 1628 2813 et
1651 2788 1753 2813 cetera
1777 2781 1972 2822 episcopalia
1996 2782 2092 2819 bona,
2110 2781 2279 2823 dupliciter
2301 2789 2439 2823 possunt
2457 2781 2507 2815 iu—

1431 2827 1542 2859 dicari:
1567 2827 1618 2858 vel
1649 2833 1683 2858 ut
1714 2825 1861 2867 propria;
1886 2825 1936 2857 vel
1967 2833 2003 2857 ut
2032 2826 2229 2858 communia.
2262 2825 2295 2857 Si
2327 2825 2509 2859 iudicantur

1431 2872 1521 2914 quasi
1554 2871 1703 2912 propria,
1729 2878 1765 2902 ut
1788 2871 1985 2911 praebendae
2016 2871 2221 2908 clericorum,
2245 2870 2306 2907 sic,
2330 2877 2505 2912 quantum-

1431 2926 1571 2958 cumque
1594 2916 1725 2957 pinguia
1748 2915 1821 2953 sint,
1839 2925 1904 2946 non
1929 2921 2054 2946 tenetur
2069 2916 2109 2946 ad
2125 2914 2359 2947 restitutionem
2383 2915 2506 2956 episco-

1431 2972 1491 3003 pus
1515 2961 1791 3003 qualitercumque
1818 2959 1872 2991 illa
1896 2969 2106 2997 consumens,
2135 2965 2167 2991 et
2190 2966 2422 3001 consequenter
2448 2969 2507 2992 nec

1430 3006 1474 3038 illi
1498 3006 1616 3047 quibus
1639 3005 1773 3046 prodige
1797 3004 1870 3036 data
1893 3011 1983 3035 sunt:
2014 3004 2096 3036 sicut
2117 3003 2220 3035 homo
2245 3003 2334 3035 valde
2364 3004 2452 3036 dives
2476 3012 2507 3037 et

1430 3051 1596 3082 abundans
1620 3060 1716 3091 supra
1739 3055 1859 3080 statum
1882 3059 1992 3088 suum,
2016 3048 2042 3080 si
2065 3058 2132 3080 non
2155 3048 2209 3079 det
2238 3048 2399 3089 superflua
2422 3059 2506 3091 quae

1430 3106 1467 3127 ex
1489 3094 1672 3127 necessitate
1697 3093 1855 3135 praecepti
1879 3100 2005 3125 tenetur
2026 3092 2078 3134 pie
2102 3101 2269 3133 exponere,
2294 3093 2349 3124 sed
2373 3093 2506 3135 prodige

1431 3139 1609 3176 consumit,
1636 3149 1701 3170 non
1724 3145 1851 3170 tenetur
1878 3138 1919 3168 ad
1946 3135 2190 3168 restitutionem.
2226 3137 2258 3168 Si
2287 3145 2395 3169 autem
2423 3136 2505 3170 iudi-

1430 3192 1543 3217 cantur
1566 3191 1602 3215 ut
1625 3182 1811 3215 communia
1835 3181 1999 3223 episcopo,
2023 3181 2217 3222 pauperibus
2241 3189 2271 3213 et
2295 3182 2505 3214 ecclesiastico

1430 3229 1540 3266 cultui,
1558 3229 1603 3260 sic
1627 3228 1798 3269 episcopus
1822 3225 1978 3267 dissipans
1993 3225 2026 3256 id
2042 3226 2132 3267 quod
2156 3226 2288 3257 debetur
2310 3226 2505 3268 pauperibus

1431 3281 1461 3305 et
1487 3272 1698 3305 ecclesiastico
1727 3270 1842 3308 cultui,
1859 3277 1984 3304 tenetur
2007 3270 2046 3300 ad
2070 3270 2317 3302 restitutionem:
2339 3271 2420 3303 sicut
2443 3270 2504 3302 dis-

1430 3319 1566 3350 tributor
1598 3315 1780 3348 communis
1803 3314 1881 3346 boni
1903 3314 1936 3346 in
1961 3313 2086 3346 civitate
2116 3322 2241 3346 tenetur
2269 3315 2307 3346 ad
2337 3315 2504 3348 restituen-

1431 3363 1510 3393 dum
1533 3361 1594 3393 illis
1617 3360 1736 3402 quibus
1759 3369 1825 3390 non
1850 3359 1903 3390 dat
1926 3358 1985 3389 sibi
2009 3359 2113 3390 debita
2128 3360 2224 3390 bona.
2249 3359 2432 3392 Differentia
2447 3359 2503 3400 igi-

1431 3414 1482 3438 tur
1511 3405 1622 3447 quoad
1651 3403 1858 3436 restitutionis
1889 3402 2055 3434 vinculum
2088 3414 2126 3434 ex
2156 3411 2268 3435 natura
2302 3404 2425 3446 proprii
2454 3403 2508 3447 vel,

1431 3449 1614 3482 communis
1637 3448 1714 3480 boni
1745 3448 1876 3489 pendet:
1911 3454 2022 3479 natura
2045 3448 2205 3490 siquidem
2235 3448 2356 3490 proprii
2384 3447 2462 3480 boni
2485 3457 2503 3478 a

1431 3493 1638 3526 restitutionis
1654 3492 1783 3523 vinculo
1800 3499 1978 3533 praeservat
2002 3502 2067 3523 non
2091 3493 2327 3533 dispensantem
2343 3491 2503 3534 superflua

1431 3545 1467 3569 ut
1490 3544 1615 3568 tenetur
1646 3536 1841 3577 dispensare,
1873 3544 1984 3568 natura
2013 3544 2120 3568 autem
2144 3537 2327 3568 communis
2356 3537 2432 3568 boni
2457 3545 2503 3567 re-

1432 3581 1605 3614 stitutionis
1622 3581 1751 3612 vinculo
1776 3581 1899 3621 stringit
1914 3591 1980 3612 non
1993 3581 2235 3613 distribuentem
2258 3591 2431 3613 commune
2445 3581 2501 3611 bo-

2537 1879 2751 1951 :wat-is:

2535 2741 2546 2752 ⁸
2559 2741 2632 2764 Nan.
2646 2747 2670 2764 u.
