2612 4178
209 356 295 394 Quia
314 354 402 386 enim
417 354 469 386 hic
485 355 525 385 de
541 354 734 395 cognatione
758 354 904 384 absolute
928 353 1064 394 agimus,
1082 355 1295 386 consideratio

208 400 389 441 incipienda
420 407 468 430 est
491 400 530 430 ab
554 409 591 430 ea
621 399 700 430 serie
731 398 882 429 codicum
917 409 1000 440 quae
1032 399 1237 431 evidentioris
1265 407 1296 431 et

208 445 395 478 extensioris
417 444 635 484 corruptionis
658 444 836 484 primatum
859 450 955 475 tenet.

262 491 281 532 5
308 491 337 521 3.
361 490 414 521 De
438 489 580 530 Origine
602 494 634 520 et
655 489 766 519 Primo
789 489 983 529 Exemplar-i
1010 490 1154 520 codicum
1180 491 1296 520 tertiae

208 536 333 567 classis.
361 549 376 563 e
395 535 490 566 Unde
514 531 716 574 Augustinus
745 533 821 564 dicit
844 534 877 564 in
901 534 1046 575 quodam
1076 535 1232 566 Sermone
1257 535 1296 565 de

213 594 226 607 ε
246 580 428 621 Epiphania
443 579 534 620 quod
551 589 607 610 eos
625 578 694 621 (SS.
711 579 867 620 Martyres
887 579 1092 621 Innocentes)
1108 580 1294 621 alloquens:

213 638 228 653 ι
246 625 300 656 ille
323 625 364 656 de
387 631 491 655 vestra
515 634 636 655 corona
660 624 826 655 dubitabat
850 625 889 655 de
913 624 1062 666 passione
1086 635 1145 665 pro
1165 624 1296 656 Christo

213 684 227 697 «ι
246 669 303 711 qui
336 670 433 701 etiam
465 668 606 710 parvulis
638 669 837 710 baptismum
869 670 1021 710 prodesse
1052 680 1118 701 non
1150 669 1297 701 aestimat

213 727 228 742 α
247 714 396 746 Christus
430 714 567 746 habebat
601 721 737 745 aetatem
765 714 799 745 in
831 725 895 756 qua
927 725 1099 756 passurum
1129 715 1296 746 Christum

213 772 228 788 ι
245 759 437 791 tradideritis
460 759 486 790 si
511 759 674 791 habebatis
699 769 827 790 carnem
852 760 884 791 in
905 770 971 802 qua
994 770 1053 801 pro
1070 760 1201 792 Christo
1225 770 1296 801 pas-

213 819 228 833 «
246 804 373 837 aionem
394 814 529 845 passuro
554 804 735 836 sustineatis
755 818 782 836 ι.
810 805 854 836 Ita
876 807 974 836 series
997 812 1121 845 septem
1145 805 1296 836 codicum
1322 806 1323 810 ’

209 849 328 881 saeculi
357 849 473 881 decimi
505 850 588 881 tertii
615 850 726 881 locum
755 850 927 890 Augustini
962 850 1055 891 legit,
1080 860 1147 881 non
1176 851 1296 891 absque

209 894 319 936 aliqua
341 895 482 927 variante
506 895 555 926 vel
581 895 778 926 correctione
801 895 834 926 in
858 895 992 936 singulis
1008 895 1106 932 libris,
1131 896 1187 926 sed
1211 895 1297 926 istud
1322 909 1324 921 >

208 939 356 972 lectionis
376 947 564 980 portentum
581 951 618 971 ex
634 941 788 972 omnibus
805 940 928 973 collatis
945 940 1086 972 resultat.
1104 940 1148 971 lta
1164 950 1182 970 a
1194 939 1297 981 capite

208 984 279 1016 libri
304 995 408 1026 usque
427 986 467 1016 ad
487 985 586 1017 finem
610 996 667 1026 per
687 986 852 1017 intervalla
875 985 1021 1016 breviora
1040 985 1091 1015 vel
1110 984 1298 1016 brevissima

210 1030 385 1062 unanimus
409 1031 458 1062 vel
475 1030 540 1062 fere
557 1031 731 1062 unanimus
747 1031 879 1062 illorum
896 1029 1046 1062 codicum
1063 1037 1167 1060 textus
1191 1029 1298 1060 amisit
1322 1033 1323 1036 ’

209 1085 344 1107 omnem
360 1086 502 1113 sensum,
520 1086 587 1107 non
603 1077 712 1108 solum
730 1075 785 1107 ubi
805 1075 837 1107 S.
852 1075 1000 1107 Thomas
1027 1087 1041 1102 α
1058 1074 1263 1106 auctoritates
1278 1086 1292 1100 ι·

209 1120 286 1153 citat
307 1121 358 1152 vel
376 1121 440 1152 iam
460 1121 533 1152 alibi
551 1121 662 1153 citatas
677 1127 817 1158 mutuat,
834 1121 890 1151 sed
906 1119 1003 1151 etiam
1020 1119 1076 1150 ubi
1093 1129 1151 1150 sua
1166 1119 1297 1160 propria

210 1165 301 1198 dicit:
330 1179 345 1194 ι
363 1167 414 1197 Ad
440 1166 595 1198 maiorem
621 1165 852 1207 perfectionem
874 1165 1032 1206 pertinere
1055 1164 1183 1195 videtur
1205 1164 1296 1205 quod

210 1211 328 1253 aliquis
352 1212 446 1243 debet
462 1212 534 1243 Deo
557 1211 701 1242 animam
720 1210 798 1252 quia
817 1209 862 1241 sic
886 1219 943 1251 per
961 1209 1181 1240 obedientiam
1205 1209 1296 1250 quod

210 1257 264 1288 det
288 1257 359 1288 Deo
376 1257 546 1298 proprium
570 1256 660 1297 quod
685 1254 721 1287 fit
740 1265 797 1296 per
816 1254 1007 1296 martyrium
1027 1266 1055 1285 ι».
1081 1254 1296 1286 Auctoritates

160 1332 163 1333 γ
199 1300 594 1343 inductae‘frequentius
625 1300 759 1342 quidem
790 1309 891 1341 quam
923 1299 1055 1340 propria
1085 1299 1118 1331 S.
1146 1299 1296 1330 Thomae

209 1347 306 1378 verba
337 1347 427 1378 illam
446 1345 690 1387 aenigmaticam
715 1344 856 1376 formam
884 1344 1085 1386 praeferunt;
1109 1344 1295 1385 praesertim

210 1399 341 1424 catenae
371 1391 443 1423 illae
474 1390 527 1422 vix
556 1390 750 1431 interceptae
778 1389 957 1421 lectionum
990 1399 1086 1420 sensu
1118 1389 1297 1420 carentium

210 1437 423 1468 observantur
445 1435 477 1466 in
502 1435 583 1467 locis
602 1435 722 1471 citatim
754 1435 810 1466 sed
834 1434 932 1466 etiam
956 1434 989 1465 in
1014 1434 1120 1475 planis
1147 1434 1179 1466 S.
1203 1434 1296 1466 Tho·

210 1481 486 1523 maephrasibus,
507 1490 591 1522 quae
619 1479 724 1511 verbis
749 1489 809 1511 usu
834 1479 916 1511 tritis
940 1486 1098 1515 constant,
1123 1479 1297 1511 sexcenties

160 1529 166 1537 '
210 1535 316 1558 unum
331 1526 509 1558 alterumve
525 1525 612 1557 verbi
629 1532 815 1557 monstrum
831 1535 964 1556 sensum
985 1525 1117 1565 fugavit.
1137 1542 1159 1548 -
1183 1524 1297 1556 Aliena

209 1577 287 1603 sunt
315 1570 464 1612 profecto
494 1581 512 1602 a
537 1577 645 1602 mente
668 1578 700 1603 et
722 1571 762 1601 ab
794 1570 973 1602 intentione
997 1569 1028 1602 S.
1047 1569 1198 1601 Thomae
1221 1570 1297 1601 talia

208 1616 358 1649 abun-da.
383 1616 542 1652 Libertas,
566 1625 634 1657 qua
658 1615 703 1647 uti
728 1615 907 1652 consuevit,
932 1615 1050 1647 citandi
1070 1615 1162 1647 locos
1186 1622 1296 1646 aucto-

178 1671 179 1674 *
209 1670 283 1694 mm
313 1662 375 1693 sub
397 1661 459 1692 alia
491 1661 692 1697 reductione,
716 1661 767 1692 vel
791 1670 866 1697 sua,
890 1661 941 1692 vel
971 1670 1072 1702 quam
1095 1660 1297 1702 antiquiores

209 1706 354 1748 magistri
378 1706 424 1738 eis
451 1706 518 1738 iam
548 1706 734 1742 induerant,
762 1715 829 1738 non
862 1705 936 1738 facit
963 1706 1005 1737 ad
1035 1715 1113 1737 rem.
1146 1706 1231 1738 Nam
1261 1715 1297 1737 ea

208 1751 359 1784 dictionis
386 1752 560 1783 mutandae
585 1751 730 1783 libertate
754 1761 850 1793 saepe
874 1751 996 1783 factum
1020 1758 1068 1782 est
1091 1751 1237 1793 quidem,
1262 1758 1298 1782 ut

208 1796 293 1830 inter
307 1804 432 1829 textum
451 1797 593 1829 auctoris
609 1797 859 1839 versionemque
878 1796 1005 1828 citantis
1029 1796 1210 1828 similitudo
1227 1803 1297 1827 tan—

209 1849 282 1875 tum
305 1852 418 1874 sensus
443 1842 650 1874 remanserit:
675 1843 731 1874 sed
754 1842 854 1874 libere
878 1842 990 1873 citasse
1015 1851 1186 1883 nunquam
1210 1842 1296 1872 idem

209 1887 272 1922 tuit
291 1898 328 1920 ac
354 1898 488 1919 omnem
523 1888 661 1919 omnino
689 1897 821 1919 sensum
851 1887 1036 1922 sustulisse;
1065 1894 1095 1918 et
1122 1894 1295 1928 praeterea,

210 1943 354 1975 quanam
381 1933 497 1964 citandi
522 1933 665 1964 libertate
682 1939 787 1964 textus
811 1933 913 1973 ipsius
934 1933 966 1964 S.
979 1932 1129 1963 Thomae
1146 1932 1297 1973 proprius

181 2005 187 2012 .
210 1988 323 2010 amens
339 1977 406 2009 fieri
432 1976 557 2019 potuit?
574 1978 707 2009 Errores
730 1978 864 2014 calami,
883 1984 913 2009 et
938 1987 1059 2008 errores
1083 1977 1217 2009 auditus
1239 1977 1294 2018 qui

209 2024 402 2056 amanuensi
433 2024 550 2054 dictata
581 2023 750 2064 excipienti
782 2022 925 2054 accidere
950 2022 1146 2063 potuissent,
1176 2023 1215 2053 ab
1242 2032 1296 2053 au-

210 2068 372 2110 tographo
395 2068 536 2100 abfuisse
560 2068 744 2099 nullimodo
769 2067 947 2103 credimus;
974 2077 1030 2099 eos
1048 2074 1155 2098 tamen
1180 2067 1213 2098 in
1238 2067 1296 2099 hac

210 2114 350 2155 generali
371 2113 628 2145 consideratione
653 2114 875 2155 praeterimus,
891 2113 969 2155 quia
985 2112 1180 2154 paucissima
1200 2112 1298 2153 phae—

211 2169 354 2191 nomena
383 2159 604 2201 suspicionem
635 2169 750 2190 eorum
780 2158 940 2199 ingerunt.
973 2158 1080 2189 Nemo
1109 2167 1175 2188 non
1201 2157 1298 2194 videt,

211 2205 372 2238 rationem
388 2205 504 2236 harum
529 2203 760 2235 enormitatum
785 2204 1001 2245 quaerendam
1019 2213 1088 2234 esse
1103 2209 1189 2234 extra
1206 2210 1299 2234 auto-

211 2250 384 2292 graphum,
401 2259 417 2280 a
434 2259 502 2291 quo
526 2249 608 2280 sicut
633 2250 766 2279 umbrae
789 2259 808 2279 a
832 2249 904 2280 luce
928 2248 1105 2279 meridiana
1129 2258 1162 2279 se
1186 2248 1298 2279 distin-

211 2302 329 2337 guunt.
352 2294 518 2326 Pertinent
540 2294 580 2325 ad
604 2301 704 2326 artem
728 2293 901 2330 librarium,
923 2301 954 2325 et
977 2293 1128 2325 accidunt
1151 2294 1299 2325 transcri—
1326 2290 1327 2294 ’

211 2340 371 2382 moribus,
381 2340 516 2382 quando
528 2339 615 2371 oculi
626 2339 816 2380 exemplaris
827 2340 1026 2380 scripturam
1035 2338 1200 2370 difficilem
1218 2339 1299 2370 falso

211 2386 472 2428 interpretantur,
493 2384 544 2416 vel
560 2394 632 2416 vere
648 2384 835 2426 ambiguam
852 2392 883 2415 et
899 2384 1111 2426 aequivocam
1130 2384 1163 2415 in
1180 2385 1300 2416 malam

2387 288 2434 313 Vll

1349 353 1469 395 gustini
1486 354 1525 385 de
1542 354 1736 395 Epiphania,
1749 355 1979 396 pronuntiatus
1995 365 2013 386 a
2030 356 2136 393 balbo,
2154 367 2220 387 non
2238 356 2325 389 fieret
2337 359 2434 396 alius,

1349 399 1393 430 ita
1420 399 1634 437 tradideritis,
1651 399 1702 431 vel
1725 400 1909 438 traderetis,
1927 401 1978 431 vel
2002 401 2216 440 credideritis,
2235 403 2285 433 vel
2301 403 2435 444 quibus·

1350 453 1492 486 cumque
1531 445 1748 476 materialibus
1772 445 1938 476 elementis
1974 446 2094 486 species
2123 447 2208 478 male
2242 447 2309 478 visa
2333 449 2434 489 expri—

1350 497 1509 527 meretur,
1534 500 1600 520 non
1626 497 1702 521 sunt
1725 490 1818 522 aliud
1841 501 1858 521 a
1882 491 2075 529 crederetis,
2101 492 2156 522 sed
2188 499 2264 523 sunt
2293 493 2436 534 idipsum

1350 534 1435 565 male
1450 534 1556 565 visum
1572 542 1603 565 et
1619 535 1785 576 scriptum.
1804 535 1938 577 Propter
1954 536 2016 567 hoc
2033 546 2154 567 errores
2171 538 2436 579 transcriptionis,

1350 579 1409 610 etsi
1433 580 1543 620 quoad
1563 590 1695 611 sensum
1719 581 1769 611 vel
1793 581 1970 622 turpissimi
1990 581 2062 618 sint,
2087 590 2206 618 tamen,
2225 583 2267 613 ob
2292 584 2437 615 materia-

1350 624 1415 655 lem
1440 624 1613 666 scripturae
1634 625 1892 657 convenientiam
1912 636 1988 657 cum
2004 627 2187 668 exemplari,
2206 628 2438 660 semi-authen-

1350 669 1470 700 ticitate
1498 670 1656 711 gaudent,
1681 680 1782 712 quam
1807 681 1872 702 non
1905 671 2079 712 neglexisse
2111 674 2277 714 permagni
2310 673 2439 705 interest

1350 721 1455 746 textus
1478 715 1708 747 restauratoris.
1726 734 1748 740 -
1768 717 2019 758 Autographum
2035 717 2132 758 igitur
2147 717 2179 748 in
2198 718 2265 749 istis
2290 719 2439 750 sordibus

1350 766 1475 800 partem
1504 760 1619 791 habere
1653 761 1774 802 potuit,
1799 772 1898 803 quam
1923 762 2062 804 quodvis
2091 763 2255 804 exemplar
2280 764 2375 795 habet
2406 764 2438 794 in

1351 805 1512 836 erroribus
1535 805 1820 846 transcriptorum:
1845 817 1955 838 ansam
1981 807 2026 838 eis
2051 807 2148 839 dedit.
2172 808 2223 845 Et,
2241 808 2267 838 si
2292 815 2439 850 autogra-

1351 849 1415 890 pha
1439 850 1471 881 S.
1488 850 1638 882 Thomae
1662 861 1746 892 quae
1767 852 2038 883 circumferuntur
2053 853 2236 884 authentica
2253 861 2338 891 sunt,
2363 854 2439 885 haec

1350 904 1424 935 pars
1448 894 1596 935 profecto
1621 905 1737 936 magna
1762 896 1832 928 fuit.

1405 939 1424 980 ἕ
1447 948 1479 979 4.
1505 939 1677 971 Undenam
1700 941 1798 978 venit,
1825 949 1860 972 ut
1883 951 1998 973 omnes
2022 943 2148 974 codices
2177 943 2301 984 antiqui
2331 944 2441 975 tertiae

1351 983 1460 1014 classis
1476 984 1509 1014 in
1527 984 1668 1015 centenis
1688 986 1942 1026 transcriptionis
1959 994 2078 1018 erratae
2098 988 2344 1020 enormitatibus
2359 989 2442 1020 inter

1351 1037 1385 1058 se
1412 1027 1636 1060 consentiant?
1668 1030 1752 1060 Nam
1783 1031 1879 1061 etiam
1912 1032 2129 1063 communitas
2157 1043 2301 1064 errorum
2330 1035 2440 1076 quoad

1351 1072 1463 1103 locum
1487 1080 1518 1104 et
1542 1073 1714 1105 lectionem
1739 1075 1809 1116 ipsa
1834 1086 1891 1116 per
1915 1086 1948 1107 se
1972 1076 2224 1117 phaenomenon
2249 1086 2307 1115 est,
2332 1087 2363 1110 et
2388 1089 2441 1110 ne—

1351 1118 1489 1148 cessario
1510 1118 1735 1160 explicandum
1753 1127 1784 1151 et
1800 1121 1946 1152 doctrina
1970 1121 2116 1162 plenum.
2142 1123 2208 1160 Qui
2225 1133 2302 1164 ergo
2319 1124 2441 1156 factum

1351 1169 1408 1199 est,
1426 1170 1463 1194 ut
1478 1171 1600 1204 septem
1626 1164 1743 1206 librarii
1761 1165 1873 1196 eadem
1890 1166 1961 1197 loca
1978 1166 2098 1197 eisdem
2117 1167 2276 1198 erroribus
2293 1169 2442 1210 deturpa—

1349 1206 1474 1239 verint?
1501 1208 1601 1247 Quod
1617 1210 1735 1241 librarii
1759 1210 1790 1241 in
1809 1218 1896 1242 textu
1917 1211 2057 1252 longiori
2082 1222 2178 1253 supra
2204 1213 2300 1244 citato
2323 1214 2441 1255 singuli

1350 1252 1459 1294 aliqua
1475 1254 1570 1284 verba
1590 1254 1672 1285 falso
1692 1255 1853 1295 legissent,
1871 1256 1990 1287 mirum
2016 1267 2083 1288 non
2109 1258 2322 1300 essetaquod
2348 1259 2442 1290 multi

1351 1307 1411 1338 pro
1434 1300 1530 1340 quasi
1553 1299 1704 1340 legissent
1727 1301 1824 1342 quod,
1850 1300 1915 1332 fieri
1943 1309 2060 1342 potest,
2083 1302 2159 1344 quia
2184 1302 2442 1344 frequentissima

1351 1343 1518 1384 corruptio
1535 1351 1591 1375 est.
1617 1344 1691 1381 Sed,
1709 1355 1788 1376 num
1806 1345 1871 1377 fieri
1893 1353 2000 1387 potest
2021 1354 2065 1382 ut,
2084 1349 2206 1379 nedum
2223 1355 2357 1389 septem,
2375 1350 2442 1380 duo

1349 1387 1468 1419 librarii
1489 1388 1647 1421 dubitabit
1663 1391 1696 1421 in
1713 1391 1849 1431 legerint
1867 1392 2035 1423 dubitabat
2046 1393 2108 1430 de,·
2127 1403 2187 1434 pro
2205 1394 2381 1426 crederetis
2397 1395 2443 1424 vi-

1351 1433 1456 1464 derint
1471 1434 1674 1466 tradideritis
1679 1443 1691 1473 ‚¹
1714 1446 1774 1477 pro
1793 1442 1852 1474 set,
1866 1437 1895 1467 si
1900 1444 1912 1475 ;
1933 1447 1992 1478 pro
2008 1438 2222 1476 sustineretis,
2236 1440 2424 1471 sustineatis
2433 1448 2444 1477 ,·

1352 1488 1433 1509 num
1453 1478 1521 1510 fieri
1544 1487 1651 1520 potest
1676 1487 1712 1511 ut
1735 1481 1818 1512 duae
1843 1482 2020 1513 memoriae
2037 1492 2096 1523 pro
2120 1493 2184 1524 qua
2205 1485 2238 1514 in
2257 1484 2444 1516 retinuerint

1351 1524 1385 1554 in
1409 1533 1485 1565 qua,
1505 1534 1564 1565 pro
1583 1535 1728 1566 passuro
1749 1528 1950 1567 passionem,
1968 1529 2155 1569 passionem
2175 1537 2340 1570 passuro‚‘
2363 1540 2443 1561 num

1349 1567 1417 1599 fieri
1449 1577 1556 1610 potest
1588 1571 1828 1602 ut*oculorum
1863 1573 1951 1613 paria
1984 1572 2071 1610 bina,
2101 1573 2156 1605 ubi
2191 1574 2346 1616 scriptum
2379 1583 2445 1607 erat

1354 1613 1477 1646 Christi
1507 1625 1572 1646 non
1603 1615 1779 1654 habebatis,
1804 1617 1940 1649 viderint
1965 1617 2115 1650 Christus
2137 1619 2303 1651 habebat?
2336 1620 2444 1652 Huius

1349 1658 1619 1700 impossibilitatis
1638 1661 1719 1692 ratio
1744 1669 1801 1698 est,
1826 1663 1902 1704 quia
1919 1673 2040 1694 errores
2065 1673 2199 1695 causam
2224 1675 2290 1695 non
2316 1665 2443 1701 habent,

1350 1705 1405 1735 sed
1430 1715 1554 1743 casum,
1571 1713 1603 1737 et
1619 1706 1692 1737 ideo
1709 1706 1742 1737 in
1763 1707 1908 1748 pluribus
1932 1708 2229 1750 transcriptionibus
2255 1720 2321 1741 non
2351 1718 2444 1742 erunt

1350 1749 1518 1782 individue
1541 1750 1650 1788 iidem,
1670 1752 1724 1782 sed
1745 1751 1814 1783 sine
1829 1753 1898 1794 lege
1925 1755 2134 1794 vagabuntur.
2156 1755 2203 1786 Ex
2220 1755 2282 1786 hoc
2299 1756 2444 1797 sequitur

1350 1796 1441 1837 quod
1473 1796 1622 1828 identitas
1653 1807 1799 1828 errorum
1833 1798 1864 1828 in
1898 1798 2046 1839 pluribus
2079 1799 2182 1836 libris,
2213 1800 2301 1832 iuxta
2333 1811 2442 1832 casum

1324 1848 1451 1882 {quem
1483 1840 1645 1882 implicat,
1679 1842 1776 1873 etiam
1813 1851 2014 1875 constantem
2047 1854 2176 1876 causam
2210 1845 2345 1883 indicat,
2379 1857 2443 1888 qua

1323 1912 1325 1916 Α
1350 1886 1471 1917 scilicet
1495 1885 1631 1917 efficitur
1656 1894 1692 1918 ut
1716 1897 1814 1924 error,
1840 1888 1920 1918 nulli
1946 1888 2015 1929 lege
2039 1890 2204 1925 obediens,
2231 1891 2443 1922 nihilominus

1352 1938 1475 1972 septem
1503 1931 1591 1962 libris
1615 1932 1802 1963 communis
1826 1933 1875 1964 sit.
1902 1932 2008 1965 Causa
2037 1941 2144 1966 autem
2175 1943 2325 1966 constans
2353 1937 2385 1967 in
2411 1947 2443 1968 re

1350 1976 1476 2007 libraria
1493 1983 1540 2007 est
1559 1977 1724 2018 exemplar
1740 1985 1772 2008 et
1789 1988 1839 2009 ars
1854 1978 1980 2019 legendi
2006 1980 2240 2022 scribendique.
2267 1981 2348 2012 Vere
2366 1992 2442 2023 ergo

1351 2021 1489 2053 dicimus
1514 2021 1674 2053 rationem
1699 2023 1920 2054 unanimitatis
1945 2034 2091 2055 errorum
2117 2025 2149 2056 in
2174 2026 2236 2057 hoc
2259 2027 2442 2061 consistere,

1353 2067 1442 2108 quod
1476 2074 1599 2107 septem
1629 2065 1694 2110 (vel
1718 2077 1790 2103 sex;
1824 2068 1879 2099 sed
1912 2069 1951 2100 de
1971 2068 2033 2100 hoc
2062 2080 2194 2111 agemus
2219 2071 2237 2112 g
2261 2070 2295 2114 6)
2325 2071 2441 2103 librarii

1351 2112 1435 2142 inter
1465 2111 1672 2143 scribendum
1702 2112 1837 2144 minime
1862 2121 2062 2151 erraverunt,
2086 2116 2142 2146 sed
2166 2116 2344 2148 econtrario
2368 2115 2443 2148 fide·

1353 2156 1424 2188 liter
1449 2167 1583 2188 munere
1608 2156 1708 2188 suncti
1733 2165 1824 2194 sunt,
1849 2168 1945 2189 suum
1970 2159 2108 2201 quisque
2132 2161 2294 2202 exemplar
2317 2172 2444 2193 summa

1353 2201 1416 2233 fide
1443 2202 1669 2233 describentes.
1702 2202 1778 2234 ldeo
1799 2213 1932 2240 errores,
1957 2204 1996 2235 de
2020 2205 2138 2246 quibus
2157 2206 2352 2247 quaerimus,
2379 2218 2442 2238 non

1326 2284 1327 2288 Ἰ
1354 2254 1431 2278 sunt
1463 2257 1586 2278 errores
1613 2247 1731 2278 horum
1755 2249 2040 2290 transcriptorum,
2066 2251 2121 2281 sed
2145 2251 2242 2282 unius
2267 2253 2443 2289 anterioris,

1355 2293 1411 2334 qui
1437 2302 1531 2334 saepe
1557 2299 1668 2324 contra
1692 2303 1790 2324 suum
1815 2295 1979 2335 exemplar
2002 2302 2033 2326 et
2057 2302 2157 2327 artem
2186 2306 2259 2327 casu
2290 2298 2443 2338 peccavit.

1355 2338 1464 2369 Huius
1475 2338 1594 2369 librarii
1608 2338 1812 2379 transcriptio
1829 2338 1910 2370 facta
1927 2347 1975 2371 est
1990 2341 2152 2382 exemplar
2164 2349 2287 2383 septem
2300 2342 2444 2379 librariis,

1355 2393 1387 2415 et
1403 2383 1446 2414 sic
1462 2383 1583 2415 factum
1609 2391 1657 2415 est
1671 2391 1708 2415 ut
1730 2384 1806 2415 vitia
1831 2385 1928 2416 unius
1953 2385 2069 2426 septies
2093 2387 2226 2427 repetita
2251 2387 2443 2420 invenimus.

212 2438 337 2473 partem
360 2437 499 2467 vertunt,
517 2430 567 2461 vel
593 2440 802 2472 quacumque
826 2430 961 2461 demum
986 2430 1108 2461 ratione
1136 2431 1302 2471 exemplar
1327 2431 1329 2466 i
1356 2429 1614 2461 Concludimus:
1640 2437 1763 2470 septem
1781 2429 1897 2461 librarii
1921 2440 2179 2472 propagaverunt
2202 2442 2324 2464 errores
2349 2435 2446 2464 unius

213 2486 281 2509 non
297 2476 470 2517 attingunt.
494 2475 592 2507 Nulla
608 2485 755 2507 errorum
777 2482 878 2507 artem
906 2475 1067 2506 librariam
1093 2476 1301 2516 sequentium

213 2522 336 2564 species
359 2528 417 2558 est,
442 2531 526 2563 quae
548 2520 718 2562 praeclaris
739 2520 971 2562 speciminibus
995 2531 1062 2551 non
1087 2529 1302 2561 repraesente-

213 2575 281 2604 tur:
306 2567 362 2598 sed
382 2577 468 2608 opus
484 2577 551 2598 non
567 2576 616 2598 est
632 2566 670 2598 de
687 2566 841 2597 omnibus
857 2566 1059 2607 singulariter
1072 2575 1176 2606 agere.
1192 2584 1214 2590 -
1235 2567 1302 2607 Ad-

213 2613 366 2645 vertenda
390 2612 441 2644 hic
461 2619 537 2643 sunt
556 2612 635 2643 duo.
660 2611 805 2643 Primum
829 2619 887 2647 est,
904 2612 994 2653 quod
1011 2621 1134 2642 errores
1158 2611 1303 2643 librario-

214 2668 287 2690 rum
307 2667 386 2690 casu
407 2656 505 2693 fiunt;
531 2667 590 2688 nec
606 2657 786 2699 quidquam
811 2656 955 2688 fortassis
972 2657 1060 2688 casui
1076 2659 1179 2697 magis
1195 2657 1302 2688 subia-
1330 2675 1331 2678 =

214 2711 265 2737 cet
287 2713 389 2746 quam
412 2703 491 2734 falsa
522 2701 743 2743 transcriptio:
770 2710 841 2734 tum
859 2702 936 2744 quia
960 2701 1079 2732 librarii
1096 2702 1176 2732 nihil
1200 2703 1303 2743 magis
1329 2711 1331 2734 ι’
1357 2701 1530 2743 exemplari
1556 2701 1731 2743 permixtae
1755 2701 1870 2739 iacent,
1888 2701 2041 2733 continua
2065 2702 2280 2744 descriptione
2296 2703 2329 2734 in
2346 2703 2445 2734 libros

213 2749 388 2782 intendunt
411 2755 443 2780 et
471 2755 583 2779 curant
614 2757 714 2788 quam
745 2747 910 2788 exemplar
940 2746 1076 2778 fideliter
1106 2747 1301 2784 describere;
1330 2770 1331 2786 2

215 2802 286 2828 tum
315 2794 392 2836 quia
420 2801 674 2825 consentaneum
703 2799 752 2824 est
779 2799 815 2823 ut
849 2793 905 2824 uni
939 2792 1069 2823 librario
1105 2792 1218 2830 unius,
1251 2794 1302 2824 alii

216 2885 420 2917 moteleuton
454 2894 555 2918 unus.
581 2883 669 2914 aliud
700 2882 782 2914 alius
807 2883 950 2918 omittat,
979 2890 1011 2914 et
1035 2883 1079 2914 sic
1110 2884 1149 2914 de
1176 2884 1303 2921 ceteris;

216 2938 287 2963 turn
311 2930 387 2972 quia
403 2930 471 2960 duo
496 2929 666 2970 scriptores
689 2921 835 2959 eiusdbm
850 2928 939 2959 verbi
956 2929 1063 2968 specie
1086 2929 1222 2969 decepti,
1239 2930 1304 2961 alio

215 2984 332 3008 tamen
342 2982 373 3007 et
388 2975 454 3006 alio
470 2975 569 3006 verbo
593 2983 735 3005 errorem
759 2973 949 3014 expriment.
975 2974 1051 3005 Uno
1070 2975 1186 3005 verbo:
1212 2975 1303 3015 quod

217 3028 348 3058 erretur,
377 3021 470 3052 locus
497 3019 624 3055 erroris,
653 3019 781 3050 habitus
808 3029 876 3060 quo
905 3029 993 3049 error
1019 3019 1163 3055 vestitur,
1193 3020 1303 3051 omnia

217 3074 372 3108 reguntur
398 3076 486 3097 casu.
515 3065 666 3096 Secundo
693 3064 926 3096 advertendum
955 3071 1002 3095 est
1026 3065 1133 3105 quod,
1156 3066 1304 3106 quamvis

216 3111 334 3143 librarii
361 3121 494 3142 sensum
518 3110 664 3142 lectionis
693 3109 882 3151 exemplaris
910 3109 1132 3146 destruxerint,
1162 3110 1304 3152 aliquam

217 3164 325 3188 tamen
346 3156 592 3187 similitudinem
613 3163 649 3186 ut
673 3155 851 3196 plurimum
876 3161 1097 3196 assequantur,
1115 3155 1304 3187 exteriorem

217 3201 337 3234 scilicet
359 3201 622 3233 conformitatem
646 3201 832 3242 scripturae.
862 3200 920 3231 Ex.
945 3210 992 3240 gr.
1012 3199 1044 3230 in
1069 3206 1155 3231 textu
1180 3200 1212 3231 S.
1241 3203 1304 3232 Au-

217 3247 348 3288 gustini,
371 3257 468 3288 supra
485 3257 523 3277 ex
539 3253 662 3287 septem
685 3246 851 3277 codicibus
867 3245 974 3281 citato,
996 3244 1083 3276 verbi
1106 3245 1308 3278 tradideritis

217 3291 341 3324 litterae
366 3299 398 3323 et
429 3292 701 3332 compendiorum
733 3299 829 3322 notae
859 3290 1025 3331 figuralem
1059 3290 1306 3322 similitudinem

220 3336 339 3369 habent
353 3347 430 3368 cum
446 3337 557 3368 litteris
573 3345 604 3368 et
619 3337 705 3368 notis
721 3337 808 3367 verbi
826 3336 859 3367 S.
876 3335 1050 3376 Augustini
1068 3343 1099 3366 et
1115 3336 1304 3377 autographi

221 3382 254 3413 S.
270 3381 432 3419 Thomae,
447 3382 632 3414 crederetis.
658 3382 728 3413 Hac
747 3381 958 3412 similitudine
982 3381 1129 3412 librarius
1154 3381 1306 3421 deceptus

1329 2737 1332 2758 ί

1357 2474 1565 2515 exemplaris;
1591 2484 1657 2505 non
1682 2485 1758 2505 vero
1783 2475 1972 2516 exemplaris
2001 2477 2218 2518 autographi,·
2241 2487 2316 2518 ergo
2341 2488 2445 2509 exem-

1357 2519 1454 2562 plaris
1477 2520 1670 2562 apographi.

1411 2565 1430 2607 5
1457 2566 1485 2596 5.
1510 2565 1557 2596 Ex
1583 2575 1651 2606 quo
1676 2575 1775 2606 porro
1800 2566 1972 2606 exemplari
2005 2573 2129 2606 septem
2154 2567 2224 2598 libri
2254 2578 2445 2599 communes

1357 2620 1480 2642 errores
1504 2618 1740 2647 contraxerunt,
1758 2620 1795 2641 ex
1812 2611 1927 2642 eodem
1948 2612 2052 2642 bonae
2076 2612 2230 2643 lectiones
2254 2623 2445 2645 communes

1358 2663 1548 2687 manarunt:
1573 2655 1690 2687 librarii
1715 2655 1835 2687 scilicet
1858 2657 1960 2687 bonas
1985 2663 2015 2687 et
2039 2657 2141 2687 malas
2165 2657 2330 2696 lectiones,
2353 2666 2388 2690 ut
2413 2659 2443 2690 in

1358 2757 1436 2778 suos
1452 2746 1656 2778 transferunt.
1674 2746 1764 2778 Sicut
1780 2757 1857 2787 ergo
1875 2757 1997 2778 errores
2013 2747 2174 2779 fluxerunt
2189 2749 2228 2779 ab
2245 2750 2443 2790 apographo,

1330 2812 1331 2838 ἶ
1358 2792 1402 2824 ita
1426 2793 1530 2823 bonae
1555 2792 1709 2823 lectiones
1734 2802 1800 2823 non
1825 2793 1865 2823 ab
1890 2793 2092 2833 autographo
2118 2793 2303 2825 immediate
2328 2805 2445 2835 propa-

215 2840 299 2872 alius
321 2838 410 2871 verbi
429 2838 584 2879 scriptura
609 2848 719 2868 ansam
737 2837 862 2868 errandi
887 2838 1019 2874 dederit,
1044 2838 1093 2868 vel
1114 2849 1219 2870 unum
1243 2838 1302 2869 ho·
1330 2846 1332 2885 ζ

1358 2845 1449 2878 gatae
1473 2845 1557 2873 sunt,
1584 2838 1639 2868 sed
1663 2847 1701 2868 ex
1724 2837 1782 2868 illo
1806 2837 2005 2878 apographo.
2033 2838 2126 2869 Unde
2151 2849 2216 2869 non
2242 2839 2370 2870 difficile
2388 2840 2446 2870 erit

1357 2890 1480 2914 textum
1509 2882 1604 2924 primi
1633 2882 1811 2924 apographi
1837 2883 2011 2919 restituere,
2036 2883 2220 2924 quinimmo
2245 2895 2304 2925 pro
2330 2885 2444 2916 maiori

1358 2935 1457 2969 parte,
1483 2928 1540 2959 etsi
1565 2928 1597 2958 id
1623 2938 1690 2958 non
1714 2935 1854 2968 agentes,
1880 2938 1955 2959 eum
1979 2928 2044 2958 iam
2068 2929 2275 2960 restituimus.
2311 2930 2444 2961 Manife—

1358 2982 1446 3005 stum
1470 2981 1517 3004 est
1541 2973 1627 3004 enim
1651 2973 1805 3004 lectiones
1829 2973 2009 3010 unanimes,
2026 2975 2128 3004 bonas
2145 2981 2175 3005 et
2191 2975 2301 3010 malas,
2323 2983 2445 3016 septem

1360 3019 1510 3050 codicum
1526 3019 1565 3049 ad
1582 3025 1705 3050 textum
1723 3018 1818 3059 primi
1835 3019 2012 3059 apographi
2029 3019 2203 3060 pertinere:
2224 3020 2313 3060 quod
2331 3030 2445 3051 omnes

1331 3086 1333 3091 ,
1358 3064 1479 3105 legunt,
1505 3064 1538 3094 id
1562 3070 1628 3094 erat
1643 3063 1675 3094 in
1691 3063 1798 3104 primo
1823 3064 2021 3104 apographo.
2036 3066 2218 3095 -Attamen
2243 3075 2308 3095 non
2331 3076 2444 3096 omnes

1331 3128 1333 3150 3
1360 3110 1480 3151 ubique
1510 3109 1597 3140 idem
1628 3109 1759 3150 legunt:
1791 3109 1948 3140 variantes
1980 3109 2146 3140 multoties
2177 3110 2445 3142 communitatem

1331 3406 1333 3424 l

222 3433 285 3462 est;
309 3432 341 3457 et
364 3427 446 3458 hanc
469 3435 582 3459 servat.
607 3427 649 3458 Et
672 3427 746 3458 ideo
771 3427 973 3458 tradideritis
989 3433 1021 3457 et
1037 3426 1070 3456 id
1085 3436 1187 3466 genus
1207 3437 1305 3457 omne
1332 3431 1333 3462 ζ

222 3482 289 3502 non
314 3477 362 3502 est
383 3472 514 3512 proprie
537 3472 684 3509 verbum,
704 3472 759 3503 sed
779 3472 991 3503 simulacrum
1015 3471 1119 3508 verbi;
1145 3471 1226 3502 sicut
1244 3482 1305 3512 pa—

223 3527 297 3548 rum
326 3517 378 3547 vel
404 3525 464 3557 pro
488 3517 642 3557 parvulis
668 3524 699 3548 et
720 3518 876 3558 proximo
904 3527 963 3558 pro
989 3527 1054 3557 pro
1081 3516 1210 3547 Christo
1238 3527 1304 3547 non

221 3569 289 3593 tam
306 3562 401 3592 verba
420 3560 567 3597 fuissent,
583 3571 684 3602 quam
707 3562 863 3602 imagines
883 3569 915 3593 et
933 3562 1104 3593 simulacra
1120 3562 1304 3593 verborum.

222 3607 270 3638 Ex
286 3607 348 3638 hoc
365 3606 520 3648 sequitur,
537 3607 627 3646 quod
643 3617 775 3638 erronea
791 3607 1038 3647 transcriptione
1061 3607 1216 3638 lectiones
1232 3617 1304 3648 pro-

224 3652 292 3693 prie
320 3662 386 3682 non
415 3650 498 3682 fiunt
523 3651 626 3682 aliae:
654 3651 733 3692 quid
757 3652 844 3683 enim
869 3653 950 3694 legit
971 3653 1064 3683 locus
1083 3652 1140 3693 qui
1165 3652 1304 3692 praecise

224 3707 280 3737 per
303 3697 479 3728 absentiam
504 3706 616 3726 sensus
640 3695 830 3728 innotescit?
853 3697 917 3728 Sed
941 3697 1023 3728 sicut
1050 3698 1163 3728 Sermo
1188 3697 1220 3728 S.
1237 3700 1303 3728 Au-

1358 3155 1506 3187 lectionis
1536 3154 1786 3195 interrumpunt.
1817 3155 1884 3185 Nec
1911 3165 1987 3185 sane
2015 3155 2151 3185 mirum:
2183 3165 2296 3186 omnes
2327 3155 2445 3187 librarii

1359 3200 1526 3241 patiuntur
1549 3201 1638 3240 quod
1663 3199 1867 3230 librariorum
1891 3207 1947 3235 est,
1969 3199 2018 3230 vel
2042 3199 2124 3230 forte
2148 3201 2304 3231 secundas
2328 3211 2445 3232 manus

1359 3255 1496 3276 suorum
1521 3245 1755 3285 exemplarium
1778 3245 1811 3275 in
1836 3251 1959 3276 textum
1983 3245 2203 3282 introducunt,
2220 3253 2251 3276 et
2269 3245 2311 3277 ita
2336 3247 2445 3278 multi-

1359 3291 1483 3331 plicatis
1506 3289 1806 3331 transcriptionibus
1830 3297 1964 3329 augetur
1985 3289 2082 3320 etiam
2098 3290 2276 3322 lectionum
2300 3291 2443 3329 varietas,

1361 3343 1392 3366 et
1406 3335 1501 3366 toties
1517 3342 1745 3375 argumentum
1759 3345 1776 3365 a
1790 3335 2023 3365 communitate
2039 3334 2155 3367 deficit.
2168 3336 2302 3374 Verum,
2316 3337 2444 3377 longius

1361 3380 1491 3421 procedi
1515 3387 1622 3421 potest
1646 3380 1685 3410 ad
1709 3387 1831 3410 textum
1856 3380 1951 3420 primi
1976 3381 2163 3421 apographi.
2189 3381 2278 3419 Quid
2302 3382 2399 3418 enim,
2420 3382 2444 3412 si

1361 3436 1398 3456 ex
1421 3432 1544 3467 septem
1565 3424 1730 3456 codicibus
1749 3426 1904 3465 proxime
1926 3427 2075 3467 cognatis
2098 3436 2183 3457 unus
2201 3427 2290 3457 solus
2315 3438 2331 3457 a
2357 3437 2444 3458 com-

1332 3498 1333 3508 ,
1361 3470 1711 3511 munitate‘excipitur,
1743 3470 1853 3510 legens
1880 3477 1991 3501 contra
2024 3481 2076 3501 sex
2109 3470 2299 3502 unanimes?
2326 3473 2444 3503 Nonne

1331 3510 1334 3572 ᾖ

1359 3516 1518 3547 tutissime
1543 3515 1742 3546 affirmamus
1761 3515 1831 3546 illas
1856 3515 2009 3547 lectiones
2033 3516 2189 3547 solitarias
2213 3517 2353 3558 praecise
2378 3527 2444 3547 ma-

1361 3561 1518 3598 nifestare,
1535 3561 1653 3602 quibus
1677 3560 1757 3592 locis
1776 3560 1893 3591 librarii
1910 3561 1961 3591 vel
1985 3569 2179 3592 correctores
2203 3568 2326 3592 textum
2347 3562 2442 3602 primi

1360 3606 1538 3647 apographi
1573 3603 1789 3637 mutaverint?
1824 3605 1932 3637 Stetur
1963 3616 2039 3646 ergo
2076 3607 2262 3637 testimonio
2298 3607 2442 3637 unanimi

1360 3661 1414 3682 sex
1443 3651 1666 3687 librariorum,
1697 3658 1729 3682 et
1758 3651 1854 3682 lectio
1888 3651 2006 3682 codicis
2035 3651 2190 3683 discordis
2227 3659 2442 3692 expungetur.

1361 3696 1484 3728 etiamsi
1517 3696 1549 3727 in
1581 3706 1614 3727 se
1649 3696 1773 3736 optima
1808 3703 1890 3727 esset
1924 3696 2084 3737 ceterique
2118 3697 2269 3737 putidum
2303 3707 2441 3727 errorem
