2768 4198
53 2380 62 2388 ⁸
76 2379 143 2401 Vers.
174 2396 178 2400 .

52 2745 59 2752 ·
75 2742 141 2763 Vers.
157 2747 191 2763 22.

52 2807 61 2816 ⁸
75 2805 130 2827 Ord.

52 3180 60 3188 ⁸
85 3178 209 3200 Comment.
237 3178 261 3199 in

51 3205 133 3227 Matth.
148 3205 186 3227 lib.
202 3204 219 3225 1.

52 3234 59 3241 ·
76 3232 139 3254 Vers.
156 3238 188 3253 22.

52 3385 59 3392 ·
75 3383 111 3404 Ρη.
128 3389 158 3409 ιν,
173 3388 231 3404 vers.
243 3388 260 3409 5.

52 3440 60 3448 ⁸
80 3438 135 3459 Ord.
156 3438 260 3460 Cassiod.

308 317 385 355 274

306 385 381 421 irae
411 396 489 420 non
518 383 769 420 immoderate
799 381 994 426 fervescat,
1026 391 1095 415 nec
1124 379 1278 416 interius
1300 391 1371 415 nec

307 437 479 474 exterius.
519 437 635 482 Quod
673 435 827 484 quidem
857 433 886 470 si
924 432 1262 481 praetermittatur,
1292 444 1371 469 non

306 492 373 528 erit
401 491 455 527 ira
484 491 627 536 absque
656 495 824 536 peccato,
856 486 966 522 etiam
997 485 1026 522 si
1055 486 1188 534 aquuis
1217 492 1370 534 appetat

306 546 442 581 iustam
471 543 690 579 vindictam.

357 600 415 634 AD
445 608 580 633 ptumum
610 605 707 631 ERGO
737 604 918 629 met-:NDUM
959 592 1084 640 quod,
1115 592 1203 640 quia
1240 592 1367 641 passio

303 658 428 700 potest
447 662 528 686 esse
550 648 716 695 regulata
736 645 880 682 ratione
899 645 960 682 vel
981 657 1059 681 non
1080 646 1258 692 regulata,
1279 645 1367 682 ideo

304 704 514 740 secundum
544 700 761 750 passionem
783 699 953 735 absolute
980 697 1260 735 consideratam
1289 711 1368 735 non

304 758 524 805 importatur
559 753 652 790 ratio
681 751 803 788 meriti
830 752 892 788 vel
925 751 1114 798 demeriti,
1145 764 1213 788 seu
1245 751 1367 789 laudis

302 811 362 846 vel
382 807 568 856 vituperii.
600 805 822 843 Secundum
843 812 968 840 tamen
990 805 1095 853 quod
1117 812 1172 841 est
1200 806 1367 852 regulata

302 863 457 907 ratione,
487 867 611 909 potest
638 860 780 896 habere
809 857 997 894 rationem
1027 857 1210 895 meritorii
1235 866 1270 895 et
1288 859 1367 895 lau-

302 915 453 953 dabilis:
483 922 518 950 et
547 926 566 949 e
595 912 796 959 contrario,
827 911 1038 948 secundum
1068 913 1173 960 quod
1203 924 1281 948 non
1311 919 1367 949 est

301 969 466 1016 regulata
494 967 650 1014 ratione,
672 973 797 1014 potest
823 965 965 1002 habere
986 965 1172 1002 rationem
1194 965 1366 1002 demeriti
1392 980 1393 983 ¹

301 1031 335 1059 et
353 1020 622 1070 vituperabilis.
654 1020 764 1057 Unde
785 1026 820 1056 et
839 1018 1094 1068 Philosophus
1114 1019 1256 1055 ibidem
1278 1019 1366 1056 dicit

300 1077 404 1124 quod
434 1075 610 1112 laudatur
627 1073 687 1110 vel
704 1074 939 1122 vituperatur
958 1073 1022 1121 qui
1049 1072 1262 1120 aliqualiter
1289 1073 1363 1110 ira-

298 1131 423 1166 scitur.

351 1184 409 1219 AD
429 1192 619 1218 SECUNDUM
643 1191 828 1216 DICENDUM
848 1179 953 1228 quod
982 1179 1097 1216 iratus
1117 1191 1195 1216 non
1224 1179 1365 1228 appetit

300 1237 443 1273 malum
464 1235 614 1271 alterius
634 1241 789 1282 propter
808 1245 860 1279 se,
882 1233 948 1270 sed
969 1240 1125 1281 propter
1142 1233 1362 1280 vindictam,

299 1290 335 1326 in
356 1301 472 1337 quam
503 1287 736 1324 convertitur
755 1286 942 1335 appetitus
972 1286 1050 1322 eius
1071 1286 1166 1323 sicut
1184 1286 1222 1323 in
1242 1287 1363 1334 quod-

300 1344 388 1380 dam
419 1340 688 1378 commutabile
709 1338 724 1369 β
752 1341 911 1376 bonum.

351 1398 408 1433 AD
431 1406 590 1432 TERTIUM
619 1405 804 1431 mcENDUM
833 1393 936 1442 quod
965 1394 1084 1429 homo
1110 1400 1165 1429 est
1185 1392 1362 1430 dominus

350 1509 375 1542 β)
394 1509 589 1534 commutabile.
603 1521 621 1527 -
637 1507 856 1533 communicabile
877 1507 1074 1539 BEFHIKLpC.

962 301 1229 348 QUAESTIO
1260 301 1430 348 CLVIII,
1460 303 1758 342 ARTICULUS
1789 305 1837 341 Ill

1426 393 1595 423 suorum,
1614 390 1768 420 actuum
1797 395 1865 432 per
1897 384 2094 421 arbitrium
2124 384 2289 421 rationis.
2329 385 2378 420 Et
2406 383 2492 420 ideo

1425 441 1553 471 motus
1583 435 1647 483 qui
1675 436 1930 484 praeveniunt
1965 437 2147 475 iudicium
2164 443 2179 466 Υ
2208 437 2384 485 rationis,
2414 448 2493 473 non

1424 494 1511 523 sunt
1548 487 1584 523 in
1614 496 1799 536 potestate
1835 490 2001 527 hominis
2030 492 2067 528 in
2105 491 2286 539 generali,
2323 498 2365 527 ut
2398 489 2492 526 scili-

1425 547 1483 576 cet
1511 540 1634 577 nullus
1664 553 1797 578 eorum
1826 543 2014 591 insurgat:
2044 545 2222 592 quamvis
2251 543 2345 580 ratio
2374 542 2494 591 possit

1423 593 1633 640 quemlibet
1671 594 1906 642 singulariter
1939 596 2123 645 impedire
2153 610 2200 634 ne
2231 597 2407 644 insurgat.
2445 597 2494 632 Et

1423 646 1635 683 secundum
1663 647 1739 683 hoc
1768 647 1903 685 dicitur
1930 650 2036 698 quod
2066 658 2194 687 motus
2223 651 2300 687 irae
2329 662 2408 686 non
2438 657 2494 686 est

1422 698 1460 735 in
1487 707 1674 748 potestate
1702 701 1885 738 hominis:
1915 701 1965 739 ita
1994 703 2134 740 scilicet
2158 704 2264 752 quod
2292 704 2417 740 nullus
2437 702 2492 739 in-

1422 760 1560 800 surgat.
1592 752 1693 799 Quia
1721 761 1851 791 tamen
1870 754 2081 803 aliqualiter
2105 764 2160 793 est
2180 757 2218 793 in
2237 756 2405 794 hominis
2423 767 2492 804 po-

1421 813 1571 853 testate,
1602 818 1680 842 non
1709 806 1872 843 totaliter
1898 808 2023 856 perdit
2050 809 2238 847 rationem
2265 809 2431 858 peccati,
2461 809 2492 845 si

1421 859 1466 895 sit
1493 859 1741 896 inordinatus.
1767 880 1792 888 -
1813 860 1931 906 Quod
1960 868 2087 898 autem
2115 862 2372 911 Philosophus
2391 862 2491 909 dicit,

1420 913 1558 949 iratum
1588 924 1674 949 cum
1703 913 1849 950 tristitia
1878 914 2050 961 operari,
2080 926 2158 951 non
2188 923 2244 951 est
2279 915 2491 955 sicintelli-

1419 967 1587 1014 gendum
1616 966 1725 1014 quasi
1753 966 1919 1003 tristetur
1937 968 1986 1004 de
2006 979 2052 1004 eo
2073 968 2179 1015 quod
2201 967 2394 1005 irascitur:
2424 969 2492 1006 sed

1420 1020 1508 1068 quia
1545 1019 1712 1056 tristatur
1741 1019 1787 1056 de
1816 1019 1951 1056 iniuria
1986 1032 2103 1068 quarn
2142 1021 2317 1058 aestimat
2353 1021 2424 1058 sibi
2452 1021 2491 1058 il-

1418 1073 1546 1119 latam,
1568 1079 1604 1109 et
1624 1085 1667 1109 ex
1696 1073 1768 1110 hac
1788 1073 1932 1110 tristitia
1953 1081 2132 1110 movetur
2159 1074 2209 1111 ad
2228 1074 2489 1123 appetendum

1417 1126 1641 1163 vindictam.

1471 1181 1529 1216 An
1561 1191 1736 1222 QUARTUM
1765 1191 1951 1217 Diceunum
1985 1179 2091 1228 quod
2127 1179 2324 1216 irascibilis
2356 1179 2393 1216 in
2422 1180 2491 1216 ho·

1390 1238 1391 1241 ’
1417 1233 1521 1270 mine
1550 1233 1769 1269 naturaliter
1797 1232 1993 1269 subiicitur
2021 1233 2169 1270 rationi.
2199 1234 2248 1270 Et
2275 1233 2364 1270 ideo
2385 1240 2491 1269 actus

1418 1286 1497 1323 eius
1526 1286 1713 1323 intantum
1735 1293 1790 1322 est
1809 1286 1957 1323 homini
1986 1286 2168 1323 naturalis
2187 1286 2415 1334 inquantum
2436 1294 2492 1323 est

1417 1339 1630 1377 secundum
1660 1339 1868 1376 rationem:
1898 1339 2123 1389 inquantum
2142 1352 2238 1376 vero
2258 1347 2314 1376 est
2341 1346 2492 1388 praeter

1417 1393 1592 1430 ordinem
1623 1393 1789 1440 rationis,
1812 1400 1867 1429 est
1891 1401 2021 1430 contra
2049 1393 2214 1430 hominis
2243 1401 2430 1430 naturam.

1477 1508 1503 1541 γ)
1524 1507 1661 1532 iudicium.
1673 1521 1691 1526 -
1710 1508 1736 1532 in
1757 1507 1885 1532 iudicium
1905 1507 2049 1532 ABEFKL.

974 1597 1311 1630 commentaria
1334 1597 1588 1631 Oardinalis
1609 1597 1810 1630 Caietam

326 1698 346 1718 N
381 1686 513 1718 articulo
545 1685 685 1716 secundo
718 1685 861 1715 eiusdem
893 1684 1106 1725 quaestionis,
1136 1694 1359 1725 quaecumque
1384 1688 1387 1721 ῑ
1414 1685 1585 1715 voluntarii
1614 1691 1644 1715 et
1671 1685 1809 1724 peccati,
1833 1684 1906 1715 licet
1936 1694 2049 1715 omnes
2080 1694 2146 1715 non
2179 1685 2243 1716 sint
2269 1685 2301 1715 in
2330 1691 2488 1725 potestate

300 1700 431 1762 Iessent
456 1730 588 1761 dicenda
614 1730 652 1759 de
678 1729 824 1769 passione
854 1728 999 1759 absolute
1027 1728 1242 1763 indifferente‚
1268 1735 1298 1758 et
1324 1738 1360 1758 ea
1385 1725 1388 1756 l
1416 1735 1539 1765 nostra,
1563 1729 1595 1758 in
1627 1728 1835 1769 responsione
1866 1729 1906 1759 ad
1936 1729 2080 1766 tertium;
2106 1736 2137 1760 et
2165 1730 2204 1759 de
2231 1729 2270 1759 iis
2300 1739 2382 1770 quae
2413 1737 2488 1761 sunt

295 1777 326 1806 in
350 1775 514 1806 individuo
542 1775 626 1804 bona
652 1774 704 1803 vel
729 1773 822 1808 mala,
848 1773 880 1802 in
907 1772 1115 1812 responsione
1139 1773 1178 1802 ad
1202 1772 1360 1812 primum;
1386 1757 1390 1819 i
1417 1779 1526 1803 contra
1543 1779 1687 1803 naturam
1712 1773 1853 1803 hominis
1877 1780 2034 1814 quatenus
2054 1773 2216 1804 rationalis
2232 1780 2287 1810 est,
2305 1773 2338 1804 in
2354 1782 2486 1814 respon·-

295 1827 325 1851 et
339 1821 377 1850 de
397 1819 506 1860 primis
530 1817 680 1854 motibus,
701 1817 790 1858 quod
815 1816 929 1856 singuli
954 1826 1021 1846 non
1044 1816 1183 1846 evadunt
1206 1816 1362 1846 rationem
1388 1824 1391 1844 ι
1418 1816 1507 1846 sione
1531 1817 1570 1846 ad
1594 1825 1763 1857 quartum:
1789 1817 1863 1847 satis
1887 1827 1923 1847 ex
1947 1817 2093 1858 superius
2108 1818 2126 1837 *
2149 1817 2240 1849 dictis
2268 1825 2375 1858 patere
2397 1825 2485 1858 puto

1095 1969 1417 2012 ARTICULUS
1446 1970 1677 2012 TERTIUS

884 2063 1040 2093 UTRUM
1065 2062 1198 2093 OMNJs
1223 2062 1295 2093 IRA
1319 2061 1386 2092 SIT
1409 2061 1650 2093 PECCATUM
1674 2061 1888 2093 MORTALE

409 2145 431 2169 Ι·
452 2144 507 2174 ΙΙ“·’,
528 2151 571 2176 qu.
591 2150 709 2172 Lxxxvm.
729 2147 774 2168 art.
797 2141 820 2172 5,
840 2143 871 2167 ad
895 2149 920 2171 1;
941 2142 982 2166 De
1000 2142 1084 2171 Malo,
1106 2150 1150 2174 qu.
1170 2149 1224 2201 vg&
1233 2146 1279 2201 ag
1288 2149 1327 2202 14ἑ
1344 2141 1376 2166 ad
1399 2148 1424 2170 ις
1445 2149 1491 2201 qui
1508 2148 1553 2201 xp.
1571 2147 1617 2167 art.
1638 2141 1669 2172 3³
1690 2141 1731 2166 De
1751 2142 1848 2167 Decem
1869 2142 2024 2175 Praecept„
2045 2149 2100 2175 cap.
2119 2142 2153 2167 de
2176 2141 2199 2166 V
2213 2142 2368 2175 Praecept.;

1269 2184 1315 2202 aa
1329 2194 1344 2206 .,
1365 2184 1419 2209 cap.
1439 2184 1463 2208 v,
1495 2184 1542 2202 ec.
1562 2184 1586 2202 v.

501 2271 522 2297 D
546 2270 707 2295 TER’rmM
733 2270 787 2295 stc
806 2269 1046 2295 PROCEDtTUR.
1071 2257 1230 2294 Videtur
1250 2258 1356 2306 quod

501 2313 628 2349 omnis
647 2311 701 2348 ira
721 2311 767 2348 sit
785 2319 985 2360 peccatum
1008 2311 1181 2348 mortale.
1213 2310 1358 2348 Dicitur

503 2366 604 2403 enim
633 2366 702 2402 Iob
726 2377 750 2401 v
768 2365 803 2402 *z
840 2366 971 2402 Virum
1004 2365 1156 2402 stultum
1185 2363 1360 2413 interficit

290 2473 480 2522 spirituali,
502 2485 524 2509 a
553 2485 628 2521 qua
655 2479 856 2520 peccatum
886 2473 1046 2509 mortale
1075 2472 1355 2509 denominatur.

290 2529 391 2574 Ergo
420 2526 475 2562 ira
504 2534 559 2563 est
586 2534 787 2574 peccatum
816 2526 989 2562 mortale.

344 2591 378 2616 2.
409 2580 644 2625 PRAETEREA,
665 2578 756 2615 nihil
785 2586 953 2616 meretur
976 2578 1265 2616 damnationem
1295 2590 1356 2614 ae-

288 2642 434 2670 ternam
464 2633 534 2669 nisi
563 2640 761 2681 peccatum
791 2633 963 2669 mortale.
1002 2632 1079 2668 Sed
1107 2632 1161 2668 ira
1189 2639 1356 2668 meretur

289 2685 575 2724 damnationem
614 2693 834 2723 aeternam:
877 2685 965 2722 dicit
1002 2685 1104 2722 enim
1142 2685 1355 2732 Dominus,

289 2740 422 2777 Matth.
443 2751 467 2776 v
485 2739 524 2776 *ε
559 2740 689 2777 Omnis
716 2740 783 2787 qui
808 2739 984 2776 irascitur
1007 2739 1126 2786 fratri
1150 2750 1239 2784 suo,
1269 2751 1356 2776 reus

288 2794 359 2830 erit
384 2793 543 2836 iudicio‚·
571 2792 635 2829 ubi
656 2792 744 2830 dicit
763 2793 901 2830 Glossa
919 2792 939 2814 '¹‘
967 2792 1072 2840 quod
1094 2803 1168 2840 per
1186 2791 1250 2828 illa
1270 2792 1354 2838 tria,

289 2858 386 2895 quae
411 2846 461 2882 ibi
480 2854 695 2893 tanguntur,
717 2845 869 2892 scilicet,
890 2846 1081 2891 iudicium,
1101 2845 1299 2883 concilium
1321 2853 1357 2882 et

287 2901 501 2949 gehennam
522 2904 559 2945 α,
589 2900 760 2936 diversae
792 2899 1005 2936 mansiones
1034 2899 1070 2935 in
1109 2904 1263 2936 aeterna
1291 2899 1356 2936 da-

289 2954 500 2998 mnatione,
524 2964 598 3000 pro
627 2953 738 2989 modo
763 2953 928 3000 peccati,
956 2952 1201 3001 singulariter
1231 2953 1356 3001 expri-

289 3012 453 3043 muntur.
484 3007 587 3053 Ergo
616 3005 670 3042 ira
701 3013 755 3042 est
783 3013 984 3054 peecatum
1015 3006 1187 3042 mortale.

344 3061 378 3097 3.
414 3061 655 3105 PRAETEREA,
699 3059 883 3107 quidquid
927 3058 1174 3096 contrariatur
1214 3058 1356 3096 caritati

290 3121 343 3149 est
366 3119 566 3160 peccatum
595 3113 766 3150 mortale.
798 3112 874 3149 Sed
895 3111 949 3149 ira
978 3112 1025 3148 de
1045 3124 1086 3148 se
1107 3113 1358 3149 contrariatur

290 3165 448 3202 caritati:
477 3173 518 3202 ut
536 3173 640 3214 patet
666 3177 735 3214 per
759 3165 1042 3214 Hieronymum
1061 3164 1093 3211 ²¹²,
1123 3177 1238 3214 super
1266 3165 1355 3203 illud

291 3220 422 3256 Matth.
442 3230 466 3254 v
484 3218 515 3265 ²¹²,
548 3219 624 3261 Qui
650 3219 825 3256 irascitur
831 3219 957 3267 fratri
981 3230 1049 3255 suo
1071 3226 1152 3264 etc„
1174 3218 1239 3255 ubi
1268 3218 1356 3256 dicit

290 3271 391 3319 quod
421 3272 495 3308 hoc
523 3279 579 3308 est
607 3281 738 3309 contra
765 3272 929 3320 proximi
959 3271 1212 3309 dilectionem.
1251 3273 1354 3321 Ergo

290 3324 343 3360 ira
373 3332 427 3360 est
454 3333 653 3372 peccatum
682 3326 854 3362 mortale.

344 3377 417 3413 SED
438 3389 583 3414 CONTRA
602 3390 668 3415 EST
687 3378 792 3426 quod
813 3390 927 3427 super
948 3378 1037 3415 illud
1057 3376 1200 3414 Psalmi
1215 3377 1246 3425 ³¹⁸,
1268 3379 1354 3415 Ira-

287 3430 436 3466 scimini
460 3436 496 3465 et
523 3430 634 3466 nolite
656 3443 828 3479 peccare,
850 3431 937 3468 dicit
966 3431 1103 3469 Glossa
1121 3430 1156 3467 *ε
1193 3431 1355 3468 Venialis

289 3488 343 3519 est
368 3483 426 3519 ira
454 3494 551 3530 quae
580 3495 652 3519 non
677 3485 898 3531 perducitur
925 3485 976 3522 ad
1001 3484 1187 3533 effectum.

342 3614 369 3646 α)
389 3613 545 3645 gehennam.
557 3626 577 3632 -
595 3613 713 3645 gehenna
734 3613 838 3638 PDHla.

388 2412 718 2456 Qiracundia:
757 2426 792 2455 et
821 2418 987 2467 loquitur
1016 2419 1062 2456 de
1096 2418 1356 2455 interfectione
1383 2463 1384 2467 Ἰ

1465 2258 1692 2295 ΒΕεΡοΝυΕο
1724 2269 1910 2295 montinum
1940 2258 2046 2307 quod
2083 2265 2211 2295 motus
2245 2258 2323 2296 irae
2360 2266 2488 2309 potest

1412 2323 1495 2348 esse
1523 2310 1759 2348 inordinatus
1788 2318 1825 2348 et
1851 2319 2055 2360 peccatum
2075 2311 2286 2360 dupliciter,
2307 2311 2404 2350 sicut
2430 2312 2485 2360 di-

1411 2371 1515 2402 ctum
1544 2371 1600 2402 est
1617 2363 1649 2401 ²¹⁸.
1678 2364 1767 2402 Uno
1795 2364 1930 2413 modo,
1957 2376 2002 2402 ex
2030 2372 2137 2414 parte
2165 2365 2397 2416 appetibilis:
2426 2363 2484 2404 ut-

1410 2425 1501 2466 pote
1531 2430 1619 2455 cum
1649 2417 1781 2468 aliquis
1809 2417 1953 2468 appetit
1973 2417 2154 2456 iniustam
2181 2418 2404 2457 vindictam.
2435 2419 2485 2458 Et

1411 2471 1464 2508 sic
1485 2483 1529 2509 ex
1549 2483 1688 2519 genere
1711 2483 1782 2508 suo
1807 2471 1862 2509 ira
1881 2479 1937 2508 est
1953 2479 2156 2521 peccatum
2180 2472 2364 2511 mortale:
2393 2472 2485 2521 quia

1411 2525 1660 2562 contrariatur
1681 2524 1822 2562 caritati
1842 2532 1878 2561 et
1896 2524 2071 2563 iustitiae.
2093 2527 2225 2563 Potest
2243 2533 2373 2563 tamen
2393 2538 2484 2564 con-

1409 2579 1555 2627 tingere
1585 2578 1692 2627 quod
1719 2579 1803 2616 talis
1821 2578 2011 2628 appetitus
2039 2578 2086 2616 sit
2103 2586 2306 2629 peccatum
2333 2578 2483 2618 veniale

1411 2640 1568 2681 propter
1595 2631 1925 2681 imperfectionem
1955 2640 2072 2669 actus.
2104 2632 2216 2680 Quae
2235 2631 2393 2681 quidem
2413 2631 2483 2673 im-

1410 2685 1589 2734 perfectio
1619 2685 1824 2723 attenditur
1850 2686 1912 2722 vel
1942 2698 1987 2723 ex
2011 2693 2118 2734 parte
2147 2684 2370 2736 appetentis,
2390 2693 2483 2735 puta

1411 2751 1498 2776 cum
1529 2747 1657 2776 motus
1685 2739 1762 2776 irae
1791 2738 1990 2788 praevenit
2007 2738 2188 2777 iudicium
2215 2737 2390 2776 rationis:
2418 2739 2482 2782 vel

1411 2793 1523 2830 etiam
1555 2804 1599 2829 ex
1627 2799 1733 2841 parte
1762 2791 1987 2841 appetibilis,
2017 2800 2108 2842 puta
2137 2804 2225 2830 cum
2254 2791 2388 2841 aliquis
2414 2804 2480 2842 ap-

1409 2846 1502 2895 petit
1530 2846 1568 2883 in
1598 2845 1726 2894 aliquo
1756 2845 1911 2884 modico
1941 2858 1982 2884 se
2008 2845 2216 2893 vindicare,
2235 2844 2342 2893 quod
2370 2845 2478 2893 quasi

1411 2899 1499 2936 nihil
1529 2906 1585 2936 est
1613 2899 1882 2948 reputandum,
1903 2899 1953 2936 ita
1981 2898 2086 2948 quod
2108 2899 2222 2936 etiarn
2251 2897 2282 2935 si
2310 2906 2396 2936 actu
2425 2899 2480 2936 in-

1410 2954 1563 2999 feratur,
1584 2964 1662 2989 non
1683 2960 1783 2990 esset
1809 2960 2012 3002 peccatum
2039 2951 2220 2997 morta1e;
2248 2958 2341 3000 puta
2363 2951 2393 2988 si
2413 2951 2478 2989 ali-

1410 3006 1494 3055 quis
1523 3017 1658 3055 parum
1689 3006 1812 3043 trahat
1839 3004 2004 3054 aliquem
2024 3016 2188 3054 puerum
2215 3016 2286 3053 per
2309 3005 2478 3053 capillos,

1410 3060 1472 3096 vel
1501 3059 1644 3108 aliquid
1671 3057 1904 3096 huiusmodi.

1462 3112 1548 3149 Alio
1578 3112 1698 3149 modo
1726 3119 1853 3162 potest
1881 3123 1963 3149 esse
1982 3118 2110 3148 motus
2137 3109 2215 3147 irae
2238 3109 2479 3149 inordinatus

1409 3173 1596 3214 quantum
1625 3165 1673 3203 ad
1702 3163 1864 3202 modum
1903 3162 2106 3202 irascendi:
2146 3170 2277 3212 utpote
2307 3163 2338 3200 si
2365 3164 2478 3202 nimis

1410 3219 1586 3256 ardenter
1612 3218 1794 3257 irascatur
1821 3215 1994 3264 interius,
2023 3215 2087 3253 vel
2115 3215 2145 3253 si
2173 3216 2286 3254 nimis
2316 3217 2478 3256 exterius

1410 3271 1624 3310 manifestet
1643 3270 1747 3318 signa
1764 3269 1860 3313 irae.
1890 3270 1939 3307 Et
1958 3269 2011 3307 sic
2029 3267 2084 3307 ira
2103 3269 2316 3307 secundum
2338 3283 2378 3307 se
2398 3282 2477 3309 non

1410 3326 1525 3361 habet
1554 3336 1598 3361 ex
1627 3336 1698 3360 suo
1726 3335 1865 3372 genere
1894 3322 2080 3360 rationem
2117 3323 2263 3371 peccati
2292 3323 2474 3362 mortalis.

1410 3379 1539 3415 Potest
1557 3385 1686 3414 tamen
1716 3375 1934 3423 contingere
1955 3375 2059 3424 quod
2080 3375 2124 3412 sit
2144 3384 2346 3424 peccatum
2374 3389 2477 3415 mor-

1409 3431 1502 3468 tale:
1536 3437 1627 3478 puta
1655 3428 1685 3466 si
1715 3440 1759 3465 ex
1786 3428 2031 3466 vehementia
2057 3428 2134 3466 irae
2164 3428 2298 3478 aliquis
2328 3429 2476 3470 excidat

1408 3495 1431 3520 a
1460 3481 1659 3519 dilectione
1688 3481 1759 3518 Dei
1789 3489 1824 3518 et
1851 3481 2027 3530 proximi.

2514 1696 2525 1707 ’
2530 1695 2554 1718 1³
2560 1694 2615 1723 ΠΜ,
2621 1701 2728 1724 qun-xxiv,

2514 1725 2557 1744 nrt.
2563 1727 2580 1749 ι,
2585 1727 2608 1749 2;
2617 1727 2657 1750 qu.
2664 1727 2728 1749 uxi,

2513 1751 2642 1804 3²3⁹&
2649 1755 2704 1801 “¹¹22
2694 1755 2728 1797 531

2514 1801 2648 1824 eomneut.
2662 1808 2727 1824 num.

2512 2382 2710 2411 ·Αη.ρηω.α.
