<?xml version="1.0" encoding="UTF-8"?>
<!DOCTYPE html PUBLIC "-//W3C//DTD XHTML 1.0 Transitional//EN"
    "http://www.w3.org/TR/xhtml1/DTD/xhtml1-transitional.dtd">
<html xmlns="http://www.w3.org/1999/xhtml" xml:lang="en" lang="en">
 <head>
  <title>
</title>
<meta http-equiv="Content-Type" content="text/html;charset=utf-8" />
  <meta name='ocr-system' content='tesseract 3.04.00' />
  <meta name='ocr-capabilities' content='ocr_page ocr_carea ocr_par ocr_line ocrx_word'/>
</head>
<body>
  <div class='ocr_page' id='page_1' title='image "./operaomniaiussui10thom/operaomniaiussui10thom_0147.png"; bbox 0 0 2768 4198; ppageno 0'>
   <div class='ocr_carea' id='block_1_1' title="bbox 58 333 246 356">
    <p class='ocr_par' dir='ltr' id='par_1_1' title="bbox 58 333 246 356">
     <span class='ocr_line' id='line_1_1' title="bbox 58 333 246 356; baseline -0.011 0"><span class='ocrx_word' id='word_1_1' title='bbox 58 334 71 347; x_wconf 70' lang='lat'>⁸</span> <span class='ocrx_word' id='word_1_2' title='bbox 83 333 120 356; x_wconf 76' lang='lat' dir='ltr'>cf.</span> <span class='ocrx_word' id='word_1_3' title='bbox 135 339 199 355; x_wconf 85' lang='lat' dir='ltr'>num.</span> <span class='ocrx_word' id='word_1_4' title='bbox 215 339 246 354; x_wconf 81' lang='lat' dir='ltr'>vi.</span> 
     </span>
    </p>
   </div>
   <div class='ocr_carea' id='block_1_2' title="bbox 61 552 251 574">
    <p class='ocr_par' dir='ltr' id='par_1_2' title="bbox 61 552 251 574">
     <span class='ocr_line' id='line_1_2' title="bbox 61 552 251 574; baseline -0.011 0"><span class='ocrx_word' id='word_1_5' title='bbox 61 553 70 563; x_wconf 79' lang='lat'>⁸</span> <span class='ocrx_word' id='word_1_6' title='bbox 85 552 120 574; x_wconf 70' lang='lat' dir='ltr'>Cf.</span> <span class='ocrx_word' id='word_1_7' title='bbox 136 557 198 572; x_wconf 86' lang='lat' dir='ltr'>num.</span> <span class='ocrx_word' id='word_1_8' title='bbox 214 557 251 572; x_wconf 87' lang='lat' dir='ltr'>vn.</span> 
     </span>
    </p>
   </div>
   <div class='ocr_carea' id='block_1_3' title="bbox 58 999 270 1027">
    <p class='ocr_par' dir='ltr' id='par_1_3' title="bbox 58 999 270 1027">
     <span class='ocr_line' id='line_1_3' title="bbox 58 999 270 1027; baseline 0 -4"><span class='ocrx_word' id='word_1_9' title='bbox 58 999 270 1027; x_wconf 51' lang='lat' dir='ltr'>‘Quamcum-</span> 
     </span>
    </p>
   </div>
   <div class='ocr_carea' id='block_1_4' title="bbox 57 1029 250 1049">
    <p class='ocr_par' dir='ltr' id='par_1_4' title="bbox 57 1029 250 1049">
     <span class='ocr_line' id='line_1_4' title="bbox 57 1029 250 1049; baseline -0.01 0"><span class='ocrx_word' id='word_1_10' title='bbox 57 1029 127 1049; x_wconf 68' lang='lat' dir='ltr'>mm.</span> <span class='ocrx_word' id='word_1_11' title='bbox 144 1032 208 1048; x_wconf 71' lang='lat' dir='ltr'>llum.</span> <span class='ocrx_word' id='word_1_12' title='bbox 223 1032 250 1048; x_wconf 84' lang='grc' dir='ltr'>ΙΙ.</span> 
     </span>
    </p>
   </div>
   <div class='ocr_carea' id='block_1_5' title="bbox 57 1088 268 1114">
    <p class='ocr_par' dir='ltr' id='par_1_5' title="bbox 57 1088 268 1114">
     <span class='ocr_line' id='line_1_5' title="bbox 57 1088 268 1114; baseline -0.005 -3"><span class='ocrx_word' id='word_1_13' title='bbox 57 1088 204 1114; x_wconf 50' lang='lat' dir='ltr'>fen-m</span> <span class='ocrx_word' id='word_1_14' title='bbox 217 1092 268 1111; x_wconf 78' lang='lat' dir='ltr'>vm.</span> 
     </span>
    </p>
   </div>
   <div class='ocr_carea' id='block_1_6' title="bbox 56 1223 241 1247">
    <p class='ocr_par' dir='ltr' id='par_1_6' title="bbox 56 1223 241 1247">
     <span class='ocr_line' id='line_1_6' title="bbox 56 1223 241 1247; baseline -0.011 0"><span class='ocrx_word' id='word_1_15' title='bbox 56 1223 112 1247; x_wconf 58' lang='lat' dir='ltr'>’CR</span> <span class='ocrx_word' id='word_1_16' title='bbox 127 1229 192 1246; x_wconf 85' lang='lat' dir='ltr'>num.</span> <span class='ocrx_word' id='word_1_17' title='bbox 207 1229 241 1246; x_wconf 86' lang='grc'><strong>111.</strong></span> 
     </span>
    </p>
   </div>
   <div class='ocr_carea' id='block_1_7' title="bbox 0 2375 266 2430">
    <p class='ocr_par' dir='ltr' id='par_1_7' title="bbox 0 2370 266 2436">
     <span class='ocr_line' id='line_1_7' title="bbox 0 2375 266 2430; baseline 0 -31"><span class='ocrx_word' id='word_1_18' title='bbox 0 2404 25 2430; x_wconf 42' lang='lat' dir='ltr'><strong><em>b</em></strong></span> <span class='ocrx_word' id='word_1_19' title='bbox 54 2375 152 2427; x_wconf 46' lang='lat' dir='ltr'>naum.</span> <span class='ocrx_word' id='word_1_20' title='bbox 175 2382 201 2404; x_wconf 86' lang='lat' dir='ltr'>u,</span> <span class='ocrx_word' id='word_1_21' title='bbox 217 2375 266 2399; x_wconf 79' lang='lat' dir='ltr'>De-</span> 
     </span>
    </p>
   </div>
   <div class='ocr_carea' id='block_1_8' title="bbox 53 2556 240 2581">
    <p class='ocr_par' dir='ltr' id='par_1_8' title="bbox 53 2556 240 2581">
     <span class='ocr_line' id='line_1_8' title="bbox 53 2556 240 2581; baseline -0.005 0"><span class='ocrx_word' id='word_1_22' title='bbox 53 2557 65 2570; x_wconf 80' lang='lat'><strong>·</strong></span> <span class='ocrx_word' id='word_1_23' title='bbox 77 2556 117 2581; x_wconf 71' lang='grc' dir='ltr'>α.</span> <span class='ocrx_word' id='word_1_24' title='bbox 129 2563 194 2581; x_wconf 81' lang='lat' dir='ltr'>num.</span> <span class='ocrx_word' id='word_1_25' title='bbox 207 2563 240 2580; x_wconf 84' lang='lat' dir='ltr'>rx.</span> 
     </span>
    </p>
   </div>
   <div class='ocr_carea' id='block_1_9' title="bbox 51 2643 188 2673">
    <p class='ocr_par' dir='ltr' id='par_1_9' title="bbox 0 2620 188 2673">
     <span class='ocr_line' id='line_1_9' title="bbox 51 2643 188 2673; baseline 0 -6"><span class='ocrx_word' id='word_1_26' title='bbox 51 2643 64 2658; x_wconf 75' lang='lat'>⁸</span> <span class='ocrx_word' id='word_1_27' title='bbox 76 2644 135 2673; x_wconf 79' lang='lat' dir='ltr'>Cap.</span> <span class='ocrx_word' id='word_1_28' title='bbox 148 2651 188 2668; x_wconf 81' lang='lat' dir='ltr'>xx.</span> 
     </span>
    </p>
   </div>
   <div class='ocr_carea' id='block_1_10' title="bbox 53 3134 180 3170">
    <p class='ocr_par' dir='ltr' id='par_1_10' title="bbox 53 3134 180 3170">
     <span class='ocr_line' id='line_1_10' title="bbox 53 3134 180 3170; baseline -0.008 -13"><span class='ocrx_word' id='word_1_29' title='bbox 53 3135 63 3146; x_wconf 80' lang='lat'><strong>‘</strong></span> <span class='ocrx_word' id='word_1_30' title='bbox 77 3134 149 3170; x_wconf 77' lang='lat' dir='ltr'>Num.</span> <span class='ocrx_word' id='word_1_31' title='bbox 165 3141 180 3157; x_wconf 92' lang='grc'>1.</span> 
     </span>
    </p>
   </div>
   <div class='ocr_carea' id='block_1_11' title="bbox 53 3491 265 3518">
    <p class='ocr_par' dir='ltr' id='par_1_11' title="bbox 53 3491 265 3518">
     <span class='ocr_line' id='line_1_11' title="bbox 53 3491 265 3518; baseline 0.005 -5"><span class='ocrx_word' id='word_1_32' title='bbox 53 3491 135 3518; x_wconf 74' lang='lat' dir='ltr'>⁸1bid.,</span> <span class='ocrx_word' id='word_1_33' title='bbox 145 3492 265 3515; x_wconf 79' lang='lat' dir='ltr'>Secundo.</span> 
     </span>
    </p>
   </div>
   <div class='ocr_carea' id='block_1_12' title="bbox 952 246 1873 295">
    <p class='ocr_par' dir='ltr' id='par_1_12' title="bbox 952 246 1873 295">
     <span class='ocr_line' id='line_1_12' title="bbox 952 246 1873 295; baseline 0.004 -13"><span class='ocrx_word' id='word_1_34' title='bbox 952 246 1221 292; x_wconf 90' lang='lat' dir='ltr'>QUAESTIO</span> <span class='ocrx_word' id='word_1_35' title='bbox 1251 247 1465 295; x_wconf 87' lang='lat' dir='ltr'>CXXXVI,</span> <span class='ocrx_word' id='word_1_36' title='bbox 1493 248 1792 286; x_wconf 89' lang='lat' dir='ltr'>ARTICULUS</span> <span class='ocrx_word' id='word_1_37' title='bbox 1822 249 1873 285; x_wconf 87' lang='lat' dir='ltr'>1V</span> 
     </span>
    </p>
   </div>
   <div class='ocr_carea' id='block_1_13' title="bbox 2427 252 2495 287">
    <p class='ocr_par' dir='ltr' id='par_1_13' title="bbox 2427 252 2495 287">
     <span class='ocr_line' id='line_1_13' title="bbox 2427 252 2495 287; baseline 0.015 -1"><span class='ocrx_word' id='word_1_38' title='bbox 2427 252 2495 287; x_wconf 85' lang='lat'>105</span> 
     </span>
    </p>
   </div>
   <div class='ocr_carea' id='block_1_14' title="bbox 300 325 2497 417">
    <p class='ocr_par' dir='ltr' id='par_1_14' title="bbox 300 325 2497 417">
     <span class='ocr_line' id='line_1_14' title="bbox 300 325 2497 378; baseline 0 -20"><span class='ocrx_word' id='word_1_39' title='bbox 300 327 390 358; x_wconf 86' lang='lat' dir='ltr'>sione</span> <span class='ocrx_word' id='word_1_40' title='bbox 412 327 452 356; x_wconf 92' lang='lat' dir='ltr'>ad</span> <span class='ocrx_word' id='word_1_41' title='bbox 475 326 653 357; x_wconf 90' lang='lat' dir='ltr'>secundum</span> <span class='ocrx_word' id='word_1_42' title='bbox 669 325 760 356; x_wconf 91' lang='lat' dir='ltr'>istius</span> <span class='ocrx_word' id='word_1_43' title='bbox 776 325 908 361; x_wconf 81' lang='lat' dir='ltr'>articuli,</span> <span class='ocrx_word' id='word_1_44' title='bbox 926 325 969 355; x_wconf 90' lang='lat' dir='ltr'>sic</span> <span class='ocrx_word' id='word_1_45' title='bbox 984 325 1011 355; x_wconf 90' lang='lat'>*.</span> <span class='ocrx_word' id='word_1_46' title='bbox 1036 325 1205 356; x_wconf 81' lang='lat' dir='ltr'>Fortitudo</span> <span class='ocrx_word' id='word_1_47' title='bbox 1225 332 1272 356; x_wconf 91' lang='lat' dir='ltr'>est</span> <span class='ocrx_word' id='word_1_48' title='bbox 1286 326 1371 365; x_wconf 90' lang='lat' dir='ltr'>prin-</span> <span class='ocrx_word' id='word_1_49' title='bbox 1396 328 1398 362; x_wconf 68' lang='grc'>1</span> <span class='ocrx_word' id='word_1_50' title='bbox 1425 327 1611 367; x_wconf 89' lang='lat' dir='ltr'>patientiam</span> <span class='ocrx_word' id='word_1_51' title='bbox 1629 327 1766 358; x_wconf 88' lang='lat' dir='ltr'>modum</span> <span class='ocrx_word' id='word_1_52' title='bbox 1789 327 1923 364; x_wconf 90' lang='lat' dir='ltr'>virtutis,</span> <span class='ocrx_word' id='word_1_53' title='bbox 1941 337 1996 358; x_wconf 87' lang='lat' dir='ltr'>seu</span> <span class='ocrx_word' id='word_1_54' title='bbox 2020 334 2142 367; x_wconf 89' lang='lat' dir='ltr'>partem</span> <span class='ocrx_word' id='word_1_55' title='bbox 2166 327 2350 378; x_wconf 81' lang='lat' dir='ltr'>integralem</span> <span class='ocrx_word' id='word_1_56' title='bbox 2374 329 2497 359; x_wconf 90' lang='lat' dir='ltr'>fortitu-</span> 
     </span>
     <span class='ocr_line' id='line_1_15' title="bbox 300 357 1398 417; baseline -0.001 -15"><span class='ocrx_word' id='word_1_57' title='bbox 300 370 441 412; x_wconf 87' lang='lat' dir='ltr'>cipaliter</span> <span class='ocrx_word' id='word_1_58' title='bbox 464 370 545 401; x_wconf 87' lang='lat' dir='ltr'>circa</span> <span class='ocrx_word' id='word_1_59' title='bbox 567 369 718 400; x_wconf 87' lang='lat' dir='ltr'>timorem</span> <span class='ocrx_word' id='word_1_60' title='bbox 744 369 944 400; x_wconf 87' lang='lat' dir='ltr'>futurorum:</span> <span class='ocrx_word' id='word_1_61' title='bbox 976 369 1127 409; x_wconf 88' lang='lat' dir='ltr'>patientia</span> <span class='ocrx_word' id='word_1_62' title='bbox 1157 369 1371 410; x_wconf 82' lang='lat' dir='ltr'>principaliter</span> <span class='ocrx_word' id='word_1_63' title='bbox 1397 357 1398 417; x_wconf 65' lang='grc'>1</span> 
     </span>
    </p>
   </div>
   <div class='ocr_carea' id='block_1_15' title="bbox 300 413 1398 455">
    <p class='ocr_par' dir='ltr' id='par_1_15' title="bbox 300 413 1398 455">
     <span class='ocr_line' id='line_1_16' title="bbox 300 413 1398 455; baseline -0.001 -8"><span class='ocrx_word' id='word_1_64' title='bbox 300 423 346 447; x_wconf 83' lang='grc'>051</span> <span class='ocrx_word' id='word_1_65' title='bbox 369 415 450 446; x_wconf 86' lang='grc'><strong>01108</strong></span> <span class='ocrx_word' id='word_1_66' title='bbox 465 414 680 455; x_wconf 83' lang='lat' dir='ltr'>praesentium</span> <span class='ocrx_word' id='word_1_67' title='bbox 697 413 845 445; x_wconf 82' lang='lat' dir='ltr'>tristitias.</span> <span class='ocrx_word' id='word_1_68' title='bbox 871 414 957 453; x_wconf 86' lang='lat' dir='ltr'>Ergo</span> <span class='ocrx_word' id='word_1_69' title='bbox 981 413 1136 444; x_wconf 89' lang='lat' dir='ltr'>fortitudo</span> <span class='ocrx_word' id='word_1_70' title='bbox 1161 421 1207 445; x_wconf 91' lang='lat' dir='ltr'>est</span> <span class='ocrx_word' id='word_1_71' title='bbox 1223 414 1398 447; x_wconf 86' lang='lat' dir='ltr'>adiuncta</span> 
     </span>
    </p>
   </div>
   <div class='ocr_carea' id='block_1_16' title="bbox 300 458 1398 500">
    <p class='ocr_par' dir='ltr' id='par_1_16' title="bbox 300 458 1398 500">
     <span class='ocr_line' id='line_1_17' title="bbox 300 458 1398 500; baseline 0 -10"><span class='ocrx_word' id='word_1_72' title='bbox 300 459 478 500; x_wconf 84' lang='lat' dir='ltr'>patientiae.</span> <span class='ocrx_word' id='word_1_73' title='bbox 495 476 515 482; x_wconf 93' lang='lat'><em>-</em></span> <span class='ocrx_word' id='word_1_74' title='bbox 531 459 572 489; x_wconf 93' lang='lat' dir='ltr'>Et</span> <span class='ocrx_word' id='word_1_75' title='bbox 587 465 673 490; x_wconf 88' lang='lat' dir='ltr'>tenet</span> <span class='ocrx_word' id='word_1_76' title='bbox 689 459 831 499; x_wconf 79' lang='lat' dir='ltr'>sequela:</span> <span class='ocrx_word' id='word_1_77' title='bbox 857 458 932 498; x_wconf 86' lang='lat' dir='ltr'>quia</span> <span class='ocrx_word' id='word_1_78' title='bbox 948 458 1020 498; x_wconf 90' lang='lat' dir='ltr'>plus</span> <span class='ocrx_word' id='word_1_79' title='bbox 1044 465 1091 489; x_wconf 81' lang='lat' dir='ltr'>est</span> <span class='ocrx_word' id='word_1_80' title='bbox 1113 459 1266 490; x_wconf 89' lang='lat' dir='ltr'>sustinere</span> <span class='ocrx_word' id='word_1_81' title='bbox 1283 469 1369 499; x_wconf 90' lang='lat' dir='ltr'>prae·</span> <span class='ocrx_word' id='word_1_82' title='bbox 1397 463 1398 466; x_wconf 77' lang='grc'>’</span> 
     </span>
    </p>
   </div>
   <div class='ocr_carea' id='block_1_17' title="bbox 299 502 1036 544">
    <p class='ocr_par' dir='ltr' id='par_1_17' title="bbox 299 502 1036 544">
     <span class='ocr_line' id='line_1_18' title="bbox 299 502 1036 544; baseline -0.003 -9"><span class='ocrx_word' id='word_1_83' title='bbox 299 504 399 536; x_wconf 85' lang='lat' dir='ltr'>sentia</span> <span class='ocrx_word' id='word_1_84' title='bbox 421 513 520 544; x_wconf 83' lang='lat' dir='ltr'>quam</span> <span class='ocrx_word' id='word_1_85' title='bbox 544 502 650 534; x_wconf 86' lang='lat' dir='ltr'>futura</span> <span class='ocrx_word' id='word_1_86' title='bbox 673 503 786 533; x_wconf 88' lang='lat' dir='ltr'>eadem</span> <span class='ocrx_word' id='word_1_87' title='bbox 809 503 893 533; x_wconf 88' lang='lat' dir='ltr'>mala</span> <span class='ocrx_word' id='word_1_88' title='bbox 916 503 1036 533; x_wconf 91' lang='lat' dir='ltr'>timere.</span> 
     </span>
    </p>
   </div>
   <div class='ocr_carea' id='block_1_18' title="bbox 300 545 1399 632">
    <p class='ocr_par' dir='ltr' id='par_1_18' title="bbox 300 545 1399 632">
     <span class='ocr_line' id='line_1_19' title="bbox 354 545 1398 588; baseline -0.001 -9"><span class='ocrx_word' id='word_1_89' title='bbox 354 548 518 579; x_wconf 87' lang='lat' dir='ltr'>Praeterea</span> <span class='ocrx_word' id='word_1_90' title='bbox 531 547 558 584; x_wconf 84' lang='grc'>*,</span> <span class='ocrx_word' id='word_1_91' title='bbox 583 547 737 578; x_wconf 85' lang='lat' dir='ltr'>sustinere</span> <span class='ocrx_word' id='word_1_92' title='bbox 760 547 938 587; x_wconf 87' lang='lat' dir='ltr'>praesentia</span> <span class='ocrx_word' id='word_1_93' title='bbox 953 547 1035 577; x_wconf 88' lang='lat' dir='ltr'>mala</span> <span class='ocrx_word' id='word_1_94' title='bbox 1059 554 1105 578; x_wconf 92' lang='lat' dir='ltr'>est</span> <span class='ocrx_word' id='word_1_95' title='bbox 1121 547 1324 588; x_wconf 84' lang='lat' dir='ltr'>principalior</span> <span class='ocrx_word' id='word_1_96' title='bbox 1341 554 1371 578; x_wconf 88' lang='lat' dir='ltr'>et</span> <span class='ocrx_word' id='word_1_97' title='bbox 1397 545 1398 548; x_wconf 70' lang='grc'>’</span> 
     </span>
     <span class='ocr_line' id='line_1_20' title="bbox 300 591 1399 632; baseline -0.001 -8"><span class='ocrx_word' id='word_1_98' title='bbox 300 592 456 624; x_wconf 82' lang='lat' dir='ltr'>difficilior</span> <span class='ocrx_word' id='word_1_99' title='bbox 490 599 578 623; x_wconf 86' lang='lat' dir='ltr'>actus</span> <span class='ocrx_word' id='word_1_100' title='bbox 602 601 701 632; x_wconf 85' lang='lat' dir='ltr'>quam</span> <span class='ocrx_word' id='word_1_101' title='bbox 725 602 791 622; x_wconf 92' lang='lat' dir='ltr'>non</span> <span class='ocrx_word' id='word_1_102' title='bbox 824 591 932 632; x_wconf 87' lang='lat' dir='ltr'>fugere</span> <span class='ocrx_word' id='word_1_103' title='bbox 960 598 1090 632; x_wconf 90' lang='lat' dir='ltr'>propter</span> <span class='ocrx_word' id='word_1_104' title='bbox 1113 591 1235 628; x_wconf 89' lang='lat' dir='ltr'>futura,</span> <span class='ocrx_word' id='word_1_105' title='bbox 1261 600 1291 623; x_wconf 88' lang='lat' dir='ltr'>et</span> <span class='ocrx_word' id='word_1_106' title='bbox 1313 592 1370 623; x_wconf 85' lang='lat' dir='ltr'>iste</span> <span class='ocrx_word' id='word_1_107' title='bbox 1397 615 1399 619; x_wconf 25' lang='lat' dir='ltr'>y</span> 
     </span>
    </p>
   </div>
   <div class='ocr_carea' id='block_1_19' title="bbox 298 636 1372 722">
    <p class='ocr_par' dir='ltr' id='par_1_19' title="bbox 298 636 1372 722">
     <span class='ocr_line' id='line_1_21' title="bbox 299 636 1370 676; baseline -0.001 -8"><span class='ocrx_word' id='word_1_108' title='bbox 299 637 464 668; x_wconf 88' lang='lat' dir='ltr'>ordinatur</span> <span class='ocrx_word' id='word_1_109' title='bbox 485 636 518 667; x_wconf 89' lang='lat' dir='ltr'>iu</span> <span class='ocrx_word' id='word_1_110' title='bbox 541 636 651 667; x_wconf 87' lang='lat' dir='ltr'>illum:</span> <span class='ocrx_word' id='word_1_111' title='bbox 681 646 756 667; x_wconf 89' lang='lat' dir='ltr'>nam</span> <span class='ocrx_word' id='word_1_112' title='bbox 780 647 846 667; x_wconf 91' lang='lat' dir='ltr'>non</span> <span class='ocrx_word' id='word_1_113' title='bbox 871 637 1012 667; x_wconf 90' lang='lat' dir='ltr'>multum</span> <span class='ocrx_word' id='word_1_114' title='bbox 1041 637 1206 676; x_wconf 81' lang='lat' dir='ltr'>prodesset</span> <span class='ocrx_word' id='word_1_115' title='bbox 1229 647 1295 667; x_wconf 89' lang='lat' dir='ltr'>non</span> <span class='ocrx_word' id='word_1_116' title='bbox 1319 636 1370 667; x_wconf 91' lang='lat' dir='ltr'>fu-</span> 
     </span>
     <span class='ocr_line' id='line_1_22' title="bbox 298 681 1372 722; baseline -0.002 -9"><span class='ocrx_word' id='word_1_117' title='bbox 298 691 370 722; x_wconf 84' lang='lat' dir='ltr'>gere</span> <span class='ocrx_word' id='word_1_118' title='bbox 394 681 519 718; x_wconf 86' lang='lat' dir='ltr'>futura,</span> <span class='ocrx_word' id='word_1_119' title='bbox 543 681 604 712; x_wconf 84' lang='lat' dir='ltr'>nisi</span> <span class='ocrx_word' id='word_1_120' title='bbox 627 681 872 722; x_wconf 86' lang='lat' dir='ltr'>subsequeretur</span> <span class='ocrx_word' id='word_1_121' title='bbox 898 681 1065 712; x_wconf 89' lang='lat' dir='ltr'>laudabilis</span> <span class='ocrx_word' id='word_1_122' title='bbox 1093 681 1260 712; x_wconf 82' lang='lat' dir='ltr'>tolerantia</span> <span class='ocrx_word' id='word_1_123' title='bbox 1282 691 1372 722; x_wconf 89' lang='lat' dir='ltr'>prae-</span> 
     </span>
    </p>
   </div>
   <div class='ocr_carea' id='block_1_20' title="bbox 299 725 1399 767">
    <p class='ocr_par' dir='ltr' id='par_1_20' title="bbox 299 725 1399 767">
     <span class='ocr_line' id='line_1_23' title="bbox 299 725 1399 767; baseline -0.001 -10"><span class='ocrx_word' id='word_1_124' title='bbox 299 726 447 757; x_wconf 81' lang='lat' dir='ltr'>sentium.</span> <span class='ocrx_word' id='word_1_125' title='bbox 477 726 562 766; x_wconf 85' lang='lat' dir='ltr'>Ergo</span> <span class='ocrx_word' id='word_1_126' title='bbox 586 726 687 766; x_wconf 88' lang='lat' dir='ltr'>magis</span> <span class='ocrx_word' id='word_1_127' title='bbox 717 725 886 766; x_wconf 87' lang='lat' dir='ltr'>patientiae</span> <span class='ocrx_word' id='word_1_128' title='bbox 917 725 1072 756; x_wconf 83' lang='lat' dir='ltr'>fortitudo</span> <span class='ocrx_word' id='word_1_129' title='bbox 1099 736 1198 767; x_wconf 92' lang='lat' dir='ltr'>quam</span> <span class='ocrx_word' id='word_1_130' title='bbox 1221 735 1239 756; x_wconf 87' lang='grc'>0</span> <span class='ocrx_word' id='word_1_131' title='bbox 1263 733 1372 757; x_wconf 89' lang='lat' dir='ltr'>contra</span> <span class='ocrx_word' id='word_1_132' title='bbox 1397 755 1399 757; x_wconf 86' lang='grc'><em>,</em></span> 
     </span>
    </p>
   </div>
   <div class='ocr_carea' id='block_1_21' title="bbox 299 770 1276 807">
    <p class='ocr_par' dir='ltr' id='par_1_21' title="bbox 299 770 1276 807">
     <span class='ocr_line' id='line_1_24' title="bbox 299 770 1276 807; baseline -0.001 -5"><span class='ocrx_word' id='word_1_133' title='bbox 299 770 533 807; x_wconf 72' lang='lat' dir='ltr'>subordinatur,</span> <span class='ocrx_word' id='word_1_134' title='bbox 557 771 736 802; x_wconf 87' lang='lat' dir='ltr'>secundum</span> <span class='ocrx_word' id='word_1_135' title='bbox 759 770 838 801; x_wconf 90' lang='lat' dir='ltr'>haec</span> <span class='ocrx_word' id='word_1_136' title='bbox 860 770 894 801; x_wconf 93' lang='lat' dir='ltr'>in</span> <span class='ocrx_word' id='word_1_137' title='bbox 917 770 976 801; x_wconf 86' lang='lat' dir='ltr'>hac</span> <span class='ocrx_word' id='word_1_138' title='bbox 999 770 1161 801; x_wconf 91' lang='lat' dir='ltr'>solutione</span> <span class='ocrx_word' id='word_1_139' title='bbox 1185 770 1276 801; x_wconf 90' lang='lat' dir='ltr'>dicta.</span> 
     </span>
    </p>
   </div>
   <div class='ocr_carea' id='block_1_22' title="bbox 297 814 1399 946">
    <p class='ocr_par' dir='ltr' id='par_1_22' title="bbox 297 814 1399 946">
     <span class='ocr_line' id='line_1_25' title="bbox 354 814 1398 856; baseline -0.002 -10"><span class='ocrx_word' id='word_1_140' title='bbox 354 815 392 846; x_wconf 80' lang='grc'>11.</span> <span class='ocrx_word' id='word_1_141' title='bbox 417 815 451 846; x_wconf 90' lang='lat' dir='ltr'>Si</span> <span class='ocrx_word' id='word_1_142' title='bbox 474 814 596 846; x_wconf 88' lang='lat' dir='ltr'>dicatur</span> <span class='ocrx_word' id='word_1_143' title='bbox 628 815 716 856; x_wconf 91' lang='lat' dir='ltr'>quod</span> <span class='ocrx_word' id='word_1_144' title='bbox 741 814 891 855; x_wconf 88' lang='lat' dir='ltr'>patientia</span> <span class='ocrx_word' id='word_1_145' title='bbox 921 821 1078 856; x_wconf 87' lang='lat' dir='ltr'>quantum</span> <span class='ocrx_word' id='word_1_146' title='bbox 1107 815 1147 845; x_wconf 88' lang='lat' dir='ltr'>ad</span> <span class='ocrx_word' id='word_1_147' title='bbox 1170 814 1369 845; x_wconf 82' lang='lat' dir='ltr'>tolerantiam</span> <span class='ocrx_word' id='word_1_148' title='bbox 1397 815 1398 844; x_wconf 69' lang='grc' dir='ltr'>Ξ</span> 
     </span>
     <span class='ocr_line' id='line_1_26' title="bbox 298 859 1399 895; baseline -0.001 -5"><span class='ocrx_word' id='word_1_149' title='bbox 298 860 459 891; x_wconf 85' lang='lat' dir='ltr'>malorum</span> <span class='ocrx_word' id='word_1_150' title='bbox 487 859 614 895; x_wconf 91' lang='lat' dir='ltr'>mortis,</span> <span class='ocrx_word' id='word_1_151' title='bbox 635 870 701 890; x_wconf 89' lang='lat' dir='ltr'>non</span> <span class='ocrx_word' id='word_1_152' title='bbox 726 867 773 891; x_wconf 90' lang='lat' dir='ltr'>est</span> <span class='ocrx_word' id='word_1_153' title='bbox 794 859 894 890; x_wconf 87' lang='lat' dir='ltr'>virtus</span> <span class='ocrx_word' id='word_1_154' title='bbox 924 859 1071 890; x_wconf 87' lang='lat' dir='ltr'>adiuncta</span> <span class='ocrx_word' id='word_1_155' title='bbox 1095 859 1290 894; x_wconf 86' lang='lat' dir='ltr'>fortitudini,</span> <span class='ocrx_word' id='word_1_156' title='bbox 1316 859 1371 889; x_wconf 93' lang='lat' dir='ltr'>sed</span> <span class='ocrx_word' id='word_1_157' title='bbox 1397 868 1399 894; x_wconf 66' lang='grc' dir='ltr'><em>ξ</em></span> 
     </span>
     <span class='ocr_line' id='line_1_27' title="bbox 297 903 1398 946; baseline 0 -11"><span class='ocrx_word' id='word_1_158' title='bbox 297 905 490 946; x_wconf 77' lang='lat' dir='ltr'>inquantum</span> <span class='ocrx_word' id='word_1_159' title='bbox 504 904 617 935; x_wconf 86' lang='lat' dir='ltr'>tolerat</span> <span class='ocrx_word' id='word_1_160' title='bbox 641 904 718 935; x_wconf 85' lang='lat' dir='ltr'>alia:</span> <span class='ocrx_word' id='word_1_161' title='bbox 746 911 782 935; x_wconf 90' lang='lat' dir='ltr'>ut</span> <span class='ocrx_word' id='word_1_162' title='bbox 804 904 872 945; x_wconf 88' lang='lat' dir='ltr'>ipse</span> <span class='ocrx_word' id='word_1_163' title='bbox 888 903 1034 935; x_wconf 80' lang='lat' dir='ltr'>Thomas</span> <span class='ocrx_word' id='word_1_164' title='bbox 1049 904 1083 934; x_wconf 91' lang='lat' dir='ltr'>in</span> <span class='ocrx_word' id='word_1_165' title='bbox 1107 903 1315 943; x_wconf 87' lang='lat' dir='ltr'>responsione</span> <span class='ocrx_word' id='word_1_166' title='bbox 1331 904 1371 934; x_wconf 88' lang='lat' dir='ltr'>ad</span> <span class='ocrx_word' id='word_1_167' title='bbox 1397 932 1398 935; x_wconf 76' lang='grc'>,</span> 
     </span>
    </p>
   </div>
   <div class='ocr_carea' id='block_1_23' title="bbox 297 948 1371 1034">
    <p class='ocr_par' dir='ltr' id='par_1_23' title="bbox 297 948 1371 1034">
     <span class='ocr_line' id='line_1_28' title="bbox 298 948 1370 988; baseline -0.002 -8"><span class='ocrx_word' id='word_1_168' title='bbox 298 949 426 981; x_wconf 88' lang='lat' dir='ltr'>tertium</span> <span class='ocrx_word' id='word_1_169' title='bbox 449 949 546 980; x_wconf 89' lang='lat' dir='ltr'>huius</span> <span class='ocrx_word' id='word_1_170' title='bbox 561 949 683 980; x_wconf 86' lang='lat' dir='ltr'>articuli</span> <span class='ocrx_word' id='word_1_171' title='bbox 706 948 829 980; x_wconf 89' lang='lat' dir='ltr'>innuit:</span> <span class='ocrx_word' id='word_1_172' title='bbox 853 966 874 972; x_wconf 89' lang='lat'>-</span> <span class='ocrx_word' id='word_1_173' title='bbox 899 948 1039 980; x_wconf 87' lang='lat' dir='ltr'>Contra:</span> <span class='ocrx_word' id='word_1_174' title='bbox 1059 958 1097 979; x_wconf 88' lang='lat' dir='ltr'>ex</span> <span class='ocrx_word' id='word_1_175' title='bbox 1120 949 1188 983; x_wconf 90' lang='lat' dir='ltr'>hac,</span> <span class='ocrx_word' id='word_1_176' title='bbox 1203 948 1318 988; x_wconf 89' lang='lat' dir='ltr'>inquit,</span> <span class='ocrx_word' id='word_1_177' title='bbox 1337 948 1370 978; x_wconf 92' lang='lat' dir='ltr'>in</span> 
     </span>
     <span class='ocr_line' id='line_1_29' title="bbox 297 992 1371 1034; baseline -0.002 -10"><span class='ocrx_word' id='word_1_178' title='bbox 297 993 408 1034; x_wconf 86' lang='lat' dir='ltr'>primis</span> <span class='ocrx_word' id='word_1_179' title='bbox 437 993 644 1034; x_wconf 87' lang='lat' dir='ltr'>responsione</span> <span class='ocrx_word' id='word_1_180' title='bbox 674 993 880 1024; x_wconf 85' lang='lat' dir='ltr'>confirmatur</span> <span class='ocrx_word' id='word_1_181' title='bbox 903 1002 1007 1024; x_wconf 91' lang='lat' dir='ltr'>unum</span> <span class='ocrx_word' id='word_1_182' title='bbox 1038 999 1239 1032; x_wconf 79' lang='lat' dir='ltr'>assumptum</span> <span class='ocrx_word' id='word_1_183' title='bbox 1253 992 1287 1028; x_wconf 86' lang='lat'>*,</span> <span class='ocrx_word' id='word_1_184' title='bbox 1312 992 1371 1023; x_wconf 88' lang='grc'><strong>501-</strong></span> 
     </span>
    </p>
   </div>
   <div class='ocr_carea' id='block_1_24' title="bbox 1425 372 2500 990">
    <p class='ocr_par' dir='ltr' id='par_1_24' title="bbox 1425 372 2498 769">
     <span class='ocr_line' id='line_1_30' title="bbox 1426 372 2497 423; baseline 0.001 -21"><span class='ocrx_word' id='word_1_185' title='bbox 1426 372 1525 408; x_wconf 87' lang='lat' dir='ltr'>dinis,</span> <span class='ocrx_word' id='word_1_186' title='bbox 1550 382 1632 412; x_wconf 87' lang='lat' dir='ltr'>quae</span> <span class='ocrx_word' id='word_1_187' title='bbox 1656 379 1703 403; x_wconf 91' lang='lat' dir='ltr'>est</span> <span class='ocrx_word' id='word_1_188' title='bbox 1726 372 1806 403; x_wconf 89' lang='lat' dir='ltr'>circa</span> <span class='ocrx_word' id='word_1_189' title='bbox 1830 372 1914 402; x_wconf 88' lang='lat' dir='ltr'>mala</span> <span class='ocrx_word' id='word_1_190' title='bbox 1938 372 2112 423; x_wconf 83' lang='lat' dir='ltr'>spectantia</span> <span class='ocrx_word' id='word_1_191' title='bbox 2140 372 2180 402; x_wconf 90' lang='lat' dir='ltr'>ad</span> <span class='ocrx_word' id='word_1_192' title='bbox 2203 372 2315 403; x_wconf 88' lang='lat' dir='ltr'>mortis</span> <span class='ocrx_word' id='word_1_193' title='bbox 2348 373 2497 412; x_wconf 87' lang='lat' dir='ltr'>pericula.</span> 
     </span>
     <span class='ocr_line' id='line_1_31' title="bbox 1426 416 2499 466; baseline 0 -19"><span class='ocrx_word' id='word_1_194' title='bbox 1426 416 1518 447; x_wconf 89' lang='lat' dir='ltr'>Unde</span> <span class='ocrx_word' id='word_1_195' title='bbox 1542 423 1598 447; x_wconf 85' lang='lat' dir='ltr'>aut</span> <span class='ocrx_word' id='word_1_196' title='bbox 1620 419 1743 447; x_wconf 86' lang='lat' dir='ltr'>Auctor</span> <span class='ocrx_word' id='word_1_197' title='bbox 1765 416 1798 447; x_wconf 93' lang='lat' dir='ltr'>in</span> <span class='ocrx_word' id='word_1_198' title='bbox 1822 416 2030 466; x_wconf 78' lang='lat' dir='ltr'>responsione</span> <span class='ocrx_word' id='word_1_199' title='bbox 2046 417 2086 446; x_wconf 91' lang='lat' dir='ltr'>ad</span> <span class='ocrx_word' id='word_1_200' title='bbox 2109 416 2252 456; x_wconf 87' lang='lat' dir='ltr'>primum</span> <span class='ocrx_word' id='word_1_201' title='bbox 2271 427 2349 447; x_wconf 92' lang='lat' dir='ltr'>usus</span> <span class='ocrx_word' id='word_1_202' title='bbox 2372 425 2418 447; x_wconf 93' lang='lat' dir='ltr'>est</span> <span class='ocrx_word' id='word_1_203' title='bbox 2442 428 2499 447; x_wconf 93' lang='lat' dir='ltr'>no-</span> 
     </span>
     <span class='ocr_line' id='line_1_32' title="bbox 1425 460 2497 502; baseline 0.001 -11"><span class='ocrx_word' id='word_1_204' title='bbox 1425 460 1511 491; x_wconf 91' lang='lat' dir='ltr'>mine</span> <span class='ocrx_word' id='word_1_205' title='bbox 1536 461 1704 501; x_wconf 85' lang='lat' dir='ltr'>patientiae</span> <span class='ocrx_word' id='word_1_206' title='bbox 1724 468 1759 491; x_wconf 90' lang='lat' dir='ltr'>ut</span> <span class='ocrx_word' id='word_1_207' title='bbox 1776 461 1990 492; x_wconf 89' lang='lat' dir='ltr'>communiter</span> <span class='ocrx_word' id='word_1_208' title='bbox 2013 460 2167 501; x_wconf 88' lang='lat' dir='ltr'>significat</span> <span class='ocrx_word' id='word_1_209' title='bbox 2192 469 2359 502; x_wconf 90' lang='lat' dir='ltr'>utramque</span> <span class='ocrx_word' id='word_1_210' title='bbox 2378 461 2497 502; x_wconf 86' lang='lat' dir='ltr'>patien-</span> 
     </span>
     <span class='ocr_line' id='line_1_33' title="bbox 1425 505 2498 547; baseline 0.001 -12"><span class='ocrx_word' id='word_1_211' title='bbox 1425 505 1512 542; x_wconf 90' lang='lat' dir='ltr'>tiam,</span> <span class='ocrx_word' id='word_1_212' title='bbox 1533 505 1608 546; x_wconf 89' lang='lat' dir='ltr'>quia</span> <span class='ocrx_word' id='word_1_213' title='bbox 1631 505 1663 535; x_wconf 89' lang='lat' dir='ltr'>in</span> <span class='ocrx_word' id='word_1_214' title='bbox 1688 506 1897 547; x_wconf 84' lang='lat' dir='ltr'>responsione</span> <span class='ocrx_word' id='word_1_215' title='bbox 1920 506 1960 536; x_wconf 92' lang='lat' dir='ltr'>ad</span> <span class='ocrx_word' id='word_1_216' title='bbox 1983 505 2113 536; x_wconf 88' lang='lat' dir='ltr'>tertium</span> <span class='ocrx_word' id='word_1_217' title='bbox 2137 514 2202 536; x_wconf 89' lang='lat' dir='ltr'>erat</span> <span class='ocrx_word' id='word_1_218' title='bbox 2223 505 2341 536; x_wconf 88' lang='lat' dir='ltr'>ibidem</span> <span class='ocrx_word' id='word_1_219' title='bbox 2362 506 2424 536; x_wconf 91' lang='lat' dir='ltr'>hoc</span> <span class='ocrx_word' id='word_1_220' title='bbox 2448 516 2498 537; x_wconf 88' lang='lat' dir='ltr'>ex-</span> 
     </span>
     <span class='ocr_line' id='line_1_34' title="bbox 1426 549 2498 591; baseline 0.001 -11"><span class='ocrx_word' id='word_1_221' title='bbox 1426 549 1627 590; x_wconf 90' lang='lat' dir='ltr'>planaturus,</span> <span class='ocrx_word' id='word_1_222' title='bbox 1653 557 1688 581; x_wconf 91' lang='lat' dir='ltr'>ut</span> <span class='ocrx_word' id='word_1_223' title='bbox 1712 550 1900 590; x_wconf 84' lang='lat' dir='ltr'>explanavit.</span> <span class='ocrx_word' id='word_1_224' title='bbox 1929 552 1997 581; x_wconf 87' lang='lat' dir='ltr'>Aut</span> <span class='ocrx_word' id='word_1_225' title='bbox 2025 560 2081 590; x_wconf 90' lang='lat' dir='ltr'>per</span> <span class='ocrx_word' id='word_1_226' title='bbox 2107 550 2140 591; x_wconf 89' lang='lat' dir='ltr'>ly</span> <span class='ocrx_word' id='word_1_227' title='bbox 2163 560 2382 591; x_wconf 84' lang='lat' dir='ltr'>quaecumque</span> <span class='ocrx_word' id='word_1_228' title='bbox 2411 551 2498 581; x_wconf 85' lang='lat' dir='ltr'>mala</span> 
     </span>
     <span class='ocr_line' id='line_1_35' title="bbox 1426 594 2498 635; baseline 0.001 -11"><span class='ocrx_word' id='word_1_229' title='bbox 1426 594 1648 630; x_wconf 87' lang='lat' dir='ltr'>subintellexit,</span> <span class='ocrx_word' id='word_1_230' title='bbox 1673 595 1740 625; x_wconf 85' lang='lat' dir='ltr'>alia</span> <span class='ocrx_word' id='word_1_231' title='bbox 1764 605 1784 625; x_wconf 88' lang='lat' dir='ltr'>a</span> <span class='ocrx_word' id='word_1_232' title='bbox 1807 595 1912 631; x_wconf 84' lang='lat' dir='ltr'>dictis,</span> <span class='ocrx_word' id='word_1_233' title='bbox 1937 594 2055 626; x_wconf 89' lang='lat' dir='ltr'>scilicet</span> <span class='ocrx_word' id='word_1_234' title='bbox 2078 594 2225 635; x_wconf 89' lang='lat' dir='ltr'>periculis</span> <span class='ocrx_word' id='word_1_235' title='bbox 2249 595 2377 631; x_wconf 83' lang='lat' dir='ltr'>mortis,</span> <span class='ocrx_word' id='word_1_236' title='bbox 2401 602 2431 626; x_wconf 91' lang='lat' dir='ltr'>et</span> <span class='ocrx_word' id='word_1_237' title='bbox 2455 595 2498 625; x_wconf 89' lang='lat' dir='ltr'>sic</span> 
     </span>
     <span class='ocr_line' id='line_1_36' title="bbox 1425 638 2498 680; baseline 0 -11"><span class='ocrx_word' id='word_1_238' title='bbox 1425 638 1546 678; x_wconf 88' lang='lat' dir='ltr'>accepit</span> <span class='ocrx_word' id='word_1_239' title='bbox 1569 639 1754 678; x_wconf 88' lang='lat' dir='ltr'>patientiam</span> <span class='ocrx_word' id='word_1_240' title='bbox 1771 640 1899 680; x_wconf 90' lang='lat' dir='ltr'>proprie</span> <span class='ocrx_word' id='word_1_241' title='bbox 1916 649 1975 680; x_wconf 91' lang='lat' dir='ltr'>pro</span> <span class='ocrx_word' id='word_1_242' title='bbox 1994 639 2110 670; x_wconf 89' lang='lat' dir='ltr'>virtute</span> <span class='ocrx_word' id='word_1_243' title='bbox 2133 639 2318 680; x_wconf 85' lang='lat' dir='ltr'>patientiae:</span> <span class='ocrx_word' id='word_1_244' title='bbox 2345 646 2380 670; x_wconf 91' lang='lat' dir='ltr'>ut</span> <span class='ocrx_word' id='word_1_245' title='bbox 2393 639 2427 669; x_wconf 91' lang='lat' dir='ltr'>in</span> <span class='ocrx_word' id='word_1_246' title='bbox 2451 650 2498 670; x_wconf 92' lang='lat' dir='ltr'>re-</span> 
     </span>
     <span class='ocr_line' id='line_1_37' title="bbox 1426 683 2498 725; baseline 0.001 -12"><span class='ocrx_word' id='word_1_247' title='bbox 1426 683 1599 723; x_wconf 87' lang='lat' dir='ltr'>sponsione</span> <span class='ocrx_word' id='word_1_248' title='bbox 1623 685 1663 714; x_wconf 87' lang='lat' dir='ltr'>ad</span> <span class='ocrx_word' id='word_1_249' title='bbox 1687 683 1815 714; x_wconf 89' lang='lat' dir='ltr'>tertium</span> <span class='ocrx_word' id='word_1_250' title='bbox 1839 683 2027 725; x_wconf 77' lang='lat' dir='ltr'>explanavit.</span> <span class='ocrx_word' id='word_1_251' title='bbox 2051 684 2093 715; x_wconf 91' lang='lat' dir='ltr'>Et</span> <span class='ocrx_word' id='word_1_252' title='bbox 2115 684 2160 715; x_wconf 91' lang='lat' dir='ltr'>sic</span> <span class='ocrx_word' id='word_1_253' title='bbox 2183 683 2228 715; x_wconf 88' lang='lat' dir='ltr'>nil</span> <span class='ocrx_word' id='word_1_254' title='bbox 2251 691 2360 714; x_wconf 89' lang='lat' dir='ltr'>contra</span> <span class='ocrx_word' id='word_1_255' title='bbox 2379 687 2498 715; x_wconf 83' lang='lat' dir='ltr'>Aucto-</span> 
     </span>
     <span class='ocr_line' id='line_1_38' title="bbox 1425 728 2113 769; baseline 0.001 -11"><span class='ocrx_word' id='word_1_256' title='bbox 1425 737 1508 764; x_wconf 89' lang='lat' dir='ltr'>rem,</span> <span class='ocrx_word' id='word_1_257' title='bbox 1533 728 1649 768; x_wconf 90' lang='lat' dir='ltr'>quovis</span> <span class='ocrx_word' id='word_1_258' title='bbox 1673 729 1773 758; x_wconf 94' lang='lat' dir='ltr'>modo</span> <span class='ocrx_word' id='word_1_259' title='bbox 1798 728 1934 765; x_wconf 88' lang='lat' dir='ltr'>dicatur,</span> <span class='ocrx_word' id='word_1_260' title='bbox 1959 728 2113 769; x_wconf 87' lang='lat' dir='ltr'>sequitur.</span> 
     </span>
    </p>

    <p class='ocr_par' dir='ltr' id='par_1_25' title="bbox 1425 772 2500 990">
     <span class='ocr_line' id='line_1_39' title="bbox 1481 772 2497 814; baseline 0 -12"><span class='ocrx_word' id='word_1_261' title='bbox 1481 772 1534 803; x_wconf 90' lang='lat' dir='ltr'>Vl.</span> <span class='ocrx_word' id='word_1_262' title='bbox 1559 772 1609 802; x_wconf 81' lang='lat' dir='ltr'>Ad</span> <span class='ocrx_word' id='word_1_263' title='bbox 1633 772 1779 809; x_wconf 85' lang='lat' dir='ltr'>tertium,</span> <span class='ocrx_word' id='word_1_264' title='bbox 1803 783 1840 804; x_wconf 87' lang='lat' dir='ltr'>ex</span> <span class='ocrx_word' id='word_1_265' title='bbox 1871 773 1960 804; x_wconf 91' lang='lat' dir='ltr'>dictis</span> <span class='ocrx_word' id='word_1_266' title='bbox 1990 773 2140 804; x_wconf 88' lang='lat' dir='ltr'>Auctoris</span> <span class='ocrx_word' id='word_1_267' title='bbox 2163 773 2197 804; x_wconf 92' lang='lat' dir='ltr'>in</span> <span class='ocrx_word' id='word_1_268' title='bbox 2221 773 2431 814; x_wconf 83' lang='lat' dir='ltr'>responsione</span> <span class='ocrx_word' id='word_1_269' title='bbox 2458 773 2497 803; x_wconf 91' lang='lat' dir='ltr'>ad</span> 
     </span>
     <span class='ocr_line' id='line_1_40' title="bbox 1426 816 2498 858; baseline 0.002 -12"><span class='ocrx_word' id='word_1_270' title='bbox 1426 817 1603 847; x_wconf 88' lang='lat' dir='ltr'>secundum</span> <span class='ocrx_word' id='word_1_271' title='bbox 1618 816 1645 852; x_wconf 83' lang='lat'>*.</span> <span class='ocrx_word' id='word_1_272' title='bbox 1663 817 1777 848; x_wconf 88' lang='lat' dir='ltr'>dicitur</span> <span class='ocrx_word' id='word_1_273' title='bbox 1792 818 1880 858; x_wconf 90' lang='lat' dir='ltr'>quod</span> <span class='ocrx_word' id='word_1_274' title='bbox 1903 817 1928 847; x_wconf 92' lang='lat' dir='ltr'>si</span> <span class='ocrx_word' id='word_1_275' title='bbox 1951 818 2185 858; x_wconf 83' lang='lat' dir='ltr'>interpretanda</span> <span class='ocrx_word' id='word_1_276' title='bbox 2208 824 2283 848; x_wconf 92' lang='lat' dir='ltr'>sunt</span> <span class='ocrx_word' id='word_1_277' title='bbox 2302 817 2384 848; x_wconf 88' lang='lat' dir='ltr'>dicta</span> <span class='ocrx_word' id='word_1_278' title='bbox 2403 818 2498 848; x_wconf 83' lang='lat' dir='ltr'>verba</span> 
     </span>
     <span class='ocr_line' id='line_1_41' title="bbox 1425 860 2500 902; baseline 0.002 -12"><span class='ocrx_word' id='word_1_279' title='bbox 1425 860 1464 890; x_wconf 92' lang='lat' dir='ltr'>de</span> <span class='ocrx_word' id='word_1_280' title='bbox 1481 860 1631 900; x_wconf 88' lang='lat' dir='ltr'>patientia</span> <span class='ocrx_word' id='word_1_281' title='bbox 1646 861 1772 897; x_wconf 87' lang='lat' dir='ltr'>virtute,</span> <span class='ocrx_word' id='word_1_282' title='bbox 1788 869 1875 902; x_wconf 87' lang='lat' dir='ltr'>patet</span> <span class='ocrx_word' id='word_1_283' title='bbox 1897 862 1987 902; x_wconf 92' lang='lat' dir='ltr'>quod</span> <span class='ocrx_word' id='word_1_284' title='bbox 2002 862 2090 892; x_wconf 91' lang='lat' dir='ltr'>nulla</span> <span class='ocrx_word' id='word_1_285' title='bbox 2113 869 2160 893; x_wconf 88' lang='lat' dir='ltr'>est</span> <span class='ocrx_word' id='word_1_286' title='bbox 2178 862 2346 893; x_wconf 84' lang='lat' dir='ltr'>difficultas</span> <span class='ocrx_word' id='word_1_287' title='bbox 2362 862 2395 892; x_wconf 91' lang='lat' dir='ltr'>in</span> <span class='ocrx_word' id='word_1_288' title='bbox 2410 872 2500 893; x_wconf 86' lang='lat' dir='ltr'>com-</span> 
     </span>
     <span class='ocr_line' id='line_1_42' title="bbox 1426 905 2497 947; baseline 0.001 -12"><span class='ocrx_word' id='word_1_289' title='bbox 1426 905 1604 944; x_wconf 84' lang='lat' dir='ltr'>paratione:</span> <span class='ocrx_word' id='word_1_290' title='bbox 1625 906 1700 946; x_wconf 88' lang='lat' dir='ltr'>quia</span> <span class='ocrx_word' id='word_1_291' title='bbox 1715 906 1786 936; x_wconf 83' lang='lat' dir='ltr'>talis</span> <span class='ocrx_word' id='word_1_292' title='bbox 1802 906 1954 946; x_wconf 89' lang='lat' dir='ltr'>patientia</span> <span class='ocrx_word' id='word_1_293' title='bbox 1973 916 2039 937; x_wconf 91' lang='lat' dir='ltr'>non</span> <span class='ocrx_word' id='word_1_294' title='bbox 2056 914 2102 937; x_wconf 90' lang='lat' dir='ltr'>est</span> <span class='ocrx_word' id='word_1_295' title='bbox 2117 907 2196 938; x_wconf 89' lang='lat' dir='ltr'>circa</span> <span class='ocrx_word' id='word_1_296' title='bbox 2211 907 2388 947; x_wconf 84' lang='lat' dir='ltr'>praesentia</span> <span class='ocrx_word' id='word_1_297' title='bbox 2405 907 2497 943; x_wconf 88' lang='lat' dir='ltr'>mala,</span> 
     </span>
     <span class='ocr_line' id='line_1_43' title="bbox 1425 949 2497 990; baseline 0.002 -10"><span class='ocrx_word' id='word_1_298' title='bbox 1425 949 1543 980; x_wconf 84' lang='lat' dir='ltr'>scilicet</span> <span class='ocrx_word' id='word_1_299' title='bbox 1561 950 1700 990; x_wconf 88' lang='lat' dir='ltr'>pericula</span> <span class='ocrx_word' id='word_1_300' title='bbox 1715 951 1838 981; x_wconf 88' lang='lat' dir='ltr'>mortis.</span> <span class='ocrx_word' id='word_1_301' title='bbox 1859 951 1935 981; x_wconf 91' lang='lat' dir='ltr'>Plus</span> <span class='ocrx_word' id='word_1_302' title='bbox 1951 951 2039 981; x_wconf 88' lang='lat' dir='ltr'>enim</span> <span class='ocrx_word' id='word_1_303' title='bbox 2054 958 2101 982; x_wconf 89' lang='lat' dir='ltr'>est</span> <span class='ocrx_word' id='word_1_304' title='bbox 2117 951 2224 982; x_wconf 88' lang='lat' dir='ltr'>sistere</span> <span class='ocrx_word' id='word_1_305' title='bbox 2241 959 2350 982; x_wconf 87' lang='lat' dir='ltr'>contra</span> <span class='ocrx_word' id='word_1_306' title='bbox 2367 951 2497 982; x_wconf 86' lang='lat' dir='ltr'>timores</span> 
     </span>
    </p>
   </div>
   <div class='ocr_carea' id='block_1_25' title="bbox 1397 994 2498 1035">
    <p class='ocr_par' dir='ltr' id='par_1_26' title="bbox 1397 994 2498 1035">
     <span class='ocr_line' id='line_1_44' title="bbox 1397 994 2498 1035; baseline 0.003 -12"><span class='ocrx_word' id='word_1_307' title='bbox 1397 1025 1399 1029; x_wconf 57' lang='grc'><strong>,</strong></span> <span class='ocrx_word' id='word_1_308' title='bbox 1426 994 1641 1024; x_wconf 82' lang='lat' dir='ltr'>maximorum</span> <span class='ocrx_word' id='word_1_309' title='bbox 1665 995 1826 1024; x_wconf 91' lang='lat' dir='ltr'>malorum</span> <span class='ocrx_word' id='word_1_310' title='bbox 1850 1005 1946 1035; x_wconf 87' lang='lat' dir='ltr'>quam</span> <span class='ocrx_word' id='word_1_311' title='bbox 1972 995 2124 1026; x_wconf 88' lang='lat' dir='ltr'>sustinere</span> <span class='ocrx_word' id='word_1_312' title='bbox 2149 996 2273 1026; x_wconf 89' lang='lat' dir='ltr'>minora</span> <span class='ocrx_word' id='word_1_313' title='bbox 2303 996 2395 1026; x_wconf 91' lang='lat' dir='ltr'>mala.</span> <span class='ocrx_word' id='word_1_314' title='bbox 2420 1013 2441 1020; x_wconf 88' lang='lat'>·-</span> <span class='ocrx_word' id='word_1_315' title='bbox 2465 996 2498 1027; x_wconf 86' lang='lat' dir='ltr'>Si</span> 
     </span>
    </p>
   </div>
   <div class='ocr_carea' id='block_1_26' title="bbox 296 1036 2498 1125">
    <p class='ocr_par' dir='ltr' id='par_1_27' title="bbox 296 1036 2498 1125">
     <span class='ocr_line' id='line_1_45' title="bbox 296 1036 1398 1079; baseline -0.005 -9"><span class='ocrx_word' id='word_1_316' title='bbox 296 1039 370 1070; x_wconf 77' lang='lat' dir='ltr'>licet</span> <span class='ocrx_word' id='word_1_317' title='bbox 393 1039 482 1079; x_wconf 91' lang='lat' dir='ltr'>quod</span> <span class='ocrx_word' id='word_1_318' title='bbox 506 1038 656 1079; x_wconf 87' lang='lat' dir='ltr'>patientia</span> <span class='ocrx_word' id='word_1_319' title='bbox 687 1045 733 1069; x_wconf 83' lang='lat' dir='ltr'>est</span> <span class='ocrx_word' id='word_1_320' title='bbox 756 1046 824 1069; x_wconf 89' lang='lat' dir='ltr'>tam</span> <span class='ocrx_word' id='word_1_321' title='bbox 855 1038 935 1069; x_wconf 88' lang='lat' dir='ltr'>circa</span> <span class='ocrx_word' id='word_1_322' title='bbox 965 1037 1103 1077; x_wconf 82' lang='lat' dir='ltr'>pericula</span> <span class='ocrx_word' id='word_1_323' title='bbox 1132 1036 1244 1067; x_wconf 84' lang='lat' dir='ltr'>mortis</span> <span class='ocrx_word' id='word_1_324' title='bbox 1272 1046 1371 1077; x_wconf 89' lang='lat' dir='ltr'>quam</span> <span class='ocrx_word' id='word_1_325' title='bbox 1397 1060 1398 1064; x_wconf 68' lang='grc'>,</span> 
     </span>
     <span class='ocr_line' id='line_1_46' title="bbox 1397 1081 2498 1125; baseline 0.005 -14"><span class='ocrx_word' id='word_1_326' title='bbox 1397 1100 1398 1103; x_wconf 62' lang='lat'><em>=</em></span> <span class='ocrx_word' id='word_1_327' title='bbox 1426 1081 1598 1112; x_wconf 89' lang='lat' dir='ltr'>dicendum</span> <span class='ocrx_word' id='word_1_328' title='bbox 1623 1089 1669 1113; x_wconf 89' lang='lat' dir='ltr'>est</span> <span class='ocrx_word' id='word_1_329' title='bbox 1697 1083 1786 1123; x_wconf 90' lang='lat' dir='ltr'>quod</span> <span class='ocrx_word' id='word_1_330' title='bbox 1809 1082 1964 1114; x_wconf 87' lang='lat' dir='ltr'>fortitudo</span> <span class='ocrx_word' id='word_1_331' title='bbox 1996 1084 2089 1114; x_wconf 88' lang='lat' dir='ltr'>habet</span> <span class='ocrx_word' id='word_1_332' title='bbox 2113 1094 2172 1124; x_wconf 92' lang='lat' dir='ltr'>pro</span> <span class='ocrx_word' id='word_1_333' title='bbox 2201 1092 2271 1115; x_wconf 87' lang='lat' dir='ltr'>actu</span> <span class='ocrx_word' id='word_1_334' title='bbox 2300 1095 2360 1115; x_wconf 91' lang='lat' dir='ltr'>suo</span> <span class='ocrx_word' id='word_1_335' title='bbox 2385 1085 2498 1125; x_wconf 88' lang='lat' dir='ltr'>princi—</span> 
     </span>
    </p>
   </div>
   <div class='ocr_carea' id='block_1_27' title="bbox 297 1082 1369 1166">
    <p class='ocr_par' dir='ltr' id='par_1_28' title="bbox 297 1082 1369 1166">
     <span class='ocr_line' id='line_1_47' title="bbox 297 1082 723 1114; baseline -0.002 0"><span class='ocrx_word' id='word_1_336' title='bbox 297 1082 392 1114; x_wconf 87' lang='lat' dir='ltr'>etiam</span> <span class='ocrx_word' id='word_1_337' title='bbox 417 1083 497 1114; x_wconf 91' lang='lat' dir='ltr'>circa</span> <span class='ocrx_word' id='word_1_338' title='bbox 513 1083 574 1114; x_wconf 88' lang='lat' dir='ltr'>alia</span> <span class='ocrx_word' id='word_1_339' title='bbox 597 1083 681 1113; x_wconf 83' lang='lat' dir='ltr'>mala</span> <span class='ocrx_word' id='word_1_340' title='bbox 695 1082 723 1114; x_wconf 86' lang='lat'>*.</span> 
     </span>
     <span class='ocr_line' id='line_1_48' title="bbox 353 1124 1369 1166; baseline -0.005 -7"><span class='ocrx_word' id='word_1_341' title='bbox 353 1127 476 1159; x_wconf 82' lang='lat' dir='ltr'>Deinde</span> <span class='ocrx_word' id='word_1_342' title='bbox 507 1128 566 1158; x_wconf 86' lang='lat' dir='ltr'>ista</span> <span class='ocrx_word' id='word_1_343' title='bbox 589 1127 708 1158; x_wconf 88' lang='lat' dir='ltr'>solutio</span> <span class='ocrx_word' id='word_1_344' title='bbox 732 1126 873 1158; x_wconf 89' lang='lat' dir='ltr'>continet</span> <span class='ocrx_word' id='word_1_345' title='bbox 904 1126 970 1157; x_wconf 90' lang='lat' dir='ltr'>duo</span> <span class='ocrx_word' id='word_1_346' title='bbox 994 1135 1076 1166; x_wconf 83' lang='lat' dir='ltr'>quae</span> <span class='ocrx_word' id='word_1_347' title='bbox 1103 1124 1250 1156; x_wconf 90' lang='lat' dir='ltr'>videntur</span> <span class='ocrx_word' id='word_1_348' title='bbox 1281 1124 1369 1155; x_wconf 88' lang='lat' dir='ltr'>falsa.</span> 
     </span>
    </p>
   </div>
   <div class='ocr_carea' id='block_1_28' title="bbox 297 1213 1370 1257">
    <p class='ocr_par' dir='ltr' id='par_1_29' title="bbox 297 1213 1370 1257">
     <span class='ocr_line' id='line_1_49' title="bbox 297 1213 1370 1257; baseline -0.005 -9"><span class='ocrx_word' id='word_1_349' title='bbox 297 1225 345 1248; x_wconf 85' lang='lat' dir='ltr'>est</span> <span class='ocrx_word' id='word_1_350' title='bbox 360 1227 432 1257; x_wconf 87' lang='lat' dir='ltr'>pars</span> <span class='ocrx_word' id='word_1_351' title='bbox 452 1217 612 1257; x_wconf 86' lang='lat' dir='ltr'>integralis</span> <span class='ocrx_word' id='word_1_352' title='bbox 631 1215 837 1248; x_wconf 89' lang='lat' dir='ltr'>fortitudinis.</span> <span class='ocrx_word' id='word_1_353' title='bbox 854 1232 875 1238; x_wconf 85' lang='lat'>-·</span> <span class='ocrx_word' id='word_1_354' title='bbox 897 1214 1083 1246; x_wconf 88' lang='lat' dir='ltr'>Secundum</span> <span class='ocrx_word' id='word_1_355' title='bbox 1100 1213 1118 1232; x_wconf 89' lang='lat'><strong>*</strong></span> <span class='ocrx_word' id='word_1_356' title='bbox 1140 1221 1187 1244; x_wconf 85' lang='lat' dir='ltr'>est</span> <span class='ocrx_word' id='word_1_357' title='bbox 1202 1213 1292 1254; x_wconf 90' lang='lat' dir='ltr'>quod</span> <span class='ocrx_word' id='word_1_358' title='bbox 1317 1223 1370 1253; x_wconf 90' lang='lat' dir='ltr'>pa-</span> 
     </span>
    </p>
   </div>
   <div class='ocr_carea' id='block_1_29' title="bbox 298 1302 1371 1397">
    <p class='ocr_par' dir='ltr' id='par_1_30' title="bbox 298 1302 1358 1391">
     <span class='ocr_line' id='line_1_50' title="bbox 298 1302 1161 1343; baseline -0.008 -4"><span class='ocrx_word' id='word_1_359' title='bbox 298 1313 347 1339; x_wconf 83' lang='lat' dir='ltr'>cta</span> <span class='ocrx_word' id='word_1_360' title='bbox 369 1306 491 1343; x_wconf 57' lang='lat' dir='ltr'>*Quiri</span> <span class='ocrx_word' id='word_1_361' title='bbox 481 1305 695 1337; x_wconf 58' lang='lat' dir='ltr'>fortitudinis</span> <span class='ocrx_word' id='word_1_362' title='bbox 718 1311 754 1336; x_wconf 91' lang='lat' dir='ltr'>ut</span> <span class='ocrx_word' id='word_1_363' title='bbox 777 1303 962 1335; x_wconf 84' lang='lat' dir='ltr'>secundaria</span> <span class='ocrx_word' id='word_1_364' title='bbox 984 1302 1161 1343; x_wconf 89' lang='lat' dir='ltr'>principali.</span> 
     </span>
     <span class='ocr_line' id='line_1_51' title="bbox 353 1346 1371 1397; baseline -0.006 -15"><span class='ocrx_word' id='word_1_365' title='bbox 353 1351 476 1382; x_wconf 85' lang='lat' dir='ltr'>Contra</span> <span class='ocrx_word' id='word_1_366' title='bbox 497 1350 639 1391; x_wconf 82' lang='lat' dir='ltr'>primum</span> <span class='ocrx_word' id='word_1_367' title='bbox 662 1349 814 1389; x_wconf 86' lang='lat' dir='ltr'>arguitur.</span> <span class='ocrx_word' id='word_1_368' title='bbox 837 1347 993 1379; x_wconf 86' lang='lat' dir='ltr'>Patientia</span> <span class='ocrx_word' id='word_1_369' title='bbox 1011 1356 1094 1397; x_wconf 82' lang='lat' dir='ltr'>quae</span> <span class='ocrx_word' id='word_1_370' title='bbox 1117 1354 1164 1378; x_wconf 90' lang='lat' dir='ltr'>est</span> <span class='ocrx_word' id='word_1_371' title='bbox 1183 1346 1263 1377; x_wconf 89' lang='lat' dir='ltr'>circa</span> <span class='ocrx_word' id='word_1_372' title='bbox 1286 1355 1371 1376; x_wconf 89' lang='lat' dir='ltr'>mor·</span> 
     </span>
    </p>
   </div>
   <div class='ocr_carea' id='block_1_30' title="bbox 297 1435 1370 1480">
    <p class='ocr_par' dir='ltr' id='par_1_31' title="bbox 297 1435 1370 1480">
     <span class='ocr_line' id='line_1_52' title="bbox 297 1435 1370 1480; baseline -0.006 -9"><span class='ocrx_word' id='word_1_373' title='bbox 297 1449 364 1471; x_wconf 84' lang='lat' dir='ltr'>non</span> <span class='ocrx_word' id='word_1_374' title='bbox 380 1446 428 1471; x_wconf 88' lang='lat' dir='ltr'>est</span> <span class='ocrx_word' id='word_1_375' title='bbox 442 1449 514 1480; x_wconf 83' lang='lat' dir='ltr'>pars</span> <span class='ocrx_word' id='word_1_376' title='bbox 524 1437 689 1478; x_wconf 86' lang='lat' dir='ltr'>integralis</span> <span class='ocrx_word' id='word_1_377' title='bbox 711 1436 916 1468; x_wconf 82' lang='lat' dir='ltr'>fortitudinis.</span> <span class='ocrx_word' id='word_1_378' title='bbox 941 1453 960 1460; x_wconf 94' lang='lat'>-</span> <span class='ocrx_word' id='word_1_379' title='bbox 982 1435 1182 1467; x_wconf 86' lang='lat' dir='ltr'>Antecedens</span> <span class='ocrx_word' id='word_1_380' title='bbox 1207 1435 1370 1476; x_wconf 87' lang='lat' dir='ltr'>probatur.</span> 
     </span>
    </p>
   </div>
   <div class='ocr_carea' id='block_1_31' title="bbox 1425 1039 2498 1080">
    <p class='ocr_par' dir='ltr' id='par_1_32' title="bbox 1425 1039 2498 1080">
     <span class='ocr_line' id='line_1_53' title="bbox 1425 1039 2498 1080; baseline 0.004 -13"><span class='ocrx_word' id='word_1_381' title='bbox 1425 1047 1500 1068; x_wconf 88' lang='lat' dir='ltr'>vero</span> <span class='ocrx_word' id='word_1_382' title='bbox 1515 1045 1693 1077; x_wconf 85' lang='lat' dir='ltr'>exponatur</span> <span class='ocrx_word' id='word_1_383' title='bbox 1709 1039 1747 1068; x_wconf 92' lang='lat' dir='ltr'>de</span> <span class='ocrx_word' id='word_1_384' title='bbox 1772 1039 1921 1078; x_wconf 89' lang='lat' dir='ltr'>patientia</span> <span class='ocrx_word' id='word_1_385' title='bbox 1938 1047 2024 1079; x_wconf 89' lang='lat' dir='ltr'>parte</span> <span class='ocrx_word' id='word_1_386' title='bbox 2041 1039 2183 1080; x_wconf 87' lang='lat' dir='ltr'>integrali</span> <span class='ocrx_word' id='word_1_387' title='bbox 2201 1040 2404 1076; x_wconf 88' lang='lat' dir='ltr'>fortitudinis,</span> <span class='ocrx_word' id='word_1_388' title='bbox 2422 1049 2498 1071; x_wconf 91' lang='lat' dir='ltr'>tunc</span> 
     </span>
    </p>
   </div>
   <div class='ocr_carea' id='block_1_32' title="bbox 1397 1125 2498 1172">
    <p class='ocr_par' dir='ltr' id='par_1_33' title="bbox 1397 1125 2498 1172">
     <span class='ocr_line' id='line_1_54' title="bbox 1397 1125 2498 1172; baseline 0.005 -17"><span class='ocrx_word' id='word_1_389' title='bbox 1397 1128 1399 1172; x_wconf 64' lang='grc'>,1</span> <span class='ocrx_word' id='word_1_390' title='bbox 1426 1125 1490 1165; x_wconf 89' lang='lat' dir='ltr'>pali</span> <span class='ocrx_word' id='word_1_391' title='bbox 1512 1126 1720 1157; x_wconf 86' lang='lat' dir='ltr'>immobiliter</span> <span class='ocrx_word' id='word_1_392' title='bbox 1735 1127 1843 1158; x_wconf 85' lang='lat' dir='ltr'>sistere</span> <span class='ocrx_word' id='word_1_393' title='bbox 1867 1135 1898 1158; x_wconf 91' lang='lat' dir='ltr'>et</span> <span class='ocrx_word' id='word_1_394' title='bbox 1914 1135 2022 1158; x_wconf 87' lang='lat' dir='ltr'>contra</span> <span class='ocrx_word' id='word_1_395' title='bbox 2037 1128 2168 1159; x_wconf 88' lang='lat' dir='ltr'>timores</span> <span class='ocrx_word' id='word_1_396' title='bbox 2184 1135 2214 1159; x_wconf 89' lang='lat' dir='ltr'>et</span> <span class='ocrx_word' id='word_1_397' title='bbox 2229 1136 2338 1159; x_wconf 87' lang='lat' dir='ltr'>contra</span> <span class='ocrx_word' id='word_1_398' title='bbox 2361 1130 2498 1161; x_wconf 87' lang='lat' dir='ltr'>tristitias</span> 
     </span>
    </p>
   </div>
   <div class='ocr_carea' id='block_1_33' title="bbox 298 1168 2497 1255">
    <p class='ocr_par' dir='ltr' id='par_1_34' title="bbox 298 1168 2480 1255">
     <span class='ocr_line' id='line_1_55' title="bbox 298 1168 1399 1205; baseline -0.003 -2"><span class='ocrx_word' id='word_1_399' title='bbox 298 1172 442 1203; x_wconf 83' lang='lat' dir='ltr'>Primum</span> <span class='ocrx_word' id='word_1_400' title='bbox 472 1179 519 1203; x_wconf 89' lang='lat' dir='ltr'>est</span> <span class='ocrx_word' id='word_1_401' title='bbox 565 1173 630 1203; x_wconf 90' lang='lat' dir='ltr'>uod</span> <span class='ocrx_word' id='word_1_402' title='bbox 682 1171 809 1202; x_wconf 87' lang='lat' dir='ltr'>atientia</span> <span class='ocrx_word' id='word_1_403' title='bbox 837 1177 872 1202; x_wconf 89' lang='lat' dir='ltr'>ut</span> <span class='ocrx_word' id='word_1_404' title='bbox 895 1177 942 1201; x_wconf 82' lang='lat' dir='ltr'>est</span> <span class='ocrx_word' id='word_1_405' title='bbox 975 1170 1055 1200; x_wconf 89' lang='lat' dir='ltr'>circa</span> <span class='ocrx_word' id='word_1_406' title='bbox 1101 1168 1218 1200; x_wconf 90' lang='lat' dir='ltr'>ericula</span> <span class='ocrx_word' id='word_1_407' title='bbox 1242 1168 1399 1205; x_wconf 85' lang='lat' dir='ltr'>mortis,</span> <span class='ocrx_word' id='word_1_408' title='bbox 1398 1195 1399 1200; x_wconf 71' lang='grc'>,</span> 
     </span>
     <span class='ocr_line' id='line_1_56' title="bbox 541 1179 2497 1255; baseline 0.002 -9"><span class='ocrx_word' id='word_1_409' title='bbox 541 1182 562 1213; x_wconf 79' lang='lat' dir='ltr'><strong>q</strong></span> <span class='ocrx_word' id='word_1_410' title='bbox 659 1182 679 1212; x_wconf 75' lang='lat' dir='ltr'>p</span> <span class='ocrx_word' id='word_1_411' title='bbox 1078 1179 1099 1209; x_wconf 76' lang='lat' dir='ltr'>p</span> <span class='ocrx_word' id='word_1_412' title='bbox 1397 1204 1399 1247; x_wconf 78' lang='grc'>1</span> <span class='ocrx_word' id='word_1_413' title='bbox 1426 1221 1473 1245; x_wconf 88' lang='grc'>051</span> <span class='ocrx_word' id='word_1_414' title='bbox 1502 1221 1533 1244; x_wconf 88' lang='grc'>01</span> <span class='ocrx_word' id='word_1_415' title='bbox 1563 1215 1717 1255; x_wconf 86' lang='lat' dir='ltr'>superatis</span> <span class='ocrx_word' id='word_1_416' title='bbox 1752 1216 1921 1246; x_wconf 89' lang='lat' dir='ltr'>timoribus</span> <span class='ocrx_word' id='word_1_417' title='bbox 1952 1224 1982 1247; x_wconf 92' lang='lat' dir='ltr'>et</span> <span class='ocrx_word' id='word_1_418' title='bbox 2011 1217 2142 1248; x_wconf 85' lang='lat' dir='ltr'>tristitiis</span> <span class='ocrx_word' id='word_1_419' title='bbox 2172 1217 2285 1248; x_wconf 89' lang='lat' dir='ltr'>talium</span> <span class='ocrx_word' id='word_1_420' title='bbox 2320 1218 2497 1255; x_wconf 88' lang='lat' dir='ltr'>malorum,</span> 
     </span>
    </p>
   </div>
   <div class='ocr_carea' id='block_1_34' title="bbox 298 1256 2499 1312">
    <p class='ocr_par' dir='ltr' id='par_1_35' title="bbox 298 1256 2499 1312">
     <span class='ocr_line' id='line_1_57' title="bbox 298 1256 2499 1312; baseline 0 -19"><span class='ocrx_word' id='word_1_421' title='bbox 298 1261 405 1293; x_wconf 81' lang='lat' dir='ltr'>tientia</span> <span class='ocrx_word' id='word_1_422' title='bbox 421 1269 456 1293; x_wconf 88' lang='lat' dir='ltr'>ut</span> <span class='ocrx_word' id='word_1_423' title='bbox 471 1269 517 1293; x_wconf 86' lang='lat' dir='ltr'>est</span> <span class='ocrx_word' id='word_1_424' title='bbox 532 1261 612 1293; x_wconf 85' lang='lat' dir='ltr'>circa</span> <span class='ocrx_word' id='word_1_425' title='bbox 627 1260 688 1291; x_wconf 87' lang='lat' dir='ltr'>alia</span> <span class='ocrx_word' id='word_1_426' title='bbox 703 1260 788 1291; x_wconf 85' lang='lat' dir='ltr'>mala</span> <span class='ocrx_word' id='word_1_427' title='bbox 803 1269 821 1290; x_wconf 86' lang='lat' dir='ltr'>a</span> <span class='ocrx_word' id='word_1_428' title='bbox 835 1260 922 1290; x_wconf 87' lang='lat' dir='ltr'>malo</span> <span class='ocrx_word' id='word_1_429' title='bbox 942 1257 1065 1294; x_wconf 88' lang='lat' dir='ltr'>mortis,</span> <span class='ocrx_word' id='word_1_430' title='bbox 1081 1264 1128 1288; x_wconf 89' lang='lat' dir='ltr'>est</span> <span class='ocrx_word' id='word_1_431' title='bbox 1143 1258 1243 1288; x_wconf 86' lang='lat' dir='ltr'>virtus</span> <span class='ocrx_word' id='word_1_432' title='bbox 1259 1256 1399 1300; x_wconf 57' lang='lat' dir='ltr'>adim-1</span> <span class='ocrx_word' id='word_1_433' title='bbox 1426 1258 1632 1289; x_wconf 90' lang='lat' dir='ltr'>immobiliter</span> <span class='ocrx_word' id='word_1_434' title='bbox 1647 1259 1827 1299; x_wconf 85' lang='lat' dir='ltr'>persistere:</span> <span class='ocrx_word' id='word_1_435' title='bbox 1852 1261 1941 1301; x_wconf 92' lang='lat' dir='ltr'>quod</span> <span class='ocrx_word' id='word_1_436' title='bbox 1958 1268 2005 1291; x_wconf 85' lang='lat' dir='ltr'>est</span> <span class='ocrx_word' id='word_1_437' title='bbox 2028 1261 2101 1312; x_wconf 82' lang='lat' dir='ltr'>plus</span> <span class='ocrx_word' id='word_1_438' title='bbox 2116 1272 2215 1302; x_wconf 87' lang='lat' dir='ltr'>quam</span> <span class='ocrx_word' id='word_1_439' title='bbox 2239 1272 2386 1302; x_wconf 88' lang='lat' dir='ltr'>superare</span> <span class='ocrx_word' id='word_1_440' title='bbox 2403 1263 2499 1294; x_wconf 86' lang='lat' dir='ltr'>timo-</span> 
     </span>
    </p>
   </div>
   <div class='ocr_carea' id='block_1_35' title="bbox 1426 1170 2497 1214">
    <p class='ocr_par' dir='ltr' id='par_1_36' title="bbox 1426 1170 2497 1214">
     <span class='ocr_line' id='line_1_58' title="bbox 1426 1170 2497 1214; baseline 0.005 -14"><span class='ocrx_word' id='word_1_441' title='bbox 1426 1179 1508 1211; x_wconf 88' lang='lat' dir='ltr'>quae</span> <span class='ocrx_word' id='word_1_442' title='bbox 1531 1170 1564 1200; x_wconf 92' lang='lat' dir='ltr'>in</span> <span class='ocrx_word' id='word_1_443' title='bbox 1587 1170 1735 1210; x_wconf 88' lang='lat' dir='ltr'>periculis</span> <span class='ocrx_word' id='word_1_444' title='bbox 1759 1172 1871 1202; x_wconf 88' lang='lat' dir='ltr'>mortis</span> <span class='ocrx_word' id='word_1_445' title='bbox 1895 1172 2145 1211; x_wconf 79' lang='lat' dir='ltr'>intervenerunt,</span> <span class='ocrx_word' id='word_1_446' title='bbox 2160 1173 2202 1203; x_wconf 88' lang='lat' dir='ltr'>ita</span> <span class='ocrx_word' id='word_1_447' title='bbox 2218 1174 2307 1214; x_wconf 92' lang='lat' dir='ltr'>quod</span> <span class='ocrx_word' id='word_1_448' title='bbox 2323 1181 2410 1204; x_wconf 89' lang='lat' dir='ltr'>actus</span> <span class='ocrx_word' id='word_1_449' title='bbox 2430 1175 2497 1205; x_wconf 92' lang='lat' dir='ltr'>eius</span> 
     </span>
    </p>
   </div>
   <div class='ocr_carea' id='block_1_36' title="bbox 1425 1304 2497 1345">
    <p class='ocr_par' dir='ltr' id='par_1_37' title="bbox 1425 1304 2497 1345">
     <span class='ocr_line' id='line_1_59' title="bbox 1425 1304 2497 1345; baseline 0.004 -12"><span class='ocrx_word' id='word_1_450' title='bbox 1425 1313 1484 1339; x_wconf 88' lang='lat' dir='ltr'>res,</span> <span class='ocrx_word' id='word_1_451' title='bbox 1501 1310 1532 1334; x_wconf 88' lang='lat' dir='ltr'>et</span> <span class='ocrx_word' id='word_1_452' title='bbox 1547 1304 1621 1344; x_wconf 89' lang='lat' dir='ltr'>plus</span> <span class='ocrx_word' id='word_1_453' title='bbox 1645 1314 1745 1344; x_wconf 88' lang='lat' dir='ltr'>quam</span> <span class='ocrx_word' id='word_1_454' title='bbox 1768 1315 1916 1345; x_wconf 89' lang='lat' dir='ltr'>superare</span> <span class='ocrx_word' id='word_1_455' title='bbox 1941 1305 2092 1337; x_wconf 84' lang='lat' dir='ltr'>tristitias.</span> <span class='ocrx_word' id='word_1_456' title='bbox 2124 1306 2165 1336; x_wconf 91' lang='lat' dir='ltr'>Et</span> <span class='ocrx_word' id='word_1_457' title='bbox 2189 1306 2250 1336; x_wconf 91' lang='lat' dir='ltr'>hoc</span> <span class='ocrx_word' id='word_1_458' title='bbox 2274 1306 2409 1338; x_wconf 87' lang='lat' dir='ltr'>intendit</span> <span class='ocrx_word' id='word_1_459' title='bbox 2431 1310 2497 1338; x_wconf 89' lang='lat' dir='ltr'>Au-</span> 
     </span>
    </p>
   </div>
   <div class='ocr_carea' id='block_1_37' title="bbox 297 1327 2500 1436">
    <p class='ocr_par' dir='ltr' id='par_1_38' title="bbox 297 1327 2500 1436">
     <span class='ocr_line' id='line_1_60' title="bbox 1397 1327 2500 1404; baseline 0.004 -27"><span class='ocrx_word' id='word_1_460' title='bbox 1397 1327 1399 1382; x_wconf 82' lang='grc'>1</span> <span class='ocrx_word' id='word_1_461' title='bbox 1426 1354 1494 1378; x_wconf 87' lang='grc'><strong>0101·</strong></span> <span class='ocrx_word' id='word_1_462' title='bbox 1518 1347 1626 1378; x_wconf 88' lang='lat' dir='ltr'>dicens</span> <span class='ocrx_word' id='word_1_463' title='bbox 1645 1349 1735 1389; x_wconf 91' lang='lat' dir='ltr'>quod</span> <span class='ocrx_word' id='word_1_464' title='bbox 1752 1349 1790 1379; x_wconf 89' lang='lat' dir='ltr'>ad</span> <span class='ocrx_word' id='word_1_465' title='bbox 1813 1349 2035 1404; x_wconf 84' lang='lat' dir='ltr'>fortitudinem</span> <span class='ocrx_word' id='word_1_466' title='bbox 2052 1357 2173 1391; x_wconf 86' lang='lat' dir='ltr'>spectat</span> <span class='ocrx_word' id='word_1_467' title='bbox 2196 1361 2262 1381; x_wconf 93' lang='lat' dir='ltr'>non</span> <span class='ocrx_word' id='word_1_468' title='bbox 2280 1350 2412 1381; x_wconf 89' lang='lat' dir='ltr'>deficere</span> <span class='ocrx_word' id='word_1_469' title='bbox 2429 1362 2500 1392; x_wconf 91' lang='lat' dir='ltr'>pro</span> 
     </span>
     <span class='ocr_line' id='line_1_61' title="bbox 297 1390 1753 1436; baseline -0.002 -10"><span class='ocrx_word' id='word_1_470' title='bbox 297 1395 336 1426; x_wconf 88' lang='lat' dir='ltr'>tis</span> <span class='ocrx_word' id='word_1_471' title='bbox 365 1395 504 1436; x_wconf 89' lang='lat' dir='ltr'>pericula</span> <span class='ocrx_word' id='word_1_472' title='bbox 523 1401 579 1430; x_wconf 88' lang='lat' dir='ltr'>est,</span> <span class='ocrx_word' id='word_1_473' title='bbox 597 1394 774 1424; x_wconf 89' lang='lat' dir='ltr'>secundum</span> <span class='ocrx_word' id='word_1_474' title='bbox 798 1392 976 1423; x_wconf 84' lang='lat' dir='ltr'>doctrinam</span> <span class='ocrx_word' id='word_1_475' title='bbox 999 1391 1077 1427; x_wconf 88' lang='lat' dir='ltr'>eius,</span> <span class='ocrx_word' id='word_1_476' title='bbox 1093 1390 1261 1422; x_wconf 85' lang='lat' dir='ltr'>fortitudo.</span> <span class='ocrx_word' id='word_1_477' title='bbox 1284 1390 1399 1430; x_wconf 86' lang='lat' dir='ltr'>Ergo</span> <span class='ocrx_word' id='word_1_478' title='bbox 1397 1411 1399 1433; x_wconf 81' lang='grc'>,</span> <span class='ocrx_word' id='word_1_479' title='bbox 1426 1399 1496 1433; x_wconf 89' lang='lat' dir='ltr'>pter</span> <span class='ocrx_word' id='word_1_480' title='bbox 1518 1391 1668 1429; x_wconf 85' lang='lat' dir='ltr'>tristitias,</span> <span class='ocrx_word' id='word_1_481' title='bbox 1693 1400 1753 1424; x_wconf 90' lang='lat' dir='ltr'>etc.</span> 
     </span>
    </p>
   </div>
   <div class='ocr_carea' id='block_1_38' title="bbox 1397 1437 1399 1473">
    <p class='ocr_par' dir='ltr' id='par_1_39' title="bbox 1397 1437 1399 1473">
     <span class='ocr_line' id='line_1_62' title="bbox 1397 1437 1399 1473; baseline 0 -7"><span class='ocrx_word' id='word_1_482' title='bbox 1397 1437 1399 1473; x_wconf 80' lang='grc'>1</span> 
     </span>
    </p>
   </div>
   <div class='ocr_carea' id='block_1_39' title="bbox 1481 1436 2499 1480">
    <p class='ocr_par' dir='ltr' id='par_1_40' title="bbox 1481 1436 2499 1480">
     <span class='ocr_line' id='line_1_63' title="bbox 1481 1436 2499 1480; baseline 0.004 -13"><span class='ocrx_word' id='word_1_483' title='bbox 1481 1436 1568 1467; x_wconf 87' lang='lat' dir='ltr'>Cum</span> <span class='ocrx_word' id='word_1_484' title='bbox 1592 1437 1654 1467; x_wconf 84' lang='lat' dir='ltr'>hoc</span> <span class='ocrx_word' id='word_1_485' title='bbox 1677 1444 1783 1468; x_wconf 89' lang='lat' dir='ltr'>tamen</span> <span class='ocrx_word' id='word_1_486' title='bbox 1809 1445 1879 1474; x_wconf 88' lang='lat' dir='ltr'>stat,</span> <span class='ocrx_word' id='word_1_487' title='bbox 1905 1439 2122 1479; x_wconf 88' lang='lat' dir='ltr'>comparando</span> <span class='ocrx_word' id='word_1_488' title='bbox 2146 1439 2220 1470; x_wconf 89' lang='lat' dir='ltr'>istas</span> <span class='ocrx_word' id='word_1_489' title='bbox 2244 1440 2417 1480; x_wconf 82' lang='lat' dir='ltr'>passiones,</span> <span class='ocrx_word' id='word_1_490' title='bbox 2442 1441 2499 1472; x_wconf 88' lang='lat' dir='ltr'>sci-</span> 
     </span>
    </p>
   </div>
   <div class='ocr_carea' id='block_1_40' title="bbox 295 1467 2499 1656">
    <p class='ocr_par' dir='ltr' id='par_1_41' title="bbox 295 1467 2498 1656">
     <span class='ocr_line' id='line_1_64' title="bbox 297 1467 2498 1524; baseline -0 -8"><span class='ocrx_word' id='word_1_491' title='bbox 297 1484 422 1516; x_wconf 74' lang='lat' dir='ltr'>Patiens</span> <span class='ocrx_word' id='word_1_492' title='bbox 445 1482 636 1524; x_wconf 84' lang='lat' dir='ltr'>martyrium</span> <span class='ocrx_word' id='word_1_493' title='bbox 658 1491 762 1522; x_wconf 84' lang='lat' dir='ltr'>usque</span> <span class='ocrx_word' id='word_1_494' title='bbox 785 1481 825 1512; x_wconf 82' lang='lat' dir='ltr'>ad</span> <span class='ocrx_word' id='word_1_495' title='bbox 848 1488 987 1512; x_wconf 88' lang='lat' dir='ltr'>mortem</span> <span class='ocrx_word' id='word_1_496' title='bbox 1013 1490 1072 1521; x_wconf 89' lang='lat' dir='ltr'>pro</span> <span class='ocrx_word' id='word_1_497' title='bbox 1097 1479 1237 1516; x_wconf 87' lang='lat' dir='ltr'>Christo,</span> <span class='ocrx_word' id='word_1_498' title='bbox 1258 1490 1370 1511; x_wconf 80' lang='lat' dir='ltr'>secun·</span> <span class='ocrx_word' id='word_1_499' title='bbox 1396 1467 1399 1515; x_wconf 88' lang='grc'>1</span> <span class='ocrx_word' id='word_1_500' title='bbox 1425 1480 1498 1512; x_wconf 85' lang='grc'><strong>11001</strong></span> <span class='ocrx_word' id='word_1_501' title='bbox 1528 1481 1679 1512; x_wconf 82' lang='grc' dir='ltr'><strong>1111101οω</strong></span> <span class='ocrx_word' id='word_1_502' title='bbox 1709 1490 1740 1513; x_wconf 86' lang='grc'>01</span> <span class='ocrx_word' id='word_1_503' title='bbox 1766 1483 1925 1513; x_wconf 85' lang='lat' dir='ltr'>tristitiam</span> <span class='ocrx_word' id='word_1_504' title='bbox 1957 1490 2100 1523; x_wconf 87' lang='lat' dir='ltr'>respectu</span> <span class='ocrx_word' id='word_1_505' title='bbox 2129 1483 2345 1524; x_wconf 88' lang='lat' dir='ltr'>periculorum</span> <span class='ocrx_word' id='word_1_506' title='bbox 2377 1485 2498 1522; x_wconf 88' lang='lat' dir='ltr'>mortis,</span> 
     </span>
     <span class='ocr_line' id='line_1_65' title="bbox 1396 1525 2499 1569; baseline 0.004 -13"><span class='ocrx_word' id='word_1_507' title='bbox 1396 1532 1398 1561; x_wconf 68' lang='grc' dir='ltr'>ἵ</span> <span class='ocrx_word' id='word_1_508' title='bbox 1425 1525 1514 1566; x_wconf 92' lang='lat' dir='ltr'>quod</span> <span class='ocrx_word' id='word_1_509' title='bbox 1537 1525 1635 1557; x_wconf 90' lang='lat' dir='ltr'>timor</span> <span class='ocrx_word' id='word_1_510' title='bbox 1657 1526 1698 1558; x_wconf 91' lang='lat' dir='ltr'>sit</span> <span class='ocrx_word' id='word_1_511' title='bbox 1720 1527 1926 1568; x_wconf 85' lang='lat' dir='ltr'>principalius</span> <span class='ocrx_word' id='word_1_512' title='bbox 1949 1528 2079 1558; x_wconf 88' lang='lat' dir='ltr'>materia</span> <span class='ocrx_word' id='word_1_513' title='bbox 2103 1527 2298 1559; x_wconf 86' lang='lat' dir='ltr'>fortitudinis</span> <span class='ocrx_word' id='word_1_514' title='bbox 2325 1539 2423 1569; x_wconf 88' lang='lat' dir='ltr'>quam</span> <span class='ocrx_word' id='word_1_515' title='bbox 2448 1530 2499 1560; x_wconf 89' lang='lat' dir='ltr'>tri-</span> 
     </span>
     <span class='ocr_line' id='line_1_66' title="bbox 297 1569 1398 1621; baseline -0.005 -16"><span class='ocrx_word' id='word_1_516' title='bbox 297 1580 344 1605; x_wconf 74' lang='grc'>181</span> <span class='ocrx_word' id='word_1_517' title='bbox 373 1574 495 1605; x_wconf 79' lang='lat' dir='ltr'>malum</span> <span class='ocrx_word' id='word_1_518' title='bbox 525 1570 648 1603; x_wconf 86' lang='lat' dir='ltr'>mortis.</span> <span class='ocrx_word' id='word_1_519' title='bbox 674 1573 740 1602; x_wconf 83' lang='lat' dir='ltr'>Aut</span> <span class='ocrx_word' id='word_1_520' title='bbox 772 1580 848 1611; x_wconf 81' lang='lat' dir='ltr'>ergo</span> <span class='ocrx_word' id='word_1_521' title='bbox 871 1577 919 1601; x_wconf 87' lang='lat' dir='ltr'>est</span> <span class='ocrx_word' id='word_1_522' title='bbox 940 1570 1064 1621; x_wconf 90' lang='lat' dir='ltr'>patiens</span> <span class='ocrx_word' id='word_1_523' title='bbox 1087 1576 1118 1600; x_wconf 92' lang='lat' dir='ltr'>et</span> <span class='ocrx_word' id='word_1_524' title='bbox 1141 1569 1231 1600; x_wconf 89' lang='lat' dir='ltr'>fortis</span> <span class='ocrx_word' id='word_1_525' title='bbox 1255 1570 1370 1600; x_wconf 90' lang='lat' dir='ltr'>eodem</span> <span class='ocrx_word' id='word_1_526' title='bbox 1396 1586 1398 1607; x_wconf 63' lang='lat'>,¹</span> 
     </span>
     <span class='ocr_line' id='line_1_67' title="bbox 295 1614 1397 1656; baseline -0.005 -6"><span class='ocrx_word' id='word_1_527' title='bbox 295 1625 384 1650; x_wconf 70' lang='lat' dir='ltr'>mu:</span> <span class='ocrx_word' id='word_1_528' title='bbox 408 1625 440 1649; x_wconf 83' lang='lat' dir='ltr'>et</span> <span class='ocrx_word' id='word_1_529' title='bbox 462 1625 539 1649; x_wconf 87' lang='lat' dir='ltr'>tunc</span> <span class='ocrx_word' id='word_1_530' title='bbox 553 1616 688 1647; x_wconf 83' lang='lat' dir='ltr'>habetur</span> <span class='ocrx_word' id='word_1_531' title='bbox 711 1615 880 1652; x_wconf 88' lang='lat' dir='ltr'>intentum,</span> <span class='ocrx_word' id='word_1_532' title='bbox 897 1615 973 1656; x_wconf 88' lang='lat' dir='ltr'>quia</span> <span class='ocrx_word' id='word_1_533' title='bbox 989 1615 1014 1645; x_wconf 89' lang='lat' dir='ltr'>si</span> <span class='ocrx_word' id='word_1_534' title='bbox 1039 1621 1127 1645; x_wconf 87' lang='lat' dir='ltr'>actus</span> <span class='ocrx_word' id='word_1_535' title='bbox 1151 1624 1216 1645; x_wconf 91' lang='lat' dir='ltr'>non</span> <span class='ocrx_word' id='word_1_536' title='bbox 1241 1621 1288 1645; x_wconf 89' lang='lat' dir='ltr'>est</span> <span class='ocrx_word' id='word_1_537' title='bbox 1308 1614 1370 1645; x_wconf 82' lang='lat' dir='ltr'>dis-</span> <span class='ocrx_word' id='word_1_538' title='bbox 1396 1619 1397 1652; x_wconf 67' lang='lat' dir='ltr'>j</span> 
     </span>
    </p>
   </div>
   <div class='ocr_carea' id='block_1_41' title="bbox 297 1524 1369 1578">
    <p class='ocr_par' dir='ltr' id='par_1_42' title="bbox 297 1524 1369 1578">
     <span class='ocr_line' id='line_1_68' title="bbox 297 1524 1369 1578; baseline -0.006 -16"><span class='ocrx_word' id='word_1_539' title='bbox 297 1529 376 1561; x_wconf 70' lang='lat' dir='ltr'>dum</span> <span class='ocrx_word' id='word_1_540' title='bbox 398 1529 497 1560; x_wconf 79' lang='lat' dir='ltr'>iatum</span> <span class='ocrx_word' id='word_1_541' title='bbox 512 1528 698 1578; x_wconf 79' lang='lat' dir='ltr'>Doctorem‚</span> <span class='ocrx_word' id='word_1_542' title='bbox 722 1533 770 1557; x_wconf 87' lang='lat' dir='ltr'>est</span> <span class='ocrx_word' id='word_1_543' title='bbox 792 1525 916 1566; x_wconf 88' lang='lat' dir='ltr'>patiens</span> <span class='ocrx_word' id='word_1_544' title='bbox 939 1532 970 1556; x_wconf 87' lang='grc'>01</span> <span class='ocrx_word' id='word_1_545' title='bbox 994 1524 1083 1556; x_wconf 89' lang='lat' dir='ltr'>fortis</span> <span class='ocrx_word' id='word_1_546' title='bbox 1102 1532 1175 1556; x_wconf 89' lang='lat' dir='ltr'>actu</span> <span class='ocrx_word' id='word_1_547' title='bbox 1199 1534 1266 1566; x_wconf 91' lang='lat' dir='ltr'>quo</span> <span class='ocrx_word' id='word_1_548' title='bbox 1289 1524 1369 1557; x_wconf 81' lang='lat' dir='ltr'>tole-</span> 
     </span>
    </p>
   </div>
   <div class='ocr_carea' id='block_1_42' title="bbox 295 1658 1370 1746">
    <p class='ocr_par' dir='ltr' id='par_1_43' title="bbox 295 1658 1370 1746">
     <span class='ocr_line' id='line_1_69' title="bbox 295 1658 1370 1699; baseline -0.006 -4"><span class='ocrx_word' id='word_1_549' title='bbox 295 1662 428 1699; x_wconf 70' lang='lat' dir='ltr'>tinctus,</span> <span class='ocrx_word' id='word_1_550' title='bbox 452 1671 510 1693; x_wconf 89' lang='lat' dir='ltr'>nec</span> <span class='ocrx_word' id='word_1_551' title='bbox 533 1660 671 1692; x_wconf 81' lang='lat' dir='ltr'>habitus.</span> <span class='ocrx_word' id='word_1_552' title='bbox 695 1662 762 1691; x_wconf 83' lang='lat' dir='ltr'>Aut</span> <span class='ocrx_word' id='word_1_553' title='bbox 785 1669 853 1691; x_wconf 86' lang='lat' dir='ltr'>uno</span> <span class='ocrx_word' id='word_1_554' title='bbox 878 1666 949 1690; x_wconf 90' lang='lat' dir='ltr'>actu</span> <span class='ocrx_word' id='word_1_555' title='bbox 978 1666 1026 1690; x_wconf 85' lang='lat' dir='ltr'>est</span> <span class='ocrx_word' id='word_1_556' title='bbox 1048 1658 1149 1695; x_wconf 81' lang='lat' dir='ltr'>fortis,</span> <span class='ocrx_word' id='word_1_557' title='bbox 1174 1665 1205 1690; x_wconf 90' lang='lat' dir='ltr'>et</span> <span class='ocrx_word' id='word_1_558' title='bbox 1228 1658 1291 1689; x_wconf 88' lang='lat' dir='ltr'>alio</span> <span class='ocrx_word' id='word_1_559' title='bbox 1315 1669 1370 1699; x_wconf 83' lang='lat' dir='ltr'>pa-</span> 
     </span>
     <span class='ocr_line' id='line_1_70' title="bbox 295 1703 1370 1746; baseline -0.005 -7"><span class='ocrx_word' id='word_1_560' title='bbox 295 1706 387 1739; x_wconf 75' lang='lat' dir='ltr'>tiens.</span> <span class='ocrx_word' id='word_1_561' title='bbox 410 1707 452 1738; x_wconf 85' lang='lat' dir='ltr'>Et</span> <span class='ocrx_word' id='word_1_562' title='bbox 474 1713 552 1738; x_wconf 89' lang='lat' dir='ltr'>tunc</span> <span class='ocrx_word' id='word_1_563' title='bbox 575 1704 747 1746; x_wconf 87' lang='lat' dir='ltr'>quaeritur,</span> <span class='ocrx_word' id='word_1_564' title='bbox 771 1704 828 1746; x_wconf 91' lang='lat' dir='ltr'>qui</span> <span class='ocrx_word' id='word_1_565' title='bbox 851 1704 914 1735; x_wconf 82' lang='lat' dir='ltr'>sint</span> <span class='ocrx_word' id='word_1_566' title='bbox 937 1704 993 1735; x_wconf 91' lang='lat' dir='ltr'>illi.</span> <span class='ocrx_word' id='word_1_567' title='bbox 1019 1704 1095 1735; x_wconf 91' lang='lat' dir='ltr'>Non</span> <span class='ocrx_word' id='word_1_568' title='bbox 1118 1704 1204 1734; x_wconf 89' lang='lat' dir='ltr'>enim</span> <span class='ocrx_word' id='word_1_569' title='bbox 1228 1710 1304 1734; x_wconf 83' lang='lat' dir='ltr'>sunt</span> <span class='ocrx_word' id='word_1_570' title='bbox 1326 1703 1370 1734; x_wconf 91' lang='lat' dir='ltr'>ibi</span> 
     </span>
    </p>
   </div>
   <div class='ocr_carea' id='block_1_43' title="bbox 295 1749 1397 1790">
    <p class='ocr_par' dir='ltr' id='par_1_44' title="bbox 295 1749 1397 1790">
     <span class='ocr_line' id='line_1_71' title="bbox 295 1749 1397 1790; baseline -0.005 -7"><span class='ocrx_word' id='word_1_571' title='bbox 295 1752 377 1783; x_wconf 81' lang='lat' dir='ltr'>duae</span> <span class='ocrx_word' id='word_1_572' title='bbox 393 1751 578 1783; x_wconf 77' lang='lat' dir='ltr'>tolerantiae</span> <span class='ocrx_word' id='word_1_573' title='bbox 594 1749 717 1787; x_wconf 78' lang='lat' dir='ltr'>mortis,</span> <span class='ocrx_word' id='word_1_574' title='bbox 735 1759 840 1790; x_wconf 82' lang='lat' dir='ltr'>neque</span> <span class='ocrx_word' id='word_1_575' title='bbox 855 1749 922 1780; x_wconf 91' lang='lat' dir='ltr'>duo</span> <span class='ocrx_word' id='word_1_576' title='bbox 939 1749 991 1780; x_wconf 85' lang='lat' dir='ltr'>alii</span> <span class='ocrx_word' id='word_1_577' title='bbox 1011 1756 1111 1780; x_wconf 87' lang='lat' dir='ltr'>actus.</span> <span class='ocrx_word' id='word_1_578' title='bbox 1135 1749 1248 1789; x_wconf 89' lang='lat' dir='ltr'>Neque</span> <span class='ocrx_word' id='word_1_579' title='bbox 1265 1755 1371 1788; x_wconf 84' lang='lat' dir='ltr'>potest</span> <span class='ocrx_word' id='word_1_580' title='bbox 1396 1755 1397 1776; x_wconf 66' lang='grc'>1</span> 
     </span>
    </p>
   </div>
   <div class='ocr_carea' id='block_1_44' title="bbox 294 1793 1369 2012">
    <p class='ocr_par' dir='ltr' id='par_1_45' title="bbox 294 1793 1368 2012">
     <span class='ocr_line' id='line_1_72' title="bbox 295 1793 1368 1838; baseline -0.005 -10"><span class='ocrx_word' id='word_1_581' title='bbox 295 1797 398 1828; x_wconf 77' lang='lat' dir='ltr'>dicere</span> <span class='ocrx_word' id='word_1_582' title='bbox 421 1797 512 1838; x_wconf 85' lang='lat' dir='ltr'>quod</span> <span class='ocrx_word' id='word_1_583' title='bbox 538 1805 620 1826; x_wconf 88' lang='lat' dir='ltr'>non·</span> <span class='ocrx_word' id='word_1_584' title='bbox 607 1793 731 1835; x_wconf 82' lang='lat' dir='ltr'>-fugere</span> <span class='ocrx_word' id='word_1_585' title='bbox 755 1801 802 1825; x_wconf 85' lang='lat' dir='ltr'>est</span> <span class='ocrx_word' id='word_1_586' title='bbox 825 1800 914 1825; x_wconf 89' lang='lat' dir='ltr'>actus</span> <span class='ocrx_word' id='word_1_587' title='bbox 937 1793 1146 1830; x_wconf 83' lang='lat' dir='ltr'>fortitudinis,</span> <span class='ocrx_word' id='word_1_588' title='bbox 1171 1799 1202 1824; x_wconf 88' lang='lat' dir='ltr'>et</span> <span class='ocrx_word' id='word_1_589' title='bbox 1224 1793 1368 1824; x_wconf 89' lang='lat' dir='ltr'>laudabi-</span> 
     </span>
     <span class='ocr_line' id='line_1_73' title="bbox 294 1837 1368 1878; baseline -0.006 -5"><span class='ocrx_word' id='word_1_590' title='bbox 294 1840 364 1873; x_wconf 86' lang='lat' dir='ltr'>liter</span> <span class='ocrx_word' id='word_1_591' title='bbox 387 1851 420 1872; x_wconf 94' lang='lat' dir='ltr'>se</span> <span class='ocrx_word' id='word_1_592' title='bbox 443 1841 557 1872; x_wconf 86' lang='lat' dir='ltr'>habere</span> <span class='ocrx_word' id='word_1_593' title='bbox 580 1839 613 1870; x_wconf 93' lang='lat' dir='ltr'>in</span> <span class='ocrx_word' id='word_1_594' title='bbox 637 1839 804 1870; x_wconf 89' lang='lat' dir='ltr'>tolerando</span> <span class='ocrx_word' id='word_1_595' title='bbox 829 1845 875 1869; x_wconf 89' lang='lat' dir='ltr'>est</span> <span class='ocrx_word' id='word_1_596' title='bbox 898 1845 987 1869; x_wconf 87' lang='lat' dir='ltr'>actus</span> <span class='ocrx_word' id='word_1_597' title='bbox 1010 1837 1199 1878; x_wconf 83' lang='lat' dir='ltr'>patientiae:</span> <span class='ocrx_word' id='word_1_598' title='bbox 1224 1837 1300 1878; x_wconf 84' lang='lat' dir='ltr'>quia</span> <span class='ocrx_word' id='word_1_599' title='bbox 1322 1847 1368 1868; x_wconf 88' lang='lat' dir='ltr'>se-</span> 
     </span>
     <span class='ocr_line' id='line_1_74' title="bbox 294 1881 1368 1928; baseline -0.006 -10"><span class='ocrx_word' id='word_1_600' title='bbox 294 1893 447 1928; x_wconf 82' lang='lat' dir='ltr'>queretur</span> <span class='ocrx_word' id='word_1_601' title='bbox 468 1885 558 1927; x_wconf 88' lang='lat' dir='ltr'>quod</span> <span class='ocrx_word' id='word_1_602' title='bbox 574 1882 701 1924; x_wconf 82' lang='lat' dir='ltr'>aggredi</span> <span class='ocrx_word' id='word_1_603' title='bbox 717 1889 749 1914; x_wconf 89' lang='lat' dir='ltr'>et</span> <span class='ocrx_word' id='word_1_604' title='bbox 763 1883 934 1923; x_wconf 89' lang='lat' dir='ltr'>perdurare</span> <span class='ocrx_word' id='word_1_605' title='bbox 958 1882 1180 1913; x_wconf 85' lang='lat' dir='ltr'>laudabiliter&#39;</span> <span class='ocrx_word' id='word_1_606' title='bbox 1172 1892 1204 1912; x_wconf 91' lang='grc'>111</span> <span class='ocrx_word' id='word_1_607' title='bbox 1221 1881 1368 1922; x_wconf 91' lang='lat' dir='ltr'>periculis</span> 
     </span>
     <span class='ocr_line' id='line_1_75' title="bbox 294 1927 1369 1968; baseline -0.006 -6"><span class='ocrx_word' id='word_1_608' title='bbox 294 1931 408 1962; x_wconf 84' lang='lat' dir='ltr'>mortis</span> <span class='ocrx_word' id='word_1_609' title='bbox 432 1939 498 1961; x_wconf 83' lang='lat' dir='ltr'>non</span> <span class='ocrx_word' id='word_1_610' title='bbox 521 1935 603 1959; x_wconf 87' lang='lat' dir='ltr'>esset</span> <span class='ocrx_word' id='word_1_611' title='bbox 626 1933 714 1958; x_wconf 89' lang='lat' dir='ltr'>actus</span> <span class='ocrx_word' id='word_1_612' title='bbox 737 1927 947 1963; x_wconf 85' lang='lat' dir='ltr'>fortitudinis;</span> <span class='ocrx_word' id='word_1_613' title='bbox 977 1927 1066 1968; x_wconf 92' lang='lat' dir='ltr'>quod</span> <span class='ocrx_word' id='word_1_614' title='bbox 1090 1934 1137 1957; x_wconf 87' lang='lat' dir='ltr'>est</span> <span class='ocrx_word' id='word_1_615' title='bbox 1160 1933 1269 1957; x_wconf 89' lang='lat' dir='ltr'>contra</span> <span class='ocrx_word' id='word_1_616' title='bbox 1292 1936 1369 1957; x_wconf 90' lang='lat' dir='ltr'>eun-</span> 
     </span>
     <span class='ocr_line' id='line_1_76' title="bbox 295 1971 1367 2012; baseline -0.005 -6"><span class='ocrx_word' id='word_1_617' title='bbox 295 1975 370 2005; x_wconf 79' lang='lat' dir='ltr'>dem</span> <span class='ocrx_word' id='word_1_618' title='bbox 392 1975 568 2005; x_wconf 90' lang='lat' dir='ltr'>Doctorem</span> <span class='ocrx_word' id='word_1_619' title='bbox 598 1971 771 2007; x_wconf 86' lang='lat' dir='ltr'>dicentem,</span> <span class='ocrx_word' id='word_1_620' title='bbox 799 1971 832 2002; x_wconf 91' lang='lat' dir='ltr'>in</span> <span class='ocrx_word' id='word_1_621' title='bbox 862 1971 1071 2012; x_wconf 89' lang='lat' dir='ltr'>responsione</span> <span class='ocrx_word' id='word_1_622' title='bbox 1101 1971 1141 2001; x_wconf 89' lang='lat' dir='ltr'>ad</span> <span class='ocrx_word' id='word_1_623' title='bbox 1173 1971 1367 2002; x_wconf 91' lang='lat' dir='ltr'>secundum:</span> 
     </span>
    </p>
   </div>
   <div class='ocr_carea' id='block_1_45' title="bbox 296 2060 1366 2103">
    <p class='ocr_par' dir='ltr' id='par_1_46' title="bbox 296 2060 1366 2103">
     <span class='ocr_line' id='line_1_77' title="bbox 296 2060 1366 2103; baseline -0.003 -9"><span class='ocrx_word' id='word_1_624' title='bbox 296 2064 329 2094; x_wconf 85' lang='lat' dir='ltr'>in</span> <span class='ocrx_word' id='word_1_625' title='bbox 353 2064 435 2094; x_wconf 79' lang='lat' dir='ltr'>bono</span> <span class='ocrx_word' id='word_1_626' title='bbox 451 2062 599 2103; x_wconf 76' lang='lat' dir='ltr'>persistit</span> <span class='ocrx_word' id='word_1_627' title='bbox 624 2065 738 2092; x_wconf 85' lang='lat' dir='ltr'>contra</span> <span class='ocrx_word' id='word_1_628' title='bbox 766 2062 898 2092; x_wconf 86' lang='lat' dir='ltr'>timores</span> <span class='ocrx_word' id='word_1_629' title='bbox 913 2060 1109 2102; x_wconf 68' lang='lat' dir='ltr'>flammi-um</span> <span class='ocrx_word' id='word_1_630' title='bbox 1130 2060 1366 2101; x_wconf 78' lang='lat' dir='ltr'>periculorum,</span> 
     </span>
    </p>
   </div>
   <div class='ocr_carea' id='block_1_46' title="bbox 295 2105 1395 2236">
    <p class='ocr_par' dir='ltr' id='par_1_47' title="bbox 295 2105 1395 2236">
     <span class='ocr_line' id='line_1_78' title="bbox 295 2105 1395 2148; baseline -0.004 -9"><span class='ocrx_word' id='word_1_631' title='bbox 295 2108 352 2139; x_wconf 76' lang='lat' dir='ltr'>sed</span> <span class='ocrx_word' id='word_1_632' title='bbox 381 2108 477 2139; x_wconf 82' lang='lat' dir='ltr'>etiam</span> <span class='ocrx_word' id='word_1_633' title='bbox 501 2112 538 2138; x_wconf 83' lang='lat' dir='ltr'>ut</span> <span class='ocrx_word' id='word_1_634' title='bbox 560 2115 623 2137; x_wconf 86' lang='lat' dir='ltr'>non</span> <span class='ocrx_word' id='word_1_635' title='bbox 647 2105 776 2147; x_wconf 56' lang='lat' dir='ltr'>deficiat</span> <span class='ocrx_word' id='word_1_636' title='bbox 799 2111 937 2146; x_wconf 79' lang='lat' dir='ltr'>propter</span> <span class='ocrx_word' id='word_1_637' title='bbox 957 2106 1180 2146; x_wconf 81' lang='lat' dir='ltr'>praesentium</span> <span class='ocrx_word' id='word_1_638' title='bbox 1209 2106 1366 2136; x_wconf 70' lang='lat' dir='ltr'>tristitias.</span> <span class='ocrx_word' id='word_1_639' title='bbox 1394 2133 1395 2148; x_wconf 25' lang='grc' dir='ltr'>ἶ</span> 
     </span>
     <span class='ocr_line' id='line_1_79' title="bbox 350 2149 1395 2190; baseline -0.005 -6"><span class='ocrx_word' id='word_1_640' title='bbox 350 2152 530 2188; x_wconf 79' lang='lat' dir='ltr'>Praeterea,</span> <span class='ocrx_word' id='word_1_641' title='bbox 553 2150 753 2182; x_wconf 88' lang='lat' dir='ltr'>laudabiliter</span> <span class='ocrx_word' id='word_1_642' title='bbox 775 2160 808 2181; x_wconf 93' lang='lat' dir='ltr'>se</span> <span class='ocrx_word' id='word_1_643' title='bbox 831 2149 946 2180; x_wconf 88' lang='lat' dir='ltr'>habere</span> <span class='ocrx_word' id='word_1_644' title='bbox 972 2149 1005 2180; x_wconf 91' lang='grc'>111</span> <span class='ocrx_word' id='word_1_645' title='bbox 1028 2149 1120 2180; x_wconf 82' lang='grc'><strong>1118115</strong></span> <span class='ocrx_word' id='word_1_646' title='bbox 1150 2149 1368 2190; x_wconf 91' lang='lat' dir='ltr'>praesentibus</span> <span class='ocrx_word' id='word_1_647' title='bbox 1394 2149 1395 2154; x_wconf 77' lang='grc'>’</span> 
     </span>
     <span class='ocr_line' id='line_1_80' title="bbox 296 2192 1395 2236; baseline -0.004 -8"><span class='ocrx_word' id='word_1_648' title='bbox 296 2203 343 2228; x_wconf 83' lang='grc'>051</span> <span class='ocrx_word' id='word_1_649' title='bbox 364 2203 454 2228; x_wconf 85' lang='lat' dir='ltr'>actus</span> <span class='ocrx_word' id='word_1_650' title='bbox 477 2196 662 2236; x_wconf 85' lang='lat' dir='ltr'>patientiae,</span> <span class='ocrx_word' id='word_1_651' title='bbox 687 2205 753 2225; x_wconf 91' lang='lat' dir='ltr'>non</span> <span class='ocrx_word' id='word_1_652' title='bbox 777 2194 908 2225; x_wconf 86' lang='lat' dir='ltr'>deficere</span> <span class='ocrx_word' id='word_1_653' title='bbox 937 2201 1046 2225; x_wconf 88' lang='lat' dir='ltr'>autem</span> <span class='ocrx_word' id='word_1_654' title='bbox 1068 2201 1199 2234; x_wconf 89' lang='lat' dir='ltr'>propter</span> <span class='ocrx_word' id='word_1_655' title='bbox 1225 2204 1369 2234; x_wconf 87' lang='lat' dir='ltr'>praesen-</span> <span class='ocrx_word' id='word_1_656' title='bbox 1394 2192 1395 2196; x_wconf 74' lang='grc'>’</span> 
     </span>
    </p>
   </div>
   <div class='ocr_carea' id='block_1_47' title="bbox 294 2238 1367 2414">
    <p class='ocr_par' dir='ltr' id='par_1_48' title="bbox 294 2238 1367 2371">
     <span class='ocr_line' id='line_1_81' title="bbox 295 2238 1367 2275; baseline -0.004 -2"><span class='ocrx_word' id='word_1_657' title='bbox 295 2241 377 2273; x_wconf 82' lang='lat' dir='ltr'>tium</span> <span class='ocrx_word' id='word_1_658' title='bbox 400 2240 559 2272; x_wconf 85' lang='lat' dir='ltr'>tristitiam</span> <span class='ocrx_word' id='word_1_659' title='bbox 582 2247 629 2270; x_wconf 88' lang='lat' dir='ltr'>est</span> <span class='ocrx_word' id='word_1_660' title='bbox 651 2246 739 2270; x_wconf 87' lang='lat' dir='ltr'>actus</span> <span class='ocrx_word' id='word_1_661' title='bbox 763 2238 975 2275; x_wconf 88' lang='lat' dir='ltr'>fortitudinis,</span> <span class='ocrx_word' id='word_1_662' title='bbox 1001 2238 1180 2270; x_wconf 88' lang='lat' dir='ltr'>secundum</span> <span class='ocrx_word' id='word_1_663' title='bbox 1203 2238 1298 2269; x_wconf 89' lang='lat' dir='ltr'>istam</span> <span class='ocrx_word' id='word_1_664' title='bbox 1322 2248 1367 2269; x_wconf 82' lang='lat' dir='ltr'>re-</span> 
     </span>
     <span class='ocr_line' id='line_1_82' title="bbox 295 2282 1367 2327; baseline -0.004 -10"><span class='ocrx_word' id='word_1_665' title='bbox 295 2285 514 2327; x_wconf 74' lang='lat' dir='ltr'>sponsionem.</span> <span class='ocrx_word' id='word_1_666' title='bbox 538 2285 580 2315; x_wconf 93' lang='lat' dir='ltr'>Et</span> <span class='ocrx_word' id='word_1_667' title='bbox 602 2284 661 2315; x_wconf 89' lang='lat' dir='ltr'>iste</span> <span class='ocrx_word' id='word_1_668' title='bbox 684 2284 844 2315; x_wconf 86' lang='lat' dir='ltr'>secundus</span> <span class='ocrx_word' id='word_1_669' title='bbox 869 2283 1019 2314; x_wconf 89' lang='lat' dir='ltr'>coincidit</span> <span class='ocrx_word' id='word_1_670' title='bbox 1042 2293 1117 2314; x_wconf 89' lang='lat' dir='ltr'>cum</span> <span class='ocrx_word' id='word_1_671' title='bbox 1140 2282 1256 2324; x_wconf 90' lang='lat' dir='ltr'>primo.</span> <span class='ocrx_word' id='word_1_672' title='bbox 1282 2283 1367 2324; x_wconf 84' lang='lat' dir='ltr'>Ergo</span> 
     </span>
     <span class='ocr_line' id='line_1_83' title="bbox 294 2328 704 2371; baseline -0.007 -9"><span class='ocrx_word' id='word_1_673' title='bbox 294 2329 445 2371; x_wconf 77' lang='lat' dir='ltr'>patientia</span> <span class='ocrx_word' id='word_1_674' title='bbox 468 2336 515 2360; x_wconf 89' lang='lat' dir='ltr'>est</span> <span class='ocrx_word' id='word_1_675' title='bbox 537 2328 704 2360; x_wconf 86' lang='lat' dir='ltr'>fortitudo.</span> 
     </span>
    </p>

    <p class='ocr_par' dir='ltr' id='par_1_49' title="bbox 351 2371 1366 2414">
     <span class='ocr_line' id='line_1_84' title="bbox 351 2371 1366 2414; baseline -0.003 -8"><span class='ocrx_word' id='word_1_676' title='bbox 351 2374 403 2406; x_wconf 85' lang='lat'>111.</span> <span class='ocrx_word' id='word_1_677' title='bbox 429 2373 550 2406; x_wconf 88' lang='lat' dir='ltr'>Contra</span> <span class='ocrx_word' id='word_1_678' title='bbox 573 2373 751 2404; x_wconf 88' lang='lat' dir='ltr'>secundum</span> <span class='ocrx_word' id='word_1_679' title='bbox 775 2379 884 2403; x_wconf 89' lang='lat' dir='ltr'>autem</span> <span class='ocrx_word' id='word_1_680' title='bbox 907 2371 1024 2403; x_wconf 90' lang='lat' dir='ltr'>falsum</span> <span class='ocrx_word' id='word_1_681' title='bbox 1039 2372 1056 2391; x_wconf 89' lang='lat'>*</span> <span class='ocrx_word' id='word_1_682' title='bbox 1079 2372 1228 2411; x_wconf 82' lang='lat' dir='ltr'>militant,</span> <span class='ocrx_word' id='word_1_683' title='bbox 1252 2372 1366 2414; x_wconf 90' lang='lat' dir='ltr'>inquit,</span> 
     </span>
    </p>
   </div>
   <div class='ocr_carea' id='block_1_48' title="bbox 292 2417 1395 2504">
    <p class='ocr_par' dir='ltr' id='par_1_50' title="bbox 292 2417 1395 2504">
     <span class='ocr_line' id='line_1_85' title="bbox 293 2417 1395 2460; baseline -0.004 -9"><span class='ocrx_word' id='word_1_684' title='bbox 293 2419 431 2451; x_wconf 90' lang='lat' dir='ltr'>rationes</span> <span class='ocrx_word' id='word_1_685' title='bbox 454 2425 603 2460; x_wconf 89' lang='lat' dir='ltr'>quatuor,</span> <span class='ocrx_word' id='word_1_686' title='bbox 621 2417 726 2458; x_wconf 91' lang='lat' dir='ltr'>primo</span> <span class='ocrx_word' id='word_1_687' title='bbox 743 2417 864 2454; x_wconf 88' lang='lat' dir='ltr'>allatae,</span> <span class='ocrx_word' id='word_1_688' title='bbox 890 2417 979 2458; x_wconf 93' lang='lat' dir='ltr'>quod</span> <span class='ocrx_word' id='word_1_689' title='bbox 995 2417 1146 2458; x_wconf 89' lang='lat' dir='ltr'>patientia</span> <span class='ocrx_word' id='word_1_690' title='bbox 1163 2427 1228 2447; x_wconf 89' lang='lat' dir='ltr'>non</span> <span class='ocrx_word' id='word_1_691' title='bbox 1245 2424 1292 2448; x_wconf 87' lang='lat' dir='ltr'>est</span> <span class='ocrx_word' id='word_1_692' title='bbox 1315 2418 1368 2448; x_wconf 88' lang='lat' dir='ltr'>ad-</span> <span class='ocrx_word' id='word_1_693' title='bbox 1394 2431 1395 2443; x_wconf 58' lang='grc'>1</span> 
     </span>
     <span class='ocr_line' id='line_1_86' title="bbox 292 2461 1395 2504; baseline -0.003 -9"><span class='ocrx_word' id='word_1_694' title='bbox 292 2464 400 2495; x_wconf 87' lang='grc'><strong>11111018</strong></span> <span class='ocrx_word' id='word_1_695' title='bbox 430 2462 694 2504; x_wconf 85' lang='lat' dir='ltr'>magnanimitati.</span> <span class='ocrx_word' id='word_1_696' title='bbox 724 2462 813 2499; x_wconf 89' lang='lat' dir='ltr'>Quas</span> <span class='ocrx_word' id='word_1_697' title='bbox 845 2461 977 2492; x_wconf 87' lang='lat' dir='ltr'>omitto:</span> <span class='ocrx_word' id='word_1_698' title='bbox 1008 2462 1083 2503; x_wconf 91' lang='lat' dir='ltr'>quia</span> <span class='ocrx_word' id='word_1_699' title='bbox 1111 2469 1147 2493; x_wconf 88' lang='lat' dir='ltr'>ut</span> <span class='ocrx_word' id='word_1_700' title='bbox 1179 2462 1300 2493; x_wconf 92' lang='lat' dir='ltr'>nullius</span> <span class='ocrx_word' id='word_1_701' title='bbox 1328 2462 1367 2492; x_wconf 93' lang='lat' dir='ltr'>ad</span> <span class='ocrx_word' id='word_1_702' title='bbox 1394 2492 1395 2498; x_wconf 61' lang='grc'>,</span> 
     </span>
    </p>
   </div>
   <div class='ocr_carea' id='block_1_49' title="bbox 291 2507 1368 3173">
    <p class='ocr_par' dir='ltr' id='par_1_51' title="bbox 292 2507 818 2551">
     <span class='ocr_line' id='line_1_87' title="bbox 292 2507 818 2551; baseline -0.004 -11"><span class='ocrx_word' id='word_1_703' title='bbox 292 2508 498 2551; x_wconf 89' lang='lat' dir='ltr'>propositum</span> <span class='ocrx_word' id='word_1_704' title='bbox 521 2507 638 2538; x_wconf 86' lang='lat' dir='ltr'>valoris</span> <span class='ocrx_word' id='word_1_705' title='bbox 660 2507 818 2538; x_wconf 84' lang='lat' dir='ltr'>videntur.</span> 
     </span>
    </p>

    <p class='ocr_par' dir='ltr' id='par_1_52' title="bbox 291 2551 1368 2817">
     <span class='ocr_line' id='line_1_88' title="bbox 349 2551 1368 2593; baseline -0.002 -9"><span class='ocrx_word' id='word_1_706' title='bbox 349 2553 512 2584; x_wconf 88' lang='lat' dir='ltr'>Praeterea</span> <span class='ocrx_word' id='word_1_707' title='bbox 526 2552 553 2588; x_wconf 89' lang='lat'>*,</span> <span class='ocrx_word' id='word_1_708' title='bbox 569 2551 683 2593; x_wconf 92' lang='lat' dir='ltr'>inquit,</span> <span class='ocrx_word' id='word_1_709' title='bbox 701 2561 760 2591; x_wconf 87' lang='lat' dir='ltr'>ego</span> <span class='ocrx_word' id='word_1_710' title='bbox 777 2561 844 2582; x_wconf 90' lang='lat' dir='ltr'>non</span> <span class='ocrx_word' id='word_1_711' title='bbox 860 2551 954 2581; x_wconf 90' lang='lat' dir='ltr'>video</span> <span class='ocrx_word' id='word_1_712' title='bbox 970 2551 1139 2592; x_wconf 89' lang='lat' dir='ltr'>quomodo</span> <span class='ocrx_word' id='word_1_713' title='bbox 1154 2551 1233 2582; x_wconf 88' lang='lat' dir='ltr'>haec</span> <span class='ocrx_word' id='word_1_714' title='bbox 1249 2551 1368 2593; x_wconf 89' lang='lat' dir='ltr'>patien-</span> 
     </span>
     <span class='ocr_line' id='line_1_89' title="bbox 293 2595 1365 2636; baseline -0.002 -7"><span class='ocrx_word' id='word_1_715' title='bbox 293 2598 336 2629; x_wconf 89' lang='lat' dir='ltr'>tia</span> <span class='ocrx_word' id='word_1_716' title='bbox 352 2598 392 2628; x_wconf 93' lang='lat' dir='ltr'>sit</span> <span class='ocrx_word' id='word_1_717' title='bbox 414 2597 561 2628; x_wconf 90' lang='lat' dir='ltr'>distincta</span> <span class='ocrx_word' id='word_1_718' title='bbox 577 2607 594 2627; x_wconf 90' lang='lat' dir='ltr'>a</span> <span class='ocrx_word' id='word_1_719' title='bbox 614 2595 886 2636; x_wconf 84' lang='lat' dir='ltr'>magnanimitate.</span> <span class='ocrx_word' id='word_1_720' title='bbox 906 2596 991 2626; x_wconf 86' lang='lat' dir='ltr'>Nam</span> <span class='ocrx_word' id='word_1_721' title='bbox 1013 2596 1192 2627; x_wconf 91' lang='lat' dir='ltr'>secundum</span> <span class='ocrx_word' id='word_1_722' title='bbox 1206 2596 1365 2633; x_wconf 89' lang='lat' dir='ltr'>Tullium,</span> 
     </span>
     <span class='ocr_line' id='line_1_90' title="bbox 293 2640 1364 2684; baseline -0.001 -11"><span class='ocrx_word' id='word_1_723' title='bbox 293 2642 326 2673; x_wconf 92' lang='lat' dir='ltr'>in</span> <span class='ocrx_word' id='word_1_724' title='bbox 350 2643 362 2672; x_wconf 94' lang='lat'><em>1</em></span> <span class='ocrx_word' id='word_1_725' title='bbox 380 2642 418 2672; x_wconf 89' lang='lat' dir='ltr'>de</span> <span class='ocrx_word' id='word_1_726' title='bbox 446 2641 541 2684; x_wconf 85' lang='lat' dir='ltr'>Offic.</span> <span class='ocrx_word' id='word_1_727' title='bbox 557 2641 584 2678; x_wconf 86' lang='lat'>*,</span> <span class='ocrx_word' id='word_1_728' title='bbox 609 2650 751 2682; x_wconf 78' lang='lat' dir='ltr'>magnus</span> <span class='ocrx_word' id='word_1_729' title='bbox 766 2641 905 2677; x_wconf 84' lang='lat' dir='ltr'>animus,</span> <span class='ocrx_word' id='word_1_730' title='bbox 929 2641 1015 2671; x_wconf 84' lang='lat' dir='ltr'>sicut</span> <span class='ocrx_word' id='word_1_731' title='bbox 1025 2640 1143 2682; x_wconf 84' lang='lat' dir='ltr'>fortis,</span> <span class='ocrx_word' id='word_1_732' title='bbox 1161 2642 1308 2672; x_wconf 82' lang='lat' dir='ltr'>cernitur</span> <span class='ocrx_word' id='word_1_733' title='bbox 1332 2642 1364 2672; x_wconf 85' lang='lat' dir='ltr'>in</span> 
     </span>
     <span class='ocr_line' id='line_1_91' title="bbox 291 2685 1365 2729; baseline -0.001 -11"><span class='ocrx_word' id='word_1_734' title='bbox 291 2686 437 2729; x_wconf 80' lang='lat' dir='ltr'>gerendo</span> <span class='ocrx_word' id='word_1_735' title='bbox 461 2696 514 2717; x_wconf 86' lang='lat' dir='ltr'>res</span> <span class='ocrx_word' id='word_1_736' title='bbox 542 2694 682 2727; x_wconf 82' lang='lat' dir='ltr'>magnas</span> <span class='ocrx_word' id='word_1_737' title='bbox 699 2685 878 2725; x_wconf 81' lang='lat' dir='ltr'>plenasque</span> <span class='ocrx_word' id='word_1_738' title='bbox 910 2685 1056 2716; x_wconf 81' lang='lat' dir='ltr'>laborum</span> <span class='ocrx_word' id='word_1_739' title='bbox 1082 2691 1113 2716; x_wconf 85' lang='lat' dir='ltr'>et</span> <span class='ocrx_word' id='word_1_740' title='bbox 1129 2686 1365 2726; x_wconf 82' lang='lat' dir='ltr'>periculorum.</span> 
     </span>
     <span class='ocr_line' id='line_1_92' title="bbox 293 2729 1367 2771; baseline -0.001 -8"><span class='ocrx_word' id='word_1_741' title='bbox 293 2732 388 2763; x_wconf 87' lang='lat' dir='ltr'>Tunc</span> <span class='ocrx_word' id='word_1_742' title='bbox 417 2731 472 2762; x_wconf 89' lang='lat' dir='ltr'>sic.</span> <span class='ocrx_word' id='word_1_743' title='bbox 499 2730 622 2761; x_wconf 89' lang='lat' dir='ltr'>Eadem</span> <span class='ocrx_word' id='word_1_744' title='bbox 645 2736 720 2760; x_wconf 89' lang='lat' dir='ltr'>sunt</span> <span class='ocrx_word' id='word_1_745' title='bbox 749 2729 890 2769; x_wconf 89' lang='lat' dir='ltr'>pericula</span> <span class='ocrx_word' id='word_1_746' title='bbox 919 2729 999 2760; x_wconf 89' lang='lat' dir='ltr'>circa</span> <span class='ocrx_word' id='word_1_747' title='bbox 1023 2739 1106 2771; x_wconf 90' lang='lat' dir='ltr'>quae</span> <span class='ocrx_word' id='word_1_748' title='bbox 1128 2737 1271 2761; x_wconf 86' lang='lat' dir='ltr'>versatur</span> <span class='ocrx_word' id='word_1_749' title='bbox 1301 2741 1367 2762; x_wconf 87' lang='lat' dir='ltr'>ma—</span> 
     </span>
     <span class='ocr_line' id='line_1_93' title="bbox 292 2774 954 2817; baseline -0.006 -10"><span class='ocrx_word' id='word_1_750' title='bbox 292 2775 498 2817; x_wconf 83' lang='lat' dir='ltr'>gnanimitaS,</span> <span class='ocrx_word' id='word_1_751' title='bbox 524 2782 555 2806; x_wconf 86' lang='lat' dir='ltr'>et</span> <span class='ocrx_word' id='word_1_752' title='bbox 581 2774 732 2816; x_wconf 86' lang='lat' dir='ltr'>patientia</span> <span class='ocrx_word' id='word_1_753' title='bbox 758 2774 826 2805; x_wconf 91' lang='lat' dir='ltr'>ista.</span> <span class='ocrx_word' id='word_1_754' title='bbox 858 2774 954 2814; x_wconf 88' lang='lat' dir='ltr'>Ergo.</span> 
     </span>
    </p>

    <p class='ocr_par' dir='ltr' id='par_1_53' title="bbox 291 2817 1368 3128">
     <span class='ocr_line' id='line_1_94' title="bbox 347 2817 1367 2861; baseline -0.001 -9"><span class='ocrx_word' id='word_1_755' title='bbox 347 2821 462 2861; x_wconf 91' lang='lat' dir='ltr'>Neque</span> <span class='ocrx_word' id='word_1_756' title='bbox 476 2826 583 2860; x_wconf 90' lang='lat' dir='ltr'>potest</span> <span class='ocrx_word' id='word_1_757' title='bbox 594 2819 654 2849; x_wconf 89' lang='lat' dir='ltr'>dici</span> <span class='ocrx_word' id='word_1_758' title='bbox 678 2818 768 2860; x_wconf 91' lang='lat' dir='ltr'>quod</span> <span class='ocrx_word' id='word_1_759' title='bbox 783 2818 1028 2859; x_wconf 84' lang='lat' dir='ltr'>magnanimitas</span> <span class='ocrx_word' id='word_1_760' title='bbox 1042 2817 1148 2849; x_wconf 88' lang='lat' dir='ltr'>firmat</span> <span class='ocrx_word' id='word_1_761' title='bbox 1165 2819 1311 2850; x_wconf 90' lang='lat' dir='ltr'>animum</span> <span class='ocrx_word' id='word_1_762' title='bbox 1334 2821 1367 2851; x_wconf 91' lang='lat' dir='ltr'>in</span> 
     </span>
     <span class='ocr_line' id='line_1_95' title="bbox 291 2862 1366 2904; baseline 0 -8"><span class='ocrx_word' id='word_1_763' title='bbox 291 2865 438 2896; x_wconf 86' lang='lat' dir='ltr'>maximis</span> <span class='ocrx_word' id='word_1_764' title='bbox 453 2864 546 2895; x_wconf 89' lang='lat' dir='ltr'>bonis</span> <span class='ocrx_word' id='word_1_765' title='bbox 566 2863 737 2904; x_wconf 87' lang='lat' dir='ltr'>sperandis,</span> <span class='ocrx_word' id='word_1_766' title='bbox 755 2862 906 2903; x_wconf 88' lang='lat' dir='ltr'>patientia</span> <span class='ocrx_word' id='word_1_767' title='bbox 931 2873 1006 2893; x_wconf 90' lang='lat' dir='ltr'>vero</span> <span class='ocrx_word' id='word_1_768' title='bbox 1024 2863 1056 2893; x_wconf 92' lang='lat' dir='ltr'>in</span> <span class='ocrx_word' id='word_1_769' title='bbox 1078 2862 1170 2894; x_wconf 89' lang='lat' dir='ltr'>malis</span> <span class='ocrx_word' id='word_1_770' title='bbox 1184 2864 1366 2897; x_wconf 85' lang='lat' dir='ltr'>tolerandis.</span> 
     </span>
     <span class='ocr_line' id='line_1_96' title="bbox 293 2907 1367 2949; baseline -0.001 -7"><span class='ocrx_word' id='word_1_771' title='bbox 293 2910 378 2949; x_wconf 90' lang='lat' dir='ltr'>Quia</span> <span class='ocrx_word' id='word_1_772' title='bbox 393 2920 468 2941; x_wconf 89' lang='lat' dir='ltr'>cum</span> <span class='ocrx_word' id='word_1_773' title='bbox 491 2910 577 2940; x_wconf 88' lang='lat' dir='ltr'>bona</span> <span class='ocrx_word' id='word_1_774' title='bbox 593 2909 632 2939; x_wconf 93' lang='lat' dir='ltr'>de</span> <span class='ocrx_word' id='word_1_775' title='bbox 655 2918 687 2939; x_wconf 89' lang='lat' dir='ltr'>se</span> <span class='ocrx_word' id='word_1_776' title='bbox 712 2907 850 2939; x_wconf 87' lang='lat' dir='ltr'>alliciant</span> <span class='ocrx_word' id='word_1_777' title='bbox 865 2908 905 2938; x_wconf 89' lang='lat' dir='ltr'>ad</span> <span class='ocrx_word' id='word_1_778' title='bbox 928 2917 972 2944; x_wconf 89' lang='lat' dir='ltr'>se,</span> <span class='ocrx_word' id='word_1_779' title='bbox 997 2918 1063 2938; x_wconf 93' lang='lat' dir='ltr'>non</span> <span class='ocrx_word' id='word_1_780' title='bbox 1087 2914 1134 2940; x_wconf 89' lang='lat' dir='ltr'>est</span> <span class='ocrx_word' id='word_1_781' title='bbox 1149 2918 1233 2948; x_wconf 91' lang='lat' dir='ltr'>opus</span> <span class='ocrx_word' id='word_1_782' title='bbox 1252 2909 1367 2941; x_wconf 89' lang='lat' dir='ltr'>virtute</span> 
     </span>
     <span class='ocr_line' id='line_1_97' title="bbox 292 2952 1368 2994; baseline -0.001 -8"><span class='ocrx_word' id='word_1_783' title='bbox 292 2954 438 2986; x_wconf 86' lang='lat' dir='ltr'>firmante</span> <span class='ocrx_word' id='word_1_784' title='bbox 461 2954 501 2984; x_wconf 87' lang='lat' dir='ltr'>ad</span> <span class='ocrx_word' id='word_1_785' title='bbox 527 2963 561 2984; x_wconf 90' lang='lat' dir='ltr'>se</span> <span class='ocrx_word' id='word_1_786' title='bbox 584 2953 644 2984; x_wconf 90' lang='lat' dir='ltr'>nisi</span> <span class='ocrx_word' id='word_1_787' title='bbox 667 2959 798 2994; x_wconf 86' lang='lat' dir='ltr'>propter</span> <span class='ocrx_word' id='word_1_788' title='bbox 822 2952 904 2982; x_wconf 90' lang='lat' dir='ltr'>mala</span> <span class='ocrx_word' id='word_1_789' title='bbox 928 2959 959 2983; x_wconf 89' lang='lat' dir='ltr'>et</span> <span class='ocrx_word' id='word_1_790' title='bbox 982 2952 1122 2993; x_wconf 88' lang='lat' dir='ltr'>pericula</span> <span class='ocrx_word' id='word_1_791' title='bbox 1145 2963 1227 2994; x_wconf 90' lang='lat' dir='ltr'>quae</span> <span class='ocrx_word' id='word_1_792' title='bbox 1244 2954 1368 2985; x_wconf 90' lang='lat' dir='ltr'>contin-</span> 
     </span>
     <span class='ocr_line' id='line_1_98' title="bbox 292 2996 1367 3041; baseline 0.001 -11"><span class='ocrx_word' id='word_1_793' title='bbox 292 3006 372 3041; x_wconf 84' lang='lat' dir='ltr'>gunt</span> <span class='ocrx_word' id='word_1_794' title='bbox 394 2998 427 3030; x_wconf 91' lang='lat' dir='ltr'>in</span> <span class='ocrx_word' id='word_1_795' title='bbox 455 2997 680 3040; x_wconf 89' lang='lat' dir='ltr'>prosecutione</span> <span class='ocrx_word' id='word_1_796' title='bbox 713 3007 837 3028; x_wconf 88' lang='lat' dir='ltr'>eorum.</span> <span class='ocrx_word' id='word_1_797' title='bbox 871 2996 1025 3027; x_wconf 89' lang='lat' dir='ltr'>Eiusdem</span> <span class='ocrx_word' id='word_1_798' title='bbox 1048 2996 1144 3037; x_wconf 91' lang='lat' dir='ltr'>igitur</span> <span class='ocrx_word' id='word_1_799' title='bbox 1166 2997 1289 3030; x_wconf 91' lang='lat' dir='ltr'>virtutis</span> <span class='ocrx_word' id='word_1_800' title='bbox 1320 3006 1367 3031; x_wconf 91' lang='lat' dir='ltr'>est</span> 
     </span>
     <span class='ocr_line' id='line_1_99' title="bbox 291 3041 1366 3084; baseline -0.001 -9"><span class='ocrx_word' id='word_1_801' title='bbox 291 3043 417 3075; x_wconf 87' lang='lat' dir='ltr'>firmare</span> <span class='ocrx_word' id='word_1_802' title='bbox 440 3043 586 3074; x_wconf 87' lang='lat' dir='ltr'>animum</span> <span class='ocrx_word' id='word_1_803' title='bbox 610 3042 643 3072; x_wconf 92' lang='lat' dir='ltr'>in</span> <span class='ocrx_word' id='word_1_804' title='bbox 674 3041 767 3072; x_wconf 90' lang='lat' dir='ltr'>bonis</span> <span class='ocrx_word' id='word_1_805' title='bbox 795 3041 1024 3082; x_wconf 88' lang='lat' dir='ltr'>adipiscendis;</span> <span class='ocrx_word' id='word_1_806' title='bbox 1054 3048 1084 3072; x_wconf 90' lang='lat' dir='ltr'>et</span> <span class='ocrx_word' id='word_1_807' title='bbox 1111 3041 1236 3073; x_wconf 89' lang='lat' dir='ltr'>firmare</span> <span class='ocrx_word' id='word_1_808' title='bbox 1258 3042 1366 3084; x_wconf 90' lang='lat' dir='ltr'>ipsum</span> 
     </span>
     <span class='ocr_line' id='line_1_100' title="bbox 293 3086 1320 3128; baseline -0.002 -8"><span class='ocrx_word' id='word_1_809' title='bbox 293 3094 403 3120; x_wconf 89' lang='lat' dir='ltr'>contra</span> <span class='ocrx_word' id='word_1_810' title='bbox 419 3087 502 3119; x_wconf 88' lang='lat' dir='ltr'>mala</span> <span class='ocrx_word' id='word_1_811' title='bbox 517 3094 548 3118; x_wconf 90' lang='lat' dir='ltr'>et</span> <span class='ocrx_word' id='word_1_812' title='bbox 571 3087 711 3128; x_wconf 88' lang='lat' dir='ltr'>pericula</span> <span class='ocrx_word' id='word_1_813' title='bbox 735 3086 931 3117; x_wconf 87' lang='lat' dir='ltr'>occurrentia</span> <span class='ocrx_word' id='word_1_814' title='bbox 947 3086 979 3116; x_wconf 92' lang='lat' dir='ltr'>in</span> <span class='ocrx_word' id='word_1_815' title='bbox 1003 3096 1117 3117; x_wconf 89' lang='lat' dir='ltr'>eorum</span> <span class='ocrx_word' id='word_1_816' title='bbox 1140 3087 1320 3127; x_wconf 89' lang='lat' dir='ltr'>adeptione.</span> 
     </span>
    </p>

    <p class='ocr_par' dir='ltr' id='par_1_54' title="bbox 349 3129 1366 3173">
     <span class='ocr_line' id='line_1_101' title="bbox 349 3129 1366 3173; baseline -0.001 -9"><span class='ocrx_word' id='word_1_817' title='bbox 349 3133 403 3164; x_wconf 88' lang='lat' dir='ltr'>lv.</span> <span class='ocrx_word' id='word_1_818' title='bbox 419 3133 471 3163; x_wconf 89' lang='lat' dir='ltr'>Ad</span> <span class='ocrx_word' id='word_1_819' title='bbox 486 3132 548 3163; x_wconf 89' lang='lat' dir='ltr'>hoc</span> <span class='ocrx_word' id='word_1_820' title='bbox 563 3132 700 3162; x_wconf 89' lang='lat' dir='ltr'>dubium</span> <span class='ocrx_word' id='word_1_821' title='bbox 715 3129 731 3146; x_wconf 87' lang='grc'>*</span> <span class='ocrx_word' id='word_1_822' title='bbox 754 3131 978 3172; x_wconf 89' lang='lat' dir='ltr'>respondendo</span> <span class='ocrx_word' id='word_1_823' title='bbox 998 3130 1122 3167; x_wconf 88' lang='lat' dir='ltr'>dicitur,</span> <span class='ocrx_word' id='word_1_824' title='bbox 1140 3132 1285 3171; x_wconf 89' lang='lat' dir='ltr'>negando</span> <span class='ocrx_word' id='word_1_825' title='bbox 1302 3132 1366 3173; x_wconf 85' lang='lat' dir='ltr'>pri-</span> 
     </span>
    </p>
   </div>
   <div class='ocr_carea' id='block_1_50' title="bbox 293 3175 1393 3303">
    <p class='ocr_par' dir='ltr' id='par_1_55' title="bbox 293 3170 1393 3303">
     <span class='ocr_line' id='line_1_102' title="bbox 294 3175 1368 3218; baseline 0 -10"><span class='ocrx_word' id='word_1_826' title='bbox 294 3177 340 3208; x_wconf 89' lang='lat' dir='ltr'>mi</span> <span class='ocrx_word' id='word_1_827' title='bbox 362 3177 540 3218; x_wconf 86' lang='lat' dir='ltr'>argumenti</span> <span class='ocrx_word' id='word_1_828' title='bbox 563 3177 733 3207; x_wconf 89' lang='lat' dir='ltr'>minorem.</span> <span class='ocrx_word' id='word_1_829' title='bbox 765 3176 850 3214; x_wconf 88' lang='lat' dir='ltr'>Quia</span> <span class='ocrx_word' id='word_1_830' title='bbox 872 3175 954 3206; x_wconf 88' lang='lat' dir='ltr'>inter</span> <span class='ocrx_word' id='word_1_831' title='bbox 980 3182 1088 3207; x_wconf 90' lang='lat' dir='ltr'>actum</span> <span class='ocrx_word' id='word_1_832' title='bbox 1117 3175 1312 3207; x_wconf 90' lang='lat' dir='ltr'>fortitudinis</span> <span class='ocrx_word' id='word_1_833' title='bbox 1336 3184 1368 3208; x_wconf 91' lang='lat' dir='ltr'>et</span> 
     </span>
     <span class='ocr_line' id='line_1_103' title="bbox 294 3220 1393 3262; baseline 0 -10"><span class='ocrx_word' id='word_1_834' title='bbox 294 3221 462 3262; x_wconf 88' lang='lat' dir='ltr'>patientiae</span> <span class='ocrx_word' id='word_1_835' title='bbox 481 3228 528 3252; x_wconf 90' lang='lat' dir='ltr'>est</span> <span class='ocrx_word' id='word_1_836' title='bbox 551 3222 632 3252; x_wconf 92' lang='lat' dir='ltr'>ordo</span> <span class='ocrx_word' id='word_1_837' title='bbox 656 3231 693 3251; x_wconf 84' lang='lat' dir='ltr'>ex</span> <span class='ocrx_word' id='word_1_838' title='bbox 716 3228 804 3261; x_wconf 88' lang='lat' dir='ltr'>parte</span> <span class='ocrx_word' id='word_1_839' title='bbox 828 3220 986 3251; x_wconf 88' lang='lat' dir='ltr'>materiae.</span> <span class='ocrx_word' id='word_1_840' title='bbox 1017 3221 1101 3250; x_wconf 88' lang='lat' dir='ltr'>Nam</span> <span class='ocrx_word' id='word_1_841' title='bbox 1123 3221 1255 3252; x_wconf 89' lang='lat' dir='ltr'>materia</span> <span class='ocrx_word' id='word_1_842' title='bbox 1277 3221 1366 3252; x_wconf 90' lang='lat' dir='ltr'>forti·</span> <span class='ocrx_word' id='word_1_843' title='bbox 1392 3229 1393 3252; x_wconf 64' lang='lat'>5</span> 
     </span>
     <span class='ocr_line' id='line_1_104' title="bbox 293 3265 1393 3303; baseline -0.002 -5"><span class='ocrx_word' id='word_1_844' title='bbox 293 3266 412 3298; x_wconf 87' lang='lat' dir='ltr'>tudinis</span> <span class='ocrx_word' id='word_1_845' title='bbox 436 3273 511 3298; x_wconf 91' lang='lat' dir='ltr'>sunt</span> <span class='ocrx_word' id='word_1_846' title='bbox 543 3266 680 3297; x_wconf 87' lang='lat' dir='ltr'>maxima</span> <span class='ocrx_word' id='word_1_847' title='bbox 702 3266 803 3303; x_wconf 85' lang='lat' dir='ltr'>mala,</span> <span class='ocrx_word' id='word_1_848' title='bbox 829 3265 946 3296; x_wconf 88' lang='lat' dir='ltr'>scilicet</span> <span class='ocrx_word' id='word_1_849' title='bbox 978 3265 1106 3296; x_wconf 87' lang='lat' dir='ltr'>mortis:</span> <span class='ocrx_word' id='word_1_850' title='bbox 1136 3265 1266 3296; x_wconf 86' lang='lat' dir='ltr'>materia</span> <span class='ocrx_word' id='word_1_851' title='bbox 1290 3276 1365 3296; x_wconf 89' lang='lat' dir='ltr'>vero</span> <span class='ocrx_word' id='word_1_852' title='bbox 1392 3277 1393 3281; x_wconf 54' lang='lat'>¹</span> 
     </span>
    </p>
   </div>
   <div class='ocr_carea' id='block_1_51' title="bbox 294 3309 1366 3351">
    <p class='ocr_par' dir='ltr' id='par_1_56' title="bbox 294 3309 1366 3351">
     <span class='ocr_line' id='line_1_105' title="bbox 294 3309 1366 3351; baseline 0 -11"><span class='ocrx_word' id='word_1_853' title='bbox 294 3309 461 3351; x_wconf 89' lang='lat' dir='ltr'>patientiae</span> <span class='ocrx_word' id='word_1_854' title='bbox 485 3317 559 3341; x_wconf 92' lang='lat' dir='ltr'>sunt</span> <span class='ocrx_word' id='word_1_855' title='bbox 582 3310 707 3341; x_wconf 90' lang='lat' dir='ltr'>minora</span> <span class='ocrx_word' id='word_1_856' title='bbox 730 3310 824 3341; x_wconf 87' lang='lat' dir='ltr'>mala.</span> <span class='ocrx_word' id='word_1_857' title='bbox 851 3309 986 3341; x_wconf 91' lang='lat' dir='ltr'>Constat</span> <span class='ocrx_word' id='word_1_858' title='bbox 1009 3317 1117 3340; x_wconf 86' lang='lat' dir='ltr'>autem</span> <span class='ocrx_word' id='word_1_859' title='bbox 1141 3310 1222 3342; x_wconf 90' lang='lat' dir='ltr'>inter</span> <span class='ocrx_word' id='word_1_860' title='bbox 1245 3310 1366 3341; x_wconf 89' lang='lat' dir='ltr'>maiora</span> 
     </span>
    </p>
   </div>
   <div class='ocr_carea' id='block_1_52' title="bbox 294 3352 1394 3441">
    <p class='ocr_par' dir='ltr' id='par_1_57' title="bbox 294 3352 1394 3441">
     <span class='ocr_line' id='line_1_106' title="bbox 294 3352 1394 3398; baseline 0 -13"><span class='ocrx_word' id='word_1_861' title='bbox 294 3361 324 3386; x_wconf 90' lang='lat' dir='ltr'>et</span> <span class='ocrx_word' id='word_1_862' title='bbox 347 3354 473 3385; x_wconf 89' lang='lat' dir='ltr'>minora</span> <span class='ocrx_word' id='word_1_863' title='bbox 495 3352 579 3385; x_wconf 89' lang='lat' dir='ltr'>mala</span> <span class='ocrx_word' id='word_1_864' title='bbox 601 3364 724 3395; x_wconf 87' lang='lat' dir='ltr'>poenae</span> <span class='ocrx_word' id='word_1_865' title='bbox 749 3353 807 3398; x_wconf 88' lang='lat' dir='ltr'>(de</span> <span class='ocrx_word' id='word_1_866' title='bbox 831 3354 947 3396; x_wconf 87' lang='lat' dir='ltr'>quibus</span> <span class='ocrx_word' id='word_1_867' title='bbox 972 3361 1018 3385; x_wconf 89' lang='lat' dir='ltr'>est</span> <span class='ocrx_word' id='word_1_868' title='bbox 1041 3352 1161 3397; x_wconf 85' lang='lat' dir='ltr'>sermo)</span> <span class='ocrx_word' id='word_1_869' title='bbox 1193 3365 1259 3385; x_wconf 89' lang='lat' dir='ltr'>esse</span> <span class='ocrx_word' id='word_1_870' title='bbox 1282 3354 1364 3385; x_wconf 89' lang='lat' dir='ltr'>ordi·</span> <span class='ocrx_word' id='word_1_871' title='bbox 1392 3387 1394 3396; x_wconf 62' lang='lat'>‚</span> 
     </span>
     <span class='ocr_line' id='line_1_107' title="bbox 294 3398 1393 3441; baseline 0 -11"><span class='ocrx_word' id='word_1_872' title='bbox 294 3409 368 3430; x_wconf 86' lang='lat' dir='ltr'>nem</span> <span class='ocrx_word' id='word_1_873' title='bbox 391 3398 543 3439; x_wconf 85' lang='lat' dir='ltr'>aliquem.</span> <span class='ocrx_word' id='word_1_874' title='bbox 574 3399 728 3430; x_wconf 84' lang='lat' dir='ltr'>Patientia</span> <span class='ocrx_word' id='word_1_875' title='bbox 749 3399 846 3440; x_wconf 88' lang='lat' dir='ltr'>igitur</span> <span class='ocrx_word' id='word_1_876' title='bbox 867 3399 1050 3439; x_wconf 87' lang='lat' dir='ltr'>adiungitur</span> <span class='ocrx_word' id='word_1_877' title='bbox 1073 3399 1251 3430; x_wconf 87' lang='lat' dir='ltr'>fortitudini</span> <span class='ocrx_word' id='word_1_878' title='bbox 1275 3399 1366 3441; x_wconf 90' lang='lat' dir='ltr'>quasi</span> <span class='ocrx_word' id='word_1_879' title='bbox 1392 3400 1393 3409; x_wconf 67' lang='lat'>¹</span> 
     </span>
    </p>
   </div>
   <div class='ocr_carea' id='block_1_53' title="bbox 293 3442 1366 3618">
    <p class='ocr_par' dir='ltr' id='par_1_58' title="bbox 294 3442 1144 3478">
     <span class='ocr_line' id='line_1_108' title="bbox 294 3442 1144 3478; baseline 0 -3"><span class='ocrx_word' id='word_1_880' title='bbox 294 3444 373 3476; x_wconf 82' lang='grc'><strong>01108</strong></span> <span class='ocrx_word' id='word_1_881' title='bbox 397 3442 616 3474; x_wconf 86' lang='lat' dir='ltr'>secundariam</span> <span class='ocrx_word' id='word_1_882' title='bbox 639 3443 673 3474; x_wconf 90' lang='lat' dir='ltr'>in</span> <span class='ocrx_word' id='word_1_883' title='bbox 695 3444 788 3476; x_wconf 87' lang='lat' dir='ltr'>malis</span> <span class='ocrx_word' id='word_1_884' title='bbox 810 3444 977 3478; x_wconf 87' lang='lat' dir='ltr'>materiam</span> <span class='ocrx_word' id='word_1_885' title='bbox 1001 3444 1144 3475; x_wconf 74' lang='lat' dir='ltr'>existens.</span> 
     </span>
    </p>

    <p class='ocr_par' dir='ltr' id='par_1_59' title="bbox 293 3487 1366 3618">
     <span class='ocr_line' id='line_1_109' title="bbox 348 3487 1365 3529; baseline 0.001 -11"><span class='ocrx_word' id='word_1_886' title='bbox 348 3488 386 3518; x_wconf 89' lang='lat' dir='ltr'>V.</span> <span class='ocrx_word' id='word_1_887' title='bbox 411 3488 462 3518; x_wconf 92' lang='lat' dir='ltr'>Ad</span> <span class='ocrx_word' id='word_1_888' title='bbox 486 3487 673 3524; x_wconf 90' lang='lat' dir='ltr'>secundum,</span> <span class='ocrx_word' id='word_1_889' title='bbox 691 3498 727 3518; x_wconf 87' lang='lat' dir='ltr'>ex</span> <span class='ocrx_word' id='word_1_890' title='bbox 751 3488 841 3519; x_wconf 90' lang='lat' dir='ltr'>dictis</span> <span class='ocrx_word' id='word_1_891' title='bbox 856 3488 1006 3520; x_wconf 88' lang='lat' dir='ltr'>Auctoris</span> <span class='ocrx_word' id='word_1_892' title='bbox 1021 3489 1047 3525; x_wconf 92' lang='lat'>*,</span> <span class='ocrx_word' id='word_1_893' title='bbox 1066 3489 1178 3520; x_wconf 89' lang='lat' dir='ltr'>dicitur</span> <span class='ocrx_word' id='word_1_894' title='bbox 1201 3489 1291 3529; x_wconf 94' lang='lat' dir='ltr'>quod</span> <span class='ocrx_word' id='word_1_895' title='bbox 1315 3489 1365 3520; x_wconf 91' lang='lat' dir='ltr'>hic</span> 
     </span>
     <span class='ocr_line' id='line_1_110' title="bbox 293 3531 1366 3574; baseline 0 -11"><span class='ocrx_word' id='word_1_896' title='bbox 293 3532 512 3574; x_wconf 88' lang='lat' dir='ltr'>aequivocatio</span> <span class='ocrx_word' id='word_1_897' title='bbox 537 3531 648 3562; x_wconf 89' lang='lat' dir='ltr'>accidit</span> <span class='ocrx_word' id='word_1_898' title='bbox 667 3532 706 3562; x_wconf 91' lang='lat' dir='ltr'>de</span> <span class='ocrx_word' id='word_1_899' title='bbox 722 3532 880 3572; x_wconf 86' lang='lat' dir='ltr'>patientia.</span> <span class='ocrx_word' id='word_1_900' title='bbox 904 3534 988 3563; x_wconf 88' lang='lat' dir='ltr'>Nam</span> <span class='ocrx_word' id='word_1_901' title='bbox 1008 3533 1158 3573; x_wconf 88' lang='lat' dir='ltr'>patientia</span> <span class='ocrx_word' id='word_1_902' title='bbox 1174 3540 1209 3564; x_wconf 90' lang='grc'>111</span> <span class='ocrx_word' id='word_1_903' title='bbox 1226 3540 1272 3563; x_wconf 88' lang='grc'>051</span> <span class='ocrx_word' id='word_1_904' title='bbox 1287 3533 1366 3564; x_wconf 84' lang='grc'><strong>01108</strong></span> 
     </span>
     <span class='ocr_line' id='line_1_111' title="bbox 293 3577 1363 3618; baseline 0.001 -11"><span class='ocrx_word' id='word_1_905' title='bbox 293 3577 403 3607; x_wconf 85' lang='grc'><strong>01111118</strong></span> <span class='ocrx_word' id='word_1_906' title='bbox 427 3577 566 3612; x_wconf 89' lang='lat' dir='ltr'>adversa,</span> <span class='ocrx_word' id='word_1_907' title='bbox 584 3586 650 3606; x_wconf 91' lang='lat' dir='ltr'>non</span> <span class='ocrx_word' id='word_1_908' title='bbox 675 3583 720 3606; x_wconf 89' lang='lat' dir='ltr'>est</span> <span class='ocrx_word' id='word_1_909' title='bbox 736 3586 839 3607; x_wconf 91' lang='lat' dir='ltr'>unum</span> <span class='ocrx_word' id='word_1_910' title='bbox 862 3577 950 3618; x_wconf 90' lang='lat' dir='ltr'>quid,</span> <span class='ocrx_word' id='word_1_911' title='bbox 966 3578 1021 3608; x_wconf 90' lang='lat' dir='ltr'>sed</span> <span class='ocrx_word' id='word_1_912' title='bbox 1045 3585 1092 3608; x_wconf 89' lang='lat' dir='ltr'>est</span> <span class='ocrx_word' id='word_1_913' title='bbox 1108 3588 1170 3608; x_wconf 86' lang='lat' dir='ltr'>vox</span> <span class='ocrx_word' id='word_1_914' title='bbox 1186 3577 1363 3618; x_wconf 88' lang='lat' dir='ltr'>significans</span> 
     </span>
    </p>
   </div>
   <div class='ocr_carea' id='block_1_54' title="bbox 292 3620 1394 3662">
    <p class='ocr_par' dir='ltr' id='par_1_60' title="bbox 292 3620 1394 3662">
     <span class='ocr_line' id='line_1_112' title="bbox 292 3620 1394 3662; baseline 0.001 -10"><span class='ocrx_word' id='word_1_915' title='bbox 292 3622 441 3652; x_wconf 88' lang='lat' dir='ltr'>virtutem</span> <span class='ocrx_word' id='word_1_916' title='bbox 466 3620 635 3661; x_wconf 88' lang='lat' dir='ltr'>patientiae</span> <span class='ocrx_word' id='word_1_917' title='bbox 659 3620 698 3650; x_wconf 90' lang='lat' dir='ltr'>ad</span> <span class='ocrx_word' id='word_1_918' title='bbox 720 3620 803 3651; x_wconf 82' lang='lat' dir='ltr'>mala</span> <span class='ocrx_word' id='word_1_919' title='bbox 825 3621 884 3651; x_wconf 90' lang='lat' dir='ltr'>alia</span> <span class='ocrx_word' id='word_1_920' title='bbox 908 3632 926 3651; x_wconf 92' lang='lat' dir='ltr'>a</span> <span class='ocrx_word' id='word_1_921' title='bbox 949 3622 1060 3652; x_wconf 89' lang='lat' dir='ltr'>mortis</span> <span class='ocrx_word' id='word_1_922' title='bbox 1085 3622 1250 3662; x_wconf 92' lang='lat' dir='ltr'>periculis,</span> <span class='ocrx_word' id='word_1_923' title='bbox 1271 3629 1301 3652; x_wconf 93' lang='lat' dir='ltr'>et</span> <span class='ocrx_word' id='word_1_924' title='bbox 1324 3622 1364 3652; x_wconf 91' lang='lat' dir='ltr'>ad</span> <span class='ocrx_word' id='word_1_925' title='bbox 1392 3645 1394 3654; x_wconf 47' lang='grc' dir='ltr'>ι</span> 
     </span>
    </p>
   </div>
   <div class='ocr_carea' id='block_1_55' title="bbox 436 3682 973 3708">
    <p class='ocr_par' dir='ltr' id='par_1_61' title="bbox 436 3682 973 3708">
     <span class='ocr_line' id='line_1_113' title="bbox 436 3682 973 3708; baseline 0.002 -1"><span class='ocrx_word' id='word_1_926' title='bbox 436 3684 546 3708; x_wconf 70' lang='lat' dir='ltr'>Summa</span> <span class='ocrx_word' id='word_1_927' title='bbox 566 3682 667 3707; x_wconf 62' lang='lat' dir='ltr'>Tenon</span> <span class='ocrx_word' id='word_1_928' title='bbox 689 3682 720 3707; x_wconf 89' lang='lat' dir='ltr'>D.</span> <span class='ocrx_word' id='word_1_929' title='bbox 734 3682 849 3707; x_wconf 66' lang='lat' dir='ltr'>Tnomn</span> <span class='ocrx_word' id='word_1_930' title='bbox 868 3682 902 3708; x_wconf 88' lang='lat' dir='ltr'>T.</span> <span class='ocrx_word' id='word_1_931' title='bbox 919 3683 973 3708; x_wconf 87' lang='lat' dir='ltr'>Vll.</span> 
     </span>
    </p>
   </div>
   <div class='ocr_carea' id='block_1_56' title="bbox 1396 1663 1398 1902">
    <p class='ocr_par' dir='ltr' id='par_1_62' title="bbox 1396 1663 1398 1894">
     <span class='ocr_line' id='line_1_114' title="bbox 1396 1663 1398 1693; baseline 0 0"><span class='ocrx_word' id='word_1_932' title='bbox 1396 1663 1398 1693; x_wconf 92' lang='grc'>1</span> 
     </span>
     <span class='ocr_line' id='line_1_115' title="bbox 1396 1697 1398 1712; baseline 0 0"><span class='ocrx_word' id='word_1_933' title='bbox 1396 1697 1398 1712; x_wconf 66' lang='lat' dir='ltr'><em>r</em></span> 
     </span>
     <span class='ocr_line' id='line_1_116' title="bbox 1396 1719 1397 1738; baseline 0 0"><span class='ocrx_word' id='word_1_934' title='bbox 1396 1719 1397 1738; x_wconf 96' lang='grc'>1</span> 
     </span>
     <span class='ocr_line' id='line_1_117' title="bbox 1396 1779 1397 1818; baseline 0 0"><span class='ocrx_word' id='word_1_935' title='bbox 1396 1779 1397 1818; x_wconf 91' lang='grc'>1</span> 
     </span>
     <span class='ocr_line' id='line_1_118' title="bbox 1396 1823 1398 1852; baseline 0 -6"><span class='ocrx_word' id='word_1_936' title='bbox 1396 1823 1398 1852; x_wconf 86' lang='grc'>1</span> 
     </span>
     <span class='ocr_line' id='line_1_119' title="bbox 1396 1868 1397 1902; baseline 0 -8"><span class='ocrx_word' id='word_1_937' title='bbox 1396 1868 1397 1902; x_wconf 83' lang='grc'>1</span> 
     </span>
    </p>
   </div>
   <div class='ocr_carea' id='block_1_57' title="bbox 1423 1570 2500 1926">
    <p class='ocr_par' dir='ltr' id='par_1_63' title="bbox 1424 1570 2500 1826">
     <span class='ocr_line' id='line_1_120' title="bbox 1425 1570 2500 1614; baseline 0.004 -13"><span class='ocrx_word' id='word_1_938' title='bbox 1425 1570 1523 1602; x_wconf 82' lang='lat' dir='ltr'>stitia:</span> <span class='ocrx_word' id='word_1_939' title='bbox 1549 1570 1625 1612; x_wconf 84' lang='lat' dir='ltr'>quia</span> <span class='ocrx_word' id='word_1_940' title='bbox 1649 1571 1746 1602; x_wconf 92' lang='lat' dir='ltr'>timor</span> <span class='ocrx_word' id='word_1_941' title='bbox 1770 1580 1816 1604; x_wconf 87' lang='grc'>051</span> <span class='ocrx_word' id='word_1_942' title='bbox 1840 1579 1983 1612; x_wconf 81' lang='lat' dir='ltr'>respectu</span> <span class='ocrx_word' id='word_1_943' title='bbox 2008 1572 2196 1603; x_wconf 92' lang='lat' dir='ltr'>huiusmodi</span> <span class='ocrx_word' id='word_1_944' title='bbox 2225 1573 2441 1614; x_wconf 85' lang='lat' dir='ltr'>periculorum</span> <span class='ocrx_word' id='word_1_945' title='bbox 2465 1582 2500 1605; x_wconf 94' lang='lat' dir='ltr'>ut</span> 
     </span>
     <span class='ocr_line' id='line_1_121' title="bbox 1425 1615 2498 1658; baseline 0.003 -12"><span class='ocrx_word' id='word_1_946' title='bbox 1425 1615 1542 1646; x_wconf 87' lang='lat' dir='ltr'>habent</span> <span class='ocrx_word' id='word_1_947' title='bbox 1565 1615 1721 1646; x_wconf 84' lang='lat' dir='ltr'>rationem</span> <span class='ocrx_word' id='word_1_948' title='bbox 1746 1616 1847 1653; x_wconf 87' lang='lat' dir='ltr'>ardui,</span> <span class='ocrx_word' id='word_1_949' title='bbox 1867 1617 1991 1648; x_wconf 86' lang='lat' dir='ltr'>tristitia</span> <span class='ocrx_word' id='word_1_950' title='bbox 2011 1624 2118 1648; x_wconf 91' lang='lat' dir='ltr'>autem</span> <span class='ocrx_word' id='word_1_951' title='bbox 2135 1627 2216 1654; x_wconf 90' lang='lat' dir='ltr'>non;</span> <span class='ocrx_word' id='word_1_952' title='bbox 2242 1619 2396 1658; x_wconf 86' lang='lat' dir='ltr'>quoniam</span> <span class='ocrx_word' id='word_1_953' title='bbox 2422 1619 2498 1649; x_wconf 89' lang='lat' dir='ltr'>haec</span> 
     </span>
     <span class='ocr_line' id='line_1_122' title="bbox 1424 1660 2497 1703; baseline 0.003 -12"><span class='ocrx_word' id='word_1_954' title='bbox 1424 1667 1471 1691; x_wconf 88' lang='lat' dir='ltr'>est</span> <span class='ocrx_word' id='word_1_955' title='bbox 1499 1660 1756 1701; x_wconf 86' lang='lat' dir='ltr'>concupiscibilis</span> <span class='ocrx_word' id='word_1_956' title='bbox 1780 1661 1905 1702; x_wconf 89' lang='lat' dir='ltr'>passio,</span> <span class='ocrx_word' id='word_1_957' title='bbox 1929 1661 1980 1692; x_wconf 91' lang='lat' dir='ltr'>ille</span> <span class='ocrx_word' id='word_1_958' title='bbox 2004 1670 2051 1693; x_wconf 90' lang='lat' dir='ltr'>est</span> <span class='ocrx_word' id='word_1_959' title='bbox 2075 1662 2182 1703; x_wconf 92' lang='lat' dir='ltr'>passio</span> <span class='ocrx_word' id='word_1_960' title='bbox 2207 1662 2379 1694; x_wconf 87' lang='lat' dir='ltr'>irascibilis.</span> <span class='ocrx_word' id='word_1_961' title='bbox 2405 1664 2497 1694; x_wconf 92' lang='lat' dir='ltr'>Unde</span> 
     </span>
     <span class='ocr_line' id='line_1_123' title="bbox 1424 1705 2498 1748; baseline 0.003 -13"><span class='ocrx_word' id='word_1_962' title='bbox 1424 1705 1580 1736; x_wconf 84' lang='lat' dir='ltr'>fortitudo</span> <span class='ocrx_word' id='word_1_963' title='bbox 1606 1715 1661 1746; x_wconf 89' lang='lat' dir='ltr'>per</span> <span class='ocrx_word' id='word_1_964' title='bbox 1684 1706 1823 1746; x_wconf 88' lang='lat' dir='ltr'>seipsam</span> <span class='ocrx_word' id='word_1_965' title='bbox 1842 1705 1946 1737; x_wconf 87' lang='lat' dir='ltr'>firmat</span> <span class='ocrx_word' id='word_1_966' title='bbox 1970 1713 2080 1737; x_wconf 90' lang='lat' dir='ltr'>contra</span> <span class='ocrx_word' id='word_1_967' title='bbox 2103 1707 2270 1738; x_wconf 86' lang='lat' dir='ltr'>timorem:</span> <span class='ocrx_word' id='word_1_968' title='bbox 2300 1715 2330 1738; x_wconf 95' lang='lat' dir='ltr'>et</span> <span class='ocrx_word' id='word_1_969' title='bbox 2353 1717 2409 1748; x_wconf 92' lang='lat' dir='ltr'>per</span> <span class='ocrx_word' id='word_1_970' title='bbox 2432 1717 2498 1738; x_wconf 88' lang='lat' dir='ltr'>ma-</span> 
     </span>
     <span class='ocr_line' id='line_1_124' title="bbox 1425 1750 2499 1792; baseline 0.003 -12"><span class='ocrx_word' id='word_1_971' title='bbox 1425 1760 1505 1781; x_wconf 89' lang='lat' dir='ltr'>num</span> <span class='ocrx_word' id='word_1_972' title='bbox 1528 1759 1630 1786; x_wconf 88' lang='lat' dir='ltr'>suam,</span> <span class='ocrx_word' id='word_1_973' title='bbox 1648 1750 1710 1781; x_wconf 91' lang='lat' dir='ltr'>hoc</span> <span class='ocrx_word' id='word_1_974' title='bbox 1739 1758 1795 1787; x_wconf 91' lang='lat' dir='ltr'>est,</span> <span class='ocrx_word' id='word_1_975' title='bbox 1820 1751 2006 1791; x_wconf 88' lang='lat' dir='ltr'>patientiam</span> <span class='ocrx_word' id='word_1_976' title='bbox 2031 1758 2154 1792; x_wconf 89' lang='lat' dir='ltr'>partem</span> <span class='ocrx_word' id='word_1_977' title='bbox 2178 1752 2373 1792; x_wconf 84' lang='lat' dir='ltr'>integralem,</span> <span class='ocrx_word' id='word_1_978' title='bbox 2395 1752 2499 1784; x_wconf 89' lang='lat' dir='ltr'>firmat</span> 
     </span>
     <span class='ocr_line' id='line_1_125' title="bbox 1425 1801 1704 1826; baseline 0 0"><span class='ocrx_word' id='word_1_979' title='bbox 1425 1802 1534 1826; x_wconf 89' lang='lat' dir='ltr'>contra</span> <span class='ocrx_word' id='word_1_980' title='bbox 1554 1801 1704 1826; x_wconf 85' lang='grc'><strong>1115111185.</strong></span> 
     </span>
    </p>

    <p class='ocr_par' dir='ltr' id='par_1_64' title="bbox 1423 1839 2498 1926">
     <span class='ocr_line' id='line_1_126' title="bbox 1480 1839 2498 1884; baseline 0.003 -15"><span class='ocrx_word' id='word_1_981' title='bbox 1480 1839 1522 1869; x_wconf 89' lang='grc' dir='ltr'>Ε1</span> <span class='ocrx_word' id='word_1_982' title='bbox 1545 1849 1618 1870; x_wconf 87' lang='grc'><strong>011111</strong></span> <span class='ocrx_word' id='word_1_983' title='bbox 1643 1839 1768 1875; x_wconf 88' lang='lat' dir='ltr'>dicitur,</span> <span class='ocrx_word' id='word_1_984' title='bbox 1793 1840 1872 1871; x_wconf 86' lang='lat' dir='ltr'>Plus</span> <span class='ocrx_word' id='word_1_985' title='bbox 1888 1845 1935 1871; x_wconf 80' lang='lat' dir='ltr'>est</span> <span class='ocrx_word' id='word_1_986' title='bbox 1949 1849 2108 1880; x_wconf 77' lang='lat' dir='ltr'>superare</span> <span class='ocrx_word' id='word_1_987' title='bbox 2125 1842 2314 1881; x_wconf 82' lang='lat' dir='ltr'>praesentia</span> <span class='ocrx_word' id='word_1_988' title='bbox 2331 1851 2427 1882; x_wconf 83' lang='lat' dir='ltr'>quam</span> <span class='ocrx_word' id='word_1_989' title='bbox 2437 1842 2498 1884; x_wconf 91' lang='lat' dir='ltr'>su—</span> 
     </span>
     <span class='ocr_line' id='line_1_127' title="bbox 1423 1884 2497 1926; baseline 0.003 -12"><span class='ocrx_word' id='word_1_990' title='bbox 1423 1888 1500 1914; x_wconf 83' lang='lat' dir='ltr'>tura</span> <span class='ocrx_word' id='word_1_991' title='bbox 1523 1884 1655 1921; x_wconf 87' lang='lat' dir='ltr'>timere,</span> <span class='ocrx_word' id='word_1_992' title='bbox 1681 1884 1891 1924; x_wconf 90' lang='lat' dir='ltr'>respondetur</span> <span class='ocrx_word' id='word_1_993' title='bbox 1914 1885 2003 1926; x_wconf 91' lang='lat' dir='ltr'>quod</span> <span class='ocrx_word' id='word_1_994' title='bbox 2027 1894 2138 1915; x_wconf 90' lang='lat' dir='ltr'>verum</span> <span class='ocrx_word' id='word_1_995' title='bbox 2163 1893 2210 1916; x_wconf 88' lang='lat' dir='ltr'>est</span> <span class='ocrx_word' id='word_1_996' title='bbox 2233 1886 2292 1916; x_wconf 89' lang='lat' dir='ltr'>sub</span> <span class='ocrx_word' id='word_1_997' title='bbox 2316 1887 2427 1917; x_wconf 89' lang='lat' dir='ltr'>eadem</span> <span class='ocrx_word' id='word_1_998' title='bbox 2451 1897 2497 1918; x_wconf 87' lang='lat' dir='ltr'>ra-</span> 
     </span>
    </p>
   </div>
   <div class='ocr_carea' id='block_1_58' title="bbox 295 1927 2499 2060">
    <p class='ocr_par' dir='ltr' id='par_1_65' title="bbox 295 1927 2499 2060">
     <span class='ocr_line' id='line_1_128' title="bbox 1395 1927 2499 1971; baseline 0.004 -13"><span class='ocrx_word' id='word_1_999' title='bbox 1395 1942 1397 1966; x_wconf 62' lang='grc'>1</span> <span class='ocrx_word' id='word_1_1000' title='bbox 1424 1927 1524 1958; x_wconf 89' lang='grc'><strong>110110;</strong></span> <span class='ocrx_word' id='word_1_1001' title='bbox 1550 1929 1605 1959; x_wconf 82' lang='grc' dir='ltr'>5οἀ</span> <span class='ocrx_word' id='word_1_1002' title='bbox 1629 1938 1694 1959; x_wconf 84' lang='grc'><strong>11011</strong></span> <span class='ocrx_word' id='word_1_1003' title='bbox 1720 1936 1766 1960; x_wconf 84' lang='grc'>051</span> <span class='ocrx_word' id='word_1_1004' title='bbox 1789 1928 1842 1965; x_wconf 88' lang='grc'><strong>510,</strong></span> <span class='ocrx_word' id='word_1_1005' title='bbox 1868 1930 2085 1970; x_wconf 88' lang='lat' dir='ltr'>comparando</span> <span class='ocrx_word' id='word_1_1006' title='bbox 2102 1929 2260 1961; x_wconf 87' lang='lat' dir='ltr'>tristitiam</span> <span class='ocrx_word' id='word_1_1007' title='bbox 2283 1931 2499 1971; x_wconf 88' lang='lat' dir='ltr'>praesentium</span> 
     </span>
     <span class='ocr_line' id='line_1_129' title="bbox 1395 1973 2498 2015; baseline 0.003 -12"><span class='ocrx_word' id='word_1_1008' title='bbox 1395 1981 1396 1989; x_wconf 64' lang='lat'>¹</span> <span class='ocrx_word' id='word_1_1009' title='bbox 1423 1973 1578 2015; x_wconf 70' lang='lat' dir='ltr'>praecise,</span> <span class='ocrx_word' id='word_1_1010' title='bbox 1603 1979 1634 2003; x_wconf 89' lang='lat' dir='ltr'>et</span> <span class='ocrx_word' id='word_1_1011' title='bbox 1663 1973 1813 2004; x_wconf 90' lang='lat' dir='ltr'>timorem</span> <span class='ocrx_word' id='word_1_1012' title='bbox 1844 1973 2062 2014; x_wconf 86' lang='lat' dir='ltr'>periculorum</span> <span class='ocrx_word' id='word_1_1013' title='bbox 2093 1974 2204 2005; x_wconf 88' lang='lat' dir='ltr'>mortis</span> <span class='ocrx_word' id='word_1_1014' title='bbox 2233 1975 2381 2015; x_wconf 89' lang='lat' dir='ltr'>praecise.</span> <span class='ocrx_word' id='word_1_1015' title='bbox 2413 1976 2498 2013; x_wconf 88' lang='lat' dir='ltr'>Quia</span> 
     </span>
     <span class='ocr_line' id='line_1_130' title="bbox 295 2015 1396 2060; baseline -0.003 -10"><span class='ocrx_word' id='word_1_1016' title='bbox 295 2020 396 2050; x_wconf 82' lang='lat' dir='ltr'>Actus</span> <span class='ocrx_word' id='word_1_1017' title='bbox 408 2017 620 2060; x_wconf 84' lang='lat' dir='ltr'>fortitudinis</span> <span class='ocrx_word' id='word_1_1018' title='bbox 636 2026 700 2047; x_wconf 88' lang='lat' dir='ltr'>non</span> <span class='ocrx_word' id='word_1_1019' title='bbox 723 2017 827 2047; x_wconf 85' lang='lat' dir='ltr'>solum</span> <span class='ocrx_word' id='word_1_1020' title='bbox 851 2017 995 2047; x_wconf 81' lang='lat' dir='ltr'>consistit</span> <span class='ocrx_word' id='word_1_1021' title='bbox 1013 2017 1046 2046; x_wconf 89' lang='lat' dir='ltr'>in</span> <span class='ocrx_word' id='word_1_1022' title='bbox 1062 2016 1122 2046; x_wconf 83' lang='lat' dir='ltr'>hoc</span> <span class='ocrx_word' id='word_1_1023' title='bbox 1143 2015 1229 2056; x_wconf 83' lang='lat' dir='ltr'>quod</span> <span class='ocrx_word' id='word_1_1024' title='bbox 1250 2016 1370 2056; x_wconf 81' lang='lat' dir='ltr'>aliquis</span> <span class='ocrx_word' id='word_1_1025' title='bbox 1394 2017 1396 2048; x_wconf 69' lang='grc' dir='ltr'>ἐ</span> 
     </span>
    </p>
   </div>
   <div class='ocr_carea' id='block_1_59' title="bbox 1421 2017 2500 2239">
    <p class='ocr_par' dir='ltr' id='par_1_66' title="bbox 1421 2017 2500 2239">
     <span class='ocr_line' id='line_1_131' title="bbox 1423 2017 2499 2061; baseline 0.004 -14"><span class='ocrx_word' id='word_1_1026' title='bbox 1423 2017 1520 2048; x_wconf 91' lang='lat' dir='ltr'>timor</span> <span class='ocrx_word' id='word_1_1027' title='bbox 1543 2017 1670 2058; x_wconf 88' lang='lat' dir='ltr'>respicit</span> <span class='ocrx_word' id='word_1_1028' title='bbox 1685 2018 1739 2048; x_wconf 85' lang='lat' dir='ltr'>illa</span> <span class='ocrx_word' id='word_1_1029' title='bbox 1758 2019 1817 2049; x_wconf 93' lang='lat' dir='ltr'>sub</span> <span class='ocrx_word' id='word_1_1030' title='bbox 1834 2018 1955 2049; x_wconf 89' lang='lat' dir='ltr'>ratione</span> <span class='ocrx_word' id='word_1_1031' title='bbox 1984 2019 2085 2056; x_wconf 89' lang='lat' dir='ltr'>ardui,</span> <span class='ocrx_word' id='word_1_1032' title='bbox 2103 2019 2225 2050; x_wconf 87' lang='lat' dir='ltr'>tristitia</span> <span class='ocrx_word' id='word_1_1033' title='bbox 2241 2026 2348 2050; x_wconf 91' lang='lat' dir='ltr'>autem</span> <span class='ocrx_word' id='word_1_1034' title='bbox 2372 2021 2499 2061; x_wconf 89' lang='lat' dir='ltr'>respicit</span> 
     </span>
     <span class='ocr_line' id='line_1_132' title="bbox 1422 2062 2497 2104; baseline 0.004 -12"><span class='ocrx_word' id='word_1_1035' title='bbox 1422 2062 1476 2092; x_wconf 90' lang='lat' dir='ltr'>illa</span> <span class='ocrx_word' id='word_1_1036' title='bbox 1500 2062 1659 2093; x_wconf 84' lang='lat' dir='ltr'>absolute:</span> <span class='ocrx_word' id='word_1_1037' title='bbox 1680 2070 1710 2093; x_wconf 92' lang='lat' dir='ltr'>et</span> <span class='ocrx_word' id='word_1_1038' title='bbox 1732 2063 1776 2093; x_wconf 91' lang='lat' dir='ltr'>sic</span> <span class='ocrx_word' id='word_1_1039' title='bbox 1798 2072 1864 2094; x_wconf 92' lang='lat' dir='ltr'>non</span> <span class='ocrx_word' id='word_1_1040' title='bbox 1888 2070 1963 2094; x_wconf 90' lang='lat' dir='ltr'>sunt</span> <span class='ocrx_word' id='word_1_1041' title='bbox 1987 2070 2087 2094; x_wconf 90' lang='lat' dir='ltr'>cetera</span> <span class='ocrx_word' id='word_1_1042' title='bbox 2104 2064 2199 2104; x_wconf 89' lang='lat' dir='ltr'>paria.</span> <span class='ocrx_word' id='word_1_1043' title='bbox 2224 2082 2246 2087; x_wconf 97' lang='lat'><em>-</em></span> <span class='ocrx_word' id='word_1_1044' title='bbox 2269 2065 2402 2101; x_wconf 89' lang='lat' dir='ltr'>Rursus,</span> <span class='ocrx_word' id='word_1_1045' title='bbox 2423 2066 2497 2096; x_wconf 89' lang='lat' dir='ltr'>dato</span> 
     </span>
     <span class='ocr_line' id='line_1_133' title="bbox 1422 2106 2498 2149; baseline 0.003 -12"><span class='ocrx_word' id='word_1_1046' title='bbox 1422 2107 1512 2147; x_wconf 93' lang='lat' dir='ltr'>quod</span> <span class='ocrx_word' id='word_1_1047' title='bbox 1536 2106 1694 2137; x_wconf 85' lang='lat' dir='ltr'>difficilius</span> <span class='ocrx_word' id='word_1_1048' title='bbox 1711 2115 1792 2138; x_wconf 88' lang='lat' dir='ltr'>esset</span> <span class='ocrx_word' id='word_1_1049' title='bbox 1817 2117 1966 2148; x_wconf 89' lang='lat' dir='ltr'>superare</span> <span class='ocrx_word' id='word_1_1050' title='bbox 1989 2108 2128 2139; x_wconf 89' lang='lat' dir='ltr'>tristitias</span> <span class='ocrx_word' id='word_1_1051' title='bbox 2151 2108 2225 2139; x_wconf 90' lang='lat' dir='ltr'>istas</span> <span class='ocrx_word' id='word_1_1052' title='bbox 2245 2119 2343 2149; x_wconf 89' lang='lat' dir='ltr'>quam</span> <span class='ocrx_word' id='word_1_1053' title='bbox 2366 2109 2498 2141; x_wconf 90' lang='lat' dir='ltr'>timores</span> 
     </span>
     <span class='ocr_line' id='line_1_134' title="bbox 1421 2150 2500 2194; baseline 0.004 -13"><span class='ocrx_word' id='word_1_1054' title='bbox 1421 2150 1514 2187; x_wconf 86' lang='lat' dir='ltr'>istos,</span> <span class='ocrx_word' id='word_1_1055' title='bbox 1539 2161 1606 2181; x_wconf 90' lang='grc'><strong>11011</strong></span> <span class='ocrx_word' id='word_1_1056' title='bbox 1633 2159 1740 2182; x_wconf 87' lang='grc'><strong>18111011</strong></span> <span class='ocrx_word' id='word_1_1057' title='bbox 1771 2152 1916 2193; x_wconf 90' lang='lat' dir='ltr'>sequitur</span> <span class='ocrx_word' id='word_1_1058' title='bbox 1938 2153 2028 2193; x_wconf 92' lang='lat' dir='ltr'>quod</span> <span class='ocrx_word' id='word_1_1059' title='bbox 2060 2153 2211 2193; x_wconf 89' lang='lat' dir='ltr'>patientia</span> <span class='ocrx_word' id='word_1_1060' title='bbox 2234 2153 2437 2194; x_wconf 85' lang='lat' dir='ltr'>principalior</span> <span class='ocrx_word' id='word_1_1061' title='bbox 2461 2155 2500 2186; x_wconf 93' lang='lat' dir='ltr'>sit</span> 
     </span>
     <span class='ocr_line' id='line_1_135' title="bbox 1422 2195 2498 2239; baseline 0.003 -13"><span class='ocrx_word' id='word_1_1062' title='bbox 1422 2195 1620 2226; x_wconf 82' lang='lat' dir='ltr'>fortitudine.</span> <span class='ocrx_word' id='word_1_1063' title='bbox 1654 2196 1739 2233; x_wconf 90' lang='lat' dir='ltr'>Quia</span> <span class='ocrx_word' id='word_1_1064' title='bbox 1762 2196 1918 2227; x_wconf 84' lang='lat' dir='ltr'>fortitudo</span> <span class='ocrx_word' id='word_1_1065' title='bbox 1941 2197 2036 2228; x_wconf 86' lang='lat' dir='ltr'>habet</span> <span class='ocrx_word' id='word_1_1066' title='bbox 2059 2207 2117 2237; x_wconf 92' lang='lat' dir='ltr'>pro</span> <span class='ocrx_word' id='word_1_1067' title='bbox 2142 2197 2308 2238; x_wconf 69' lang='grc'><strong>111-1110111811</strong></span> <span class='ocrx_word' id='word_1_1068' title='bbox 2332 2206 2402 2229; x_wconf 87' lang='grc'><strong>80111</strong></span> <span class='ocrx_word' id='word_1_1069' title='bbox 2428 2209 2498 2239; x_wconf 89' lang='lat' dir='ltr'>per-</span> 
     </span>
    </p>
   </div>
   <div class='ocr_carea' id='block_1_60' title="bbox 1394 2237 2498 2290">
    <p class='ocr_par' dir='ltr' id='par_1_67' title="bbox 1394 2237 2498 2290">
     <span class='ocr_line' id='line_1_136' title="bbox 1394 2237 2498 2290; baseline 0.004 -20"><span class='ocrx_word' id='word_1_1070' title='bbox 1394 2237 1395 2290; x_wconf 43' lang='grc'>1</span> <span class='ocrx_word' id='word_1_1071' title='bbox 1421 2240 1528 2271; x_wconf 91' lang='lat' dir='ltr'>sistere</span> <span class='ocrx_word' id='word_1_1072' title='bbox 1542 2250 1617 2271; x_wconf 89' lang='lat' dir='ltr'>cum</span> <span class='ocrx_word' id='word_1_1073' title='bbox 1635 2241 1839 2281; x_wconf 90' lang='lat' dir='ltr'>superatione</span> <span class='ocrx_word' id='word_1_1074' title='bbox 1855 2241 2039 2282; x_wconf 85' lang='lat' dir='ltr'>utriusque:</span> <span class='ocrx_word' id='word_1_1075' title='bbox 2057 2242 2270 2273; x_wconf 88' lang='lat' dir='ltr'>diversimode</span> <span class='ocrx_word' id='word_1_1076' title='bbox 2286 2249 2403 2279; x_wconf 89' lang='lat' dir='ltr'>tamen,</span> <span class='ocrx_word' id='word_1_1077' title='bbox 2424 2244 2498 2284; x_wconf 90' lang='lat' dir='ltr'>quia</span> 
     </span>
    </p>
   </div>
   <div class='ocr_carea' id='block_1_61' title="bbox 1415 2285 2500 2863">
    <p class='ocr_par' dir='ltr' id='par_1_68' title="bbox 1422 2285 2498 2414">
     <span class='ocr_line' id='line_1_137' title="bbox 1422 2285 2498 2327; baseline 0.004 -12"><span class='ocrx_word' id='word_1_1078' title='bbox 1422 2294 1498 2315; x_wconf 91' lang='lat' dir='ltr'>cum</span> <span class='ocrx_word' id='word_1_1079' title='bbox 1521 2285 1724 2325; x_wconf 88' lang='lat' dir='ltr'>superatione</span> <span class='ocrx_word' id='word_1_1080' title='bbox 1740 2285 1864 2316; x_wconf 89' lang='lat' dir='ltr'>timoris</span> <span class='ocrx_word' id='word_1_1081' title='bbox 1880 2285 2080 2323; x_wconf 88' lang='lat' dir='ltr'>immediate,</span> <span class='ocrx_word' id='word_1_1082' title='bbox 2106 2297 2181 2317; x_wconf 91' lang='lat' dir='ltr'>cum</span> <span class='ocrx_word' id='word_1_1083' title='bbox 2204 2287 2407 2327; x_wconf 86' lang='lat' dir='ltr'>superatione</span> <span class='ocrx_word' id='word_1_1084' title='bbox 2423 2298 2498 2319; x_wconf 91' lang='lat' dir='ltr'>vero</span> 
     </span>
     <span class='ocr_line' id='line_1_138' title="bbox 1422 2329 2498 2377; baseline 0.004 -18"><span class='ocrx_word' id='word_1_1085' title='bbox 1422 2329 1564 2360; x_wconf 88' lang='lat' dir='ltr'>tristitiae</span> <span class='ocrx_word' id='word_1_1086' title='bbox 1588 2330 1740 2366; x_wconf 88' lang='lat' dir='ltr'>mediate,</span> <span class='ocrx_word' id='word_1_1087' title='bbox 1765 2340 1831 2361; x_wconf 91' lang='lat' dir='ltr'>non</span> <span class='ocrx_word' id='word_1_1088' title='bbox 1862 2330 1966 2361; x_wconf 90' lang='lat' dir='ltr'>media</span> <span class='ocrx_word' id='word_1_1089' title='bbox 1997 2331 2057 2361; x_wconf 84' lang='lat' dir='ltr'>alia</span> <span class='ocrx_word' id='word_1_1090' title='bbox 2079 2331 2209 2377; x_wconf 70' lang='lat' dir='ltr'>virtute,</span> <span class='ocrx_word' id='word_1_1091' title='bbox 2234 2332 2290 2362; x_wconf 83' lang='lat' dir='ltr'>sed</span> <span class='ocrx_word' id='word_1_1092' title='bbox 2313 2333 2417 2363; x_wconf 89' lang='lat' dir='ltr'>media</span> <span class='ocrx_word' id='word_1_1093' title='bbox 2441 2343 2498 2364; x_wconf 88' lang='lat' dir='ltr'>sua</span> 
     </span>
     <span class='ocr_line' id='line_1_139' title="bbox 1422 2382 1520 2414; baseline 0.01 -10"><span class='ocrx_word' id='word_1_1094' title='bbox 1422 2382 1520 2414; x_wconf 90' lang='lat' dir='ltr'>parte.</span> 
     </span>
    </p>

    <p class='ocr_par' dir='ltr' id='par_1_69' title="bbox 1415 2419 2500 2863">
     <span class='ocr_line' id='line_1_140' title="bbox 1478 2419 2498 2460; baseline 0.003 -11"><span class='ocrx_word' id='word_1_1095' title='bbox 1478 2419 1545 2450; x_wconf 89' lang='lat' dir='ltr'>VII.</span> <span class='ocrx_word' id='word_1_1096' title='bbox 1562 2419 1603 2449; x_wconf 90' lang='lat' dir='ltr'>Et</span> <span class='ocrx_word' id='word_1_1097' title='bbox 1619 2428 1675 2459; x_wconf 89' lang='lat' dir='ltr'>per</span> <span class='ocrx_word' id='word_1_1098' title='bbox 1690 2419 1766 2450; x_wconf 89' lang='lat' dir='ltr'>haec</span> <span class='ocrx_word' id='word_1_1099' title='bbox 1781 2426 1867 2460; x_wconf 89' lang='lat' dir='ltr'>patet</span> <span class='ocrx_word' id='word_1_1100' title='bbox 1883 2420 2050 2460; x_wconf 91' lang='lat' dir='ltr'>responsio</span> <span class='ocrx_word' id='word_1_1101' title='bbox 2067 2420 2105 2450; x_wconf 90' lang='lat' dir='ltr'>ad</span> <span class='ocrx_word' id='word_1_1102' title='bbox 2124 2420 2220 2457; x_wconf 87' lang='lat' dir='ltr'>aliud,</span> <span class='ocrx_word' id='word_1_1103' title='bbox 2238 2420 2370 2452; x_wconf 85' lang='lat' dir='ltr'>scilicet:</span> <span class='ocrx_word' id='word_1_1104' title='bbox 2395 2422 2498 2453; x_wconf 85' lang='lat' dir='ltr'>Susti-</span> 
     </span>
     <span class='ocr_line' id='line_1_141' title="bbox 1422 2464 2500 2508; baseline 0.004 -14"><span class='ocrx_word' id='word_1_1105' title='bbox 1422 2473 1500 2494; x_wconf 85' lang='lat' dir='ltr'>nere</span> <span class='ocrx_word' id='word_1_1106' title='bbox 1523 2464 1610 2494; x_wconf 87' lang='lat' dir='ltr'>mala</span> <span class='ocrx_word' id='word_1_1107' title='bbox 1629 2466 1818 2504; x_wconf 82' lang='lat' dir='ltr'>praesentia</span> <span class='ocrx_word' id='word_1_1108' title='bbox 1849 2469 1895 2495; x_wconf 84' lang='lat' dir='ltr'>est</span> <span class='ocrx_word' id='word_1_1109' title='bbox 1913 2465 2131 2505; x_wconf 83' lang='lat' dir='ltr'>principalius</span> <span class='ocrx_word' id='word_1_1110' title='bbox 2158 2475 2254 2506; x_wconf 84' lang='lat' dir='ltr'>quam</span> <span class='ocrx_word' id='word_1_1111' title='bbox 2289 2476 2352 2496; x_wconf 88' lang='lat' dir='ltr'>non</span> <span class='ocrx_word' id='word_1_1112' title='bbox 2372 2466 2500 2508; x_wconf 83' lang='lat' dir='ltr'>fugere</span> 
     </span>
     <span class='ocr_line' id='line_1_142' title="bbox 1415 2508 2497 2550; baseline 0.003 -11"><span class='ocrx_word' id='word_1_1113' title='bbox 1415 2513 1554 2550; x_wconf 81' lang='lat' dir='ltr'>propter</span> <span class='ocrx_word' id='word_1_1114' title='bbox 1577 2509 1709 2539; x_wconf 86' lang='lat' dir='ltr'>timores</span> <span class='ocrx_word' id='word_1_1115' title='bbox 1723 2508 1750 2539; x_wconf 88' lang='lat'>*.</span> <span class='ocrx_word' id='word_1_1116' title='bbox 1776 2509 1919 2550; x_wconf 89' lang='lat' dir='ltr'>Utraque</span> <span class='ocrx_word' id='word_1_1117' title='bbox 1941 2509 2101 2550; x_wconf 90' lang='lat' dir='ltr'>siquidem</span> <span class='ocrx_word' id='word_1_1118' title='bbox 2124 2510 2290 2550; x_wconf 91' lang='lat' dir='ltr'>responsio</span> <span class='ocrx_word' id='word_1_1119' title='bbox 2307 2511 2380 2541; x_wconf 89' lang='lat' dir='ltr'>data</span> <span class='ocrx_word' id='word_1_1120' title='bbox 2403 2511 2497 2542; x_wconf 88' lang='lat' dir='ltr'>habet</span> 
     </span>
     <span class='ocr_line' id='line_1_143' title="bbox 1421 2553 2496 2595; baseline 0.002 -11"><span class='ocrx_word' id='word_1_1121' title='bbox 1421 2553 1473 2584; x_wconf 90' lang='lat' dir='ltr'>hic</span> <span class='ocrx_word' id='word_1_1122' title='bbox 1487 2553 1612 2584; x_wconf 88' lang='lat' dir='ltr'>locum:</span> <span class='ocrx_word' id='word_1_1123' title='bbox 1645 2560 1676 2584; x_wconf 91' lang='lat' dir='ltr'>et</span> <span class='ocrx_word' id='word_1_1124' title='bbox 1692 2554 1782 2594; x_wconf 92' lang='lat' dir='ltr'>quod</span> <span class='ocrx_word' id='word_1_1125' title='bbox 1799 2563 1865 2584; x_wconf 91' lang='lat' dir='ltr'>non</span> <span class='ocrx_word' id='word_1_1126' title='bbox 1891 2553 1999 2594; x_wconf 88' lang='lat' dir='ltr'>fugere</span> <span class='ocrx_word' id='word_1_1127' title='bbox 2022 2554 2144 2585; x_wconf 83' lang='lat' dir='ltr'>excellit</span> <span class='ocrx_word' id='word_1_1128' title='bbox 2160 2561 2291 2595; x_wconf 88' lang='lat' dir='ltr'>propter</span> <span class='ocrx_word' id='word_1_1129' title='bbox 2308 2555 2496 2586; x_wconf 85' lang='lat' dir='ltr'>arduitatem</span> 
     </span>
     <span class='ocr_line' id='line_1_144' title="bbox 1422 2597 2498 2639; baseline 0.003 -11"><span class='ocrx_word' id='word_1_1130' title='bbox 1422 2608 1504 2639; x_wconf 88' lang='lat' dir='ltr'>quae</span> <span class='ocrx_word' id='word_1_1131' title='bbox 1534 2605 1581 2628; x_wconf 92' lang='lat' dir='ltr'>est</span> <span class='ocrx_word' id='word_1_1132' title='bbox 1604 2597 1636 2627; x_wconf 92' lang='lat' dir='ltr'>in</span> <span class='ocrx_word' id='word_1_1133' title='bbox 1661 2598 1801 2634; x_wconf 85' lang='lat' dir='ltr'>obiecto;</span> <span class='ocrx_word' id='word_1_1134' title='bbox 1836 2605 1866 2628; x_wconf 89' lang='lat' dir='ltr'>et</span> <span class='ocrx_word' id='word_1_1135' title='bbox 1899 2599 1988 2639; x_wconf 92' lang='lat' dir='ltr'>quod</span> <span class='ocrx_word' id='word_1_1136' title='bbox 2017 2598 2212 2630; x_wconf 89' lang='lat' dir='ltr'>fortitudinis</span> <span class='ocrx_word' id='word_1_1137' title='bbox 2245 2606 2332 2630; x_wconf 90' lang='lat' dir='ltr'>actus</span> <span class='ocrx_word' id='word_1_1138' title='bbox 2362 2610 2426 2630; x_wconf 92' lang='lat' dir='ltr'>non</span> <span class='ocrx_word' id='word_1_1139' title='bbox 2452 2608 2498 2631; x_wconf 88' lang='lat' dir='ltr'>est</span> 
     </span>
     <span class='ocr_line' id='line_1_145' title="bbox 1421 2642 2496 2684; baseline 0.001 -10"><span class='ocrx_word' id='word_1_1140' title='bbox 1421 2643 1650 2674; x_wconf 86' lang='lat' dir='ltr'>tantummodo</span> <span class='ocrx_word' id='word_1_1141' title='bbox 1675 2649 1806 2683; x_wconf 90' lang='lat' dir='ltr'>propter</span> <span class='ocrx_word' id='word_1_1142' title='bbox 1829 2642 1959 2673; x_wconf 88' lang='lat' dir='ltr'>timores</span> <span class='ocrx_word' id='word_1_1143' title='bbox 1984 2653 2051 2674; x_wconf 93' lang='lat' dir='ltr'>non</span> <span class='ocrx_word' id='word_1_1144' title='bbox 2075 2643 2193 2683; x_wconf 88' lang='lat' dir='ltr'>fugere,</span> <span class='ocrx_word' id='word_1_1145' title='bbox 2219 2645 2272 2674; x_wconf 89' lang='lat' dir='ltr'>sed</span> <span class='ocrx_word' id='word_1_1146' title='bbox 2298 2654 2363 2674; x_wconf 88' lang='lat' dir='ltr'>non</span> <span class='ocrx_word' id='word_1_1147' title='bbox 2388 2644 2496 2684; x_wconf 88' lang='lat' dir='ltr'>fugere</span> 
     </span>
     <span class='ocr_line' id='line_1_146' title="bbox 1422 2687 2497 2729; baseline 0.001 -11"><span class='ocrx_word' id='word_1_1148' title='bbox 1422 2694 1553 2729; x_wconf 89' lang='lat' dir='ltr'>propter</span> <span class='ocrx_word' id='word_1_1149' title='bbox 1586 2687 1717 2718; x_wconf 90' lang='lat' dir='ltr'>timores</span> <span class='ocrx_word' id='word_1_1150' title='bbox 1749 2694 1779 2717; x_wconf 93' lang='lat' dir='ltr'>et</span> <span class='ocrx_word' id='word_1_1151' title='bbox 1806 2687 1945 2718; x_wconf 90' lang='lat' dir='ltr'>tristitias</span> <span class='ocrx_word' id='word_1_1152' title='bbox 1977 2695 2006 2718; x_wconf 90' lang='lat' dir='ltr'>et</span> <span class='ocrx_word' id='word_1_1153' title='bbox 2037 2698 2259 2729; x_wconf 86' lang='lat' dir='ltr'>quaecumque</span> <span class='ocrx_word' id='word_1_1154' title='bbox 2290 2688 2351 2718; x_wconf 91' lang='lat' dir='ltr'>sint</span> <span class='ocrx_word' id='word_1_1155' title='bbox 2376 2699 2497 2720; x_wconf 83' lang='lat' dir='ltr'>annexa</span> 
     </span>
     <span class='ocr_line' id='line_1_147' title="bbox 1421 2732 2495 2773; baseline 0.002 -11"><span class='ocrx_word' id='word_1_1156' title='bbox 1421 2732 1548 2762; x_wconf 86' lang='lat' dir='ltr'>damna.</span> <span class='ocrx_word' id='word_1_1157' title='bbox 1573 2749 1594 2755; x_wconf 90' lang='lat'>-</span> <span class='ocrx_word' id='word_1_1158' title='bbox 1617 2732 1684 2762; x_wconf 93' lang='lat' dir='ltr'>Nec</span> <span class='ocrx_word' id='word_1_1159' title='bbox 1716 2738 1762 2762; x_wconf 90' lang='lat' dir='ltr'>est</span> <span class='ocrx_word' id='word_1_1160' title='bbox 1786 2741 1896 2762; x_wconf 86' lang='lat' dir='ltr'>verum</span> <span class='ocrx_word' id='word_1_1161' title='bbox 1921 2733 2010 2773; x_wconf 91' lang='lat' dir='ltr'>quod</span> <span class='ocrx_word' id='word_1_1162' title='bbox 2038 2743 2104 2763; x_wconf 92' lang='lat' dir='ltr'>non</span> <span class='ocrx_word' id='word_1_1163' title='bbox 2129 2732 2236 2772; x_wconf 83' lang='lat' dir='ltr'>fugere</span> <span class='ocrx_word' id='word_1_1164' title='bbox 2267 2733 2430 2764; x_wconf 86' lang='lat' dir='ltr'>ordinetur</span> <span class='ocrx_word' id='word_1_1165' title='bbox 2457 2734 2495 2764; x_wconf 89' lang='lat' dir='ltr'>ad</span> 
     </span>
     <span class='ocr_line' id='line_1_148' title="bbox 1421 2776 2495 2818; baseline 0.001 -11"><span class='ocrx_word' id='word_1_1166' title='bbox 1421 2777 1625 2808; x_wconf 87' lang='lat' dir='ltr'>tolerandum</span> <span class='ocrx_word' id='word_1_1167' title='bbox 1654 2776 1829 2816; x_wconf 89' lang='lat' dir='ltr'>praesentia</span> <span class='ocrx_word' id='word_1_1168' title='bbox 1853 2777 1952 2807; x_wconf 84' lang='lat' dir='ltr'>mala:</span> <span class='ocrx_word' id='word_1_1169' title='bbox 1986 2777 2040 2807; x_wconf 92' lang='lat' dir='ltr'>sed</span> <span class='ocrx_word' id='word_1_1170' title='bbox 2072 2784 2245 2818; x_wconf 89' lang='lat' dir='ltr'>utrumque</span> <span class='ocrx_word' id='word_1_1171' title='bbox 2269 2778 2434 2808; x_wconf 89' lang='lat' dir='ltr'>ordinatur</span> <span class='ocrx_word' id='word_1_1172' title='bbox 2457 2779 2495 2808; x_wconf 91' lang='lat' dir='ltr'>ad</span> 
     </span>
     <span class='ocr_line' id='line_1_149' title="bbox 1421 2820 2496 2863; baseline 0.001 -11"><span class='ocrx_word' id='word_1_1173' title='bbox 1421 2821 1629 2862; x_wconf 89' lang='lat' dir='ltr'>principalem</span> <span class='ocrx_word' id='word_1_1174' title='bbox 1653 2820 1848 2851; x_wconf 87' lang='lat' dir='ltr'>fortitudinis</span> <span class='ocrx_word' id='word_1_1175' title='bbox 1875 2828 1997 2857; x_wconf 87' lang='lat' dir='ltr'>actum,</span> <span class='ocrx_word' id='word_1_1176' title='bbox 2022 2822 2078 2862; x_wconf 92' lang='lat' dir='ltr'>qui</span> <span class='ocrx_word' id='word_1_1177' title='bbox 2102 2829 2148 2852; x_wconf 90' lang='lat' dir='ltr'>est</span> <span class='ocrx_word' id='word_1_1178' title='bbox 2171 2821 2378 2853; x_wconf 87' lang='lat' dir='ltr'>immobiliter</span> <span class='ocrx_word' id='word_1_1179' title='bbox 2400 2823 2496 2863; x_wconf 91' lang='lat' dir='ltr'>persi-</span> 
     </span>
    </p>
   </div>
   <div class='ocr_carea' id='block_1_62' title="bbox 1393 2865 2228 2898">
    <p class='ocr_par' dir='ltr' id='par_1_70' title="bbox 1393 2865 2228 2898">
     <span class='ocr_line' id='line_1_150' title="bbox 1393 2865 2228 2898; baseline 0 -1"><span class='ocrx_word' id='word_1_1180' title='bbox 1393 2883 1394 2886; x_wconf 67' lang='lat'><em>=</em></span> <span class='ocrx_word' id='word_1_1181' title='bbox 1421 2873 1501 2898; x_wconf 88' lang='lat' dir='ltr'>stere</span> <span class='ocrx_word' id='word_1_1182' title='bbox 1525 2865 1814 2896; x_wconf 89' lang='lat' dir='ltr'>non-obstantibus</span> <span class='ocrx_word' id='word_1_1183' title='bbox 1838 2866 2008 2897; x_wconf 87' lang='lat' dir='ltr'>timoribus</span> <span class='ocrx_word' id='word_1_1184' title='bbox 2033 2873 2063 2897; x_wconf 88' lang='lat' dir='ltr'>et</span> <span class='ocrx_word' id='word_1_1185' title='bbox 2086 2866 2228 2897; x_wconf 90' lang='lat' dir='ltr'>tristitiis.</span> 
     </span>
    </p>
   </div>
   <div class='ocr_carea' id='block_1_63' title="bbox 1391 2053 1397 3644">
    <p class='ocr_par' dir='ltr' id='par_1_71' title="bbox 1391 2053 1397 3644">
     <span class='ocr_line' id='line_1_151' title="bbox 1391 2053 1397 3644; baseline 0 0"><span class='ocrx_word' id='word_1_1186' title='bbox 1391 2053 1397 3644; x_wconf 95' lang='lat' dir='ltr'> </span> 
     </span>
    </p>
   </div>
   <div class='ocr_carea' id='block_1_64' title="bbox 1420 2910 2496 3084">
    <p class='ocr_par' dir='ltr' id='par_1_72' title="bbox 1420 2910 2496 3084">
     <span class='ocr_line' id='line_1_152' title="bbox 1476 2910 2496 2952; baseline 0 -10"><span class='ocrx_word' id='word_1_1187' title='bbox 1476 2910 1560 2942; x_wconf 90' lang='lat' dir='ltr'>VIII.</span> <span class='ocrx_word' id='word_1_1188' title='bbox 1578 2910 1678 2948; x_wconf 84' lang='lat' dir='ltr'>Quod</span> <span class='ocrx_word' id='word_1_1189' title='bbox 1701 2917 1810 2940; x_wconf 87' lang='lat' dir='ltr'>autem</span> <span class='ocrx_word' id='word_1_1190' title='bbox 1824 2910 1882 2941; x_wconf 93' lang='lat' dir='ltr'>iste</span> <span class='ocrx_word' id='word_1_1191' title='bbox 1899 2910 1985 2941; x_wconf 88' lang='lat' dir='ltr'>addit</span> <span class='ocrx_word' id='word_1_1192' title='bbox 1998 2911 2025 2947; x_wconf 89' lang='lat'>*,</span> <span class='ocrx_word' id='word_1_1193' title='bbox 2050 2912 2139 2952; x_wconf 90' lang='lat' dir='ltr'>quod</span> <span class='ocrx_word' id='word_1_1194' title='bbox 2163 2911 2188 2941; x_wconf 90' lang='lat' dir='ltr'>si</span> <span class='ocrx_word' id='word_1_1195' title='bbox 2217 2910 2427 2951; x_wconf 86' lang='lat' dir='ltr'>distinguatur</span> <span class='ocrx_word' id='word_1_1196' title='bbox 2457 2912 2496 2942; x_wconf 91' lang='lat' dir='ltr'>de</span> 
     </span>
     <span class='ocr_line' id='line_1_153' title="bbox 1420 2954 2495 2996; baseline 0 -10"><span class='ocrx_word' id='word_1_1197' title='bbox 1420 2954 1571 2996; x_wconf 85' lang='lat' dir='ltr'>patientia</span> <span class='ocrx_word' id='word_1_1198' title='bbox 1583 2961 1620 2986; x_wconf 91' lang='lat' dir='ltr'>ut</span> <span class='ocrx_word' id='word_1_1199' title='bbox 1631 2954 1753 2986; x_wconf 87' lang='lat' dir='ltr'>dictum</span> <span class='ocrx_word' id='word_1_1200' title='bbox 1768 2962 1814 2985; x_wconf 92' lang='lat' dir='ltr'>est</span> <span class='ocrx_word' id='word_1_1201' title='bbox 1829 2965 1866 2985; x_wconf 85' lang='lat' dir='ltr'>ex</span> <span class='ocrx_word' id='word_1_1202' title='bbox 1877 2958 2018 2986; x_wconf 91' lang='lat' dir='ltr'>Auctore</span> <span class='ocrx_word' id='word_1_1203' title='bbox 2030 2955 2063 2986; x_wconf 89' lang='lat' dir='ltr'>in</span> <span class='ocrx_word' id='word_1_1204' title='bbox 2079 2956 2287 2996; x_wconf 90' lang='lat' dir='ltr'>responsione</span> <span class='ocrx_word' id='word_1_1205' title='bbox 2303 2957 2342 2986; x_wconf 91' lang='lat' dir='ltr'>ad</span> <span class='ocrx_word' id='word_1_1206' title='bbox 2358 2956 2495 2992; x_wconf 90' lang='lat' dir='ltr'>tertium,</span> 
     </span>
     <span class='ocr_line' id='line_1_154' title="bbox 1420 2999 2496 3041; baseline -0.001 -10"><span class='ocrx_word' id='word_1_1207' title='bbox 1420 2999 1555 3031; x_wconf 88' lang='lat' dir='ltr'>habetur</span> <span class='ocrx_word' id='word_1_1208' title='bbox 1583 3009 1687 3030; x_wconf 91' lang='lat' dir='ltr'>unum</span> <span class='ocrx_word' id='word_1_1209' title='bbox 1714 2999 1892 3041; x_wconf 76' lang='lat' dir='ltr'>intentum,</span> <span class='ocrx_word' id='word_1_1210' title='bbox 1918 2999 2035 3031; x_wconf 89' lang='lat' dir='ltr'>scilicet</span> <span class='ocrx_word' id='word_1_1211' title='bbox 2065 3001 2155 3041; x_wconf 90' lang='lat' dir='ltr'>quod</span> <span class='ocrx_word' id='word_1_1212' title='bbox 2185 3000 2336 3041; x_wconf 87' lang='lat' dir='ltr'>patientia</span> <span class='ocrx_word' id='word_1_1213' title='bbox 2359 3001 2496 3031; x_wconf 87' lang='lat' dir='ltr'>extendit</span> 
     </span>
     <span class='ocr_line' id='line_1_155' title="bbox 1421 3044 2495 3084; baseline 0 -9"><span class='ocrx_word' id='word_1_1214' title='bbox 1421 3054 1454 3075; x_wconf 90' lang='lat' dir='ltr'>se</span> <span class='ocrx_word' id='word_1_1215' title='bbox 1478 3044 1518 3074; x_wconf 92' lang='lat' dir='ltr'>ad</span> <span class='ocrx_word' id='word_1_1216' title='bbox 1542 3044 1651 3075; x_wconf 90' lang='lat' dir='ltr'>omnia</span> <span class='ocrx_word' id='word_1_1217' title='bbox 1675 3044 1818 3075; x_wconf 89' lang='lat' dir='ltr'>adversa:</span> <span class='ocrx_word' id='word_1_1218' title='bbox 1843 3062 1862 3067; x_wconf 97' lang='lat'>-</span> <span class='ocrx_word' id='word_1_1219' title='bbox 1886 3044 2003 3075; x_wconf 87' lang='lat' dir='ltr'>falsum</span> <span class='ocrx_word' id='word_1_1220' title='bbox 2027 3052 2082 3082; x_wconf 85' lang='lat' dir='ltr'>est,</span> <span class='ocrx_word' id='word_1_1221' title='bbox 2100 3044 2159 3075; x_wconf 91' lang='lat' dir='ltr'>nisi</span> <span class='ocrx_word' id='word_1_1222' title='bbox 2179 3052 2323 3075; x_wconf 90' lang='lat' dir='ltr'>sumatur</span> <span class='ocrx_word' id='word_1_1223' title='bbox 2346 3044 2495 3084; x_wconf 85' lang='lat' dir='ltr'>patientia</span> 
     </span>
    </p>
   </div>
   <div class='ocr_carea' id='block_1_65' title="bbox 1392 3088 2495 3129">
    <p class='ocr_par' dir='ltr' id='par_1_73' title="bbox 1392 3088 2495 3129">
     <span class='ocr_line' id='line_1_156' title="bbox 1392 3088 2495 3129; baseline -0.001 -10"><span class='ocrx_word' id='word_1_1224' title='bbox 1392 3089 1393 3096; x_wconf 61' lang='lat'>¹</span> <span class='ocrx_word' id='word_1_1225' title='bbox 1421 3097 1480 3129; x_wconf 91' lang='lat' dir='ltr'>pro</span> <span class='ocrx_word' id='word_1_1226' title='bbox 1508 3097 1606 3125; x_wconf 92' lang='lat' dir='ltr'>voce;</span> <span class='ocrx_word' id='word_1_1227' title='bbox 1635 3088 1789 3129; x_wconf 87' lang='lat' dir='ltr'>quoniam</span> <span class='ocrx_word' id='word_1_1228' title='bbox 1821 3098 1878 3119; x_wconf 90' lang='lat' dir='ltr'>nec</span> <span class='ocrx_word' id='word_1_1229' title='bbox 1912 3088 2063 3129; x_wconf 90' lang='lat' dir='ltr'>patientia</span> <span class='ocrx_word' id='word_1_1230' title='bbox 2092 3089 2192 3120; x_wconf 91' lang='lat' dir='ltr'>virtus</span> <span class='ocrx_word' id='word_1_1231' title='bbox 2223 3089 2362 3120; x_wconf 87' lang='lat' dir='ltr'>extendit</span> <span class='ocrx_word' id='word_1_1232' title='bbox 2394 3099 2426 3120; x_wconf 91' lang='lat' dir='ltr'>se</span> <span class='ocrx_word' id='word_1_1233' title='bbox 2455 3090 2495 3119; x_wconf 90' lang='lat' dir='ltr'>ad</span> 
     </span>
    </p>
   </div>
   <div class='ocr_carea' id='block_1_66' title="bbox 1420 3133 2497 3662">
    <p class='ocr_par' dir='ltr' id='par_1_74' title="bbox 1420 3133 2497 3662">
     <span class='ocr_line' id='line_1_157' title="bbox 1421 3133 2448 3173; baseline 0.001 -10"><span class='ocrx_word' id='word_1_1234' title='bbox 1421 3133 1540 3170; x_wconf 88' lang='lat' dir='ltr'>omnia,</span> <span class='ocrx_word' id='word_1_1235' title='bbox 1565 3142 1623 3163; x_wconf 90' lang='lat' dir='ltr'>nec</span> <span class='ocrx_word' id='word_1_1236' title='bbox 1643 3133 1793 3173; x_wconf 89' lang='lat' dir='ltr'>patientia</span> <span class='ocrx_word' id='word_1_1237' title='bbox 1817 3143 1889 3173; x_wconf 87' lang='lat' dir='ltr'>pars</span> <span class='ocrx_word' id='word_1_1238' title='bbox 1912 3133 2036 3164; x_wconf 86' lang='lat' dir='ltr'>virtutis</span> <span class='ocrx_word' id='word_1_1239' title='bbox 2053 3133 2191 3164; x_wconf 85' lang='lat' dir='ltr'>extendit</span> <span class='ocrx_word' id='word_1_1240' title='bbox 2215 3144 2247 3163; x_wconf 91' lang='lat' dir='ltr'>se</span> <span class='ocrx_word' id='word_1_1241' title='bbox 2267 3134 2305 3163; x_wconf 88' lang='lat' dir='ltr'>ad</span> <span class='ocrx_word' id='word_1_1242' title='bbox 2330 3133 2448 3165; x_wconf 87' lang='lat' dir='ltr'>omnia.</span> 
     </span>
     <span class='ocr_line' id='line_1_158' title="bbox 1476 3177 2497 3218; baseline 0.001 -11"><span class='ocrx_word' id='word_1_1243' title='bbox 1476 3178 1528 3208; x_wconf 88' lang='lat' dir='ltr'>Ad</span> <span class='ocrx_word' id='word_1_1244' title='bbox 1559 3188 1595 3208; x_wconf 92' lang='lat' dir='ltr'>ea</span> <span class='ocrx_word' id='word_1_1245' title='bbox 1627 3187 1702 3208; x_wconf 89' lang='lat' dir='ltr'>vero</span> <span class='ocrx_word' id='word_1_1246' title='bbox 1731 3187 1813 3218; x_wconf 90' lang='lat' dir='ltr'>quae</span> <span class='ocrx_word' id='word_1_1247' title='bbox 1844 3177 2039 3209; x_wconf 89' lang='lat' dir='ltr'>obiiciuntur</span> <span class='ocrx_word' id='word_1_1248' title='bbox 2069 3186 2177 3208; x_wconf 89' lang='lat' dir='ltr'>contra</span> <span class='ocrx_word' id='word_1_1249' title='bbox 2206 3178 2401 3208; x_wconf 91' lang='lat' dir='ltr'>solutionem</span> <span class='ocrx_word' id='word_1_1250' title='bbox 2431 3181 2497 3209; x_wconf 85' lang='lat' dir='ltr'>Au-</span> 
     </span>
     <span class='ocr_line' id='line_1_159' title="bbox 1421 3222 2494 3263; baseline 0.001 -11"><span class='ocrx_word' id='word_1_1251' title='bbox 1421 3222 1535 3258; x_wconf 86' lang='lat' dir='ltr'>ctoris,</span> <span class='ocrx_word' id='word_1_1252' title='bbox 1569 3222 1793 3262; x_wconf 92' lang='lat' dir='ltr'>respondendo</span> <span class='ocrx_word' id='word_1_1253' title='bbox 1818 3222 1932 3253; x_wconf 91' lang='lat' dir='ltr'>dicitur</span> <span class='ocrx_word' id='word_1_1254' title='bbox 1962 3223 2050 3263; x_wconf 92' lang='lat' dir='ltr'>quod</span> <span class='ocrx_word' id='word_1_1255' title='bbox 2081 3229 2254 3263; x_wconf 88' lang='lat' dir='ltr'>utrumque</span> <span class='ocrx_word' id='word_1_1256' title='bbox 2285 3222 2405 3253; x_wconf 89' lang='lat' dir='ltr'>dictum</span> <span class='ocrx_word' id='word_1_1257' title='bbox 2428 3226 2494 3253; x_wconf 83' lang='lat' dir='ltr'>Au-</span> 
     </span>
     <span class='ocr_line' id='line_1_160' title="bbox 1421 3266 2494 3307; baseline 0.002 -11"><span class='ocrx_word' id='word_1_1258' title='bbox 1421 3266 1515 3297; x_wconf 91' lang='lat' dir='ltr'>ctoris</span> <span class='ocrx_word' id='word_1_1259' title='bbox 1546 3273 1593 3297; x_wconf 89' lang='lat' dir='ltr'>est</span> <span class='ocrx_word' id='word_1_1260' title='bbox 1625 3276 1747 3297; x_wconf 91' lang='lat' dir='ltr'>verum.</span> <span class='ocrx_word' id='word_1_1261' title='bbox 1783 3267 1824 3296; x_wconf 90' lang='lat' dir='ltr'>Et</span> <span class='ocrx_word' id='word_1_1262' title='bbox 1855 3277 1930 3297; x_wconf 91' lang='lat' dir='ltr'>cum</span> <span class='ocrx_word' id='word_1_1263' title='bbox 1962 3274 2071 3297; x_wconf 89' lang='lat' dir='ltr'>contra</span> <span class='ocrx_word' id='word_1_1264' title='bbox 2095 3267 2256 3307; x_wconf 88' lang='lat' dir='ltr'>primum,</span> <span class='ocrx_word' id='word_1_1265' title='bbox 2282 3267 2320 3297; x_wconf 91' lang='lat' dir='ltr'>de</span> <span class='ocrx_word' id='word_1_1266' title='bbox 2344 3267 2494 3307; x_wconf 85' lang='lat' dir='ltr'>patientia</span> 
     </span>
     <span class='ocr_line' id='line_1_161' title="bbox 1420 3310 2495 3352; baseline 0.002 -12"><span class='ocrx_word' id='word_1_1267' title='bbox 1420 3318 1518 3351; x_wconf 89' lang='lat' dir='ltr'>parte,</span> <span class='ocrx_word' id='word_1_1268' title='bbox 1536 3310 1690 3350; x_wconf 85' lang='lat' dir='ltr'>arguitur,</span> <span class='ocrx_word' id='word_1_1269' title='bbox 1709 3319 1841 3351; x_wconf 90' lang='lat' dir='ltr'>negatur</span> <span class='ocrx_word' id='word_1_1270' title='bbox 1864 3311 2067 3350; x_wconf 90' lang='lat' dir='ltr'>antecedens,</span> <span class='ocrx_word' id='word_1_1271' title='bbox 2091 3311 2208 3342; x_wconf 91' lang='lat' dir='ltr'>scilicet</span> <span class='ocrx_word' id='word_1_1272' title='bbox 2231 3312 2320 3352; x_wconf 93' lang='lat' dir='ltr'>quod</span> <span class='ocrx_word' id='word_1_1273' title='bbox 2345 3311 2495 3352; x_wconf 85' lang='lat' dir='ltr'>patientia</span> 
     </span>
     <span class='ocr_line' id='line_1_162' title="bbox 1420 3354 2492 3397; baseline 0.001 -12"><span class='ocrx_word' id='word_1_1274' title='bbox 1420 3354 1459 3385; x_wconf 91' lang='lat' dir='ltr'>sit</span> <span class='ocrx_word' id='word_1_1275' title='bbox 1475 3354 1641 3385; x_wconf 88' lang='lat' dir='ltr'>fortitudo.</span> <span class='ocrx_word' id='word_1_1276' title='bbox 1666 3355 1707 3385; x_wconf 90' lang='lat' dir='ltr'>Et</span> <span class='ocrx_word' id='word_1_1277' title='bbox 1727 3355 1767 3385; x_wconf 89' lang='lat' dir='ltr'>ad</span> <span class='ocrx_word' id='word_1_1278' title='bbox 1784 3355 2018 3395; x_wconf 88' lang='lat' dir='ltr'>probationem,</span> <span class='ocrx_word' id='word_1_1279' title='bbox 2036 3356 2125 3397; x_wconf 92' lang='lat' dir='ltr'>quod</span> <span class='ocrx_word' id='word_1_1280' title='bbox 2142 3355 2302 3386; x_wconf 89' lang='lat' dir='ltr'>sustinens</span> <span class='ocrx_word' id='word_1_1281' title='bbox 2326 3366 2384 3396; x_wconf 93' lang='lat' dir='ltr'>pro</span> <span class='ocrx_word' id='word_1_1282' title='bbox 2402 3355 2492 3387; x_wconf 93' lang='lat' dir='ltr'>Chri-</span> 
     </span>
     <span class='ocr_line' id='line_1_163' title="bbox 1420 3399 2494 3442; baseline 0.002 -13"><span class='ocrx_word' id='word_1_1283' title='bbox 1420 3406 1470 3430; x_wconf 91' lang='lat' dir='ltr'>sto</span> <span class='ocrx_word' id='word_1_1284' title='bbox 1494 3399 1693 3440; x_wconf 88' lang='lat' dir='ltr'>martyrium,</span> <span class='ocrx_word' id='word_1_1285' title='bbox 1718 3399 1845 3440; x_wconf 91' lang='lat' dir='ltr'>proprie</span> <span class='ocrx_word' id='word_1_1286' title='bbox 1868 3400 2044 3441; x_wconf 91' lang='lat' dir='ltr'>loquendo,</span> <span class='ocrx_word' id='word_1_1287' title='bbox 2069 3410 2135 3431; x_wconf 91' lang='lat' dir='ltr'>non</span> <span class='ocrx_word' id='word_1_1288' title='bbox 2161 3400 2289 3431; x_wconf 90' lang='lat' dir='ltr'>deberet</span> <span class='ocrx_word' id='word_1_1289' title='bbox 2312 3401 2374 3431; x_wconf 90' lang='lat' dir='ltr'>dici</span> <span class='ocrx_word' id='word_1_1290' title='bbox 2389 3400 2494 3442; x_wconf 87' lang='lat' dir='ltr'>fortis</span> 
     </span>
     <span class='ocr_line' id='line_1_164' title="bbox 1420 3444 2492 3486; baseline 0.002 -12"><span class='ocrx_word' id='word_1_1291' title='bbox 1420 3449 1451 3475; x_wconf 88' lang='lat' dir='ltr'>et</span> <span class='ocrx_word' id='word_1_1292' title='bbox 1466 3445 1608 3484; x_wconf 87' lang='lat' dir='ltr'>patiens,</span> <span class='ocrx_word' id='word_1_1293' title='bbox 1634 3444 1699 3480; x_wconf 89' lang='lat' dir='ltr'>sed,</span> <span class='ocrx_word' id='word_1_1294' title='bbox 1724 3445 1851 3485; x_wconf 82' lang='lat' dir='ltr'>integre</span> <span class='ocrx_word' id='word_1_1295' title='bbox 1865 3444 1989 3486; x_wconf 83' lang='lat' dir='ltr'>fortis:</span> <span class='ocrx_word' id='word_1_1296' title='bbox 2012 3445 2093 3476; x_wconf 89' lang='lat' dir='ltr'>sicut</span> <span class='ocrx_word' id='word_1_1297' title='bbox 2116 3455 2184 3476; x_wconf 90' lang='lat' dir='ltr'>non</span> <span class='ocrx_word' id='word_1_1298' title='bbox 2209 3445 2302 3476; x_wconf 91' lang='lat' dir='ltr'>debet</span> <span class='ocrx_word' id='word_1_1299' title='bbox 2325 3445 2386 3476; x_wconf 91' lang='lat' dir='ltr'>dici</span> <span class='ocrx_word' id='word_1_1300' title='bbox 2404 3446 2492 3486; x_wconf 90' lang='lat' dir='ltr'>quod</span> 
     </span>
     <span class='ocr_line' id='line_1_165' title="bbox 1421 3488 2492 3531; baseline 0.001 -12"><span class='ocrx_word' id='word_1_1301' title='bbox 1421 3494 1467 3519; x_wconf 89' lang='lat' dir='ltr'>est</span> <span class='ocrx_word' id='word_1_1302' title='bbox 1490 3490 1582 3519; x_wconf 90' lang='lat' dir='ltr'>homo</span> <span class='ocrx_word' id='word_1_1303' title='bbox 1607 3494 1637 3519; x_wconf 89' lang='lat' dir='ltr'>et</span> <span class='ocrx_word' id='word_1_1304' title='bbox 1660 3488 1753 3519; x_wconf 85' lang='lat' dir='ltr'>habet</span> <span class='ocrx_word' id='word_1_1305' title='bbox 1776 3499 1909 3526; x_wconf 89' lang='lat' dir='ltr'>manus,</span> <span class='ocrx_word' id='word_1_1306' title='bbox 1935 3490 2006 3526; x_wconf 91' lang='lat' dir='ltr'>sed,</span> <span class='ocrx_word' id='word_1_1307' title='bbox 2031 3490 2125 3520; x_wconf 84' lang='lat' dir='ltr'>homo</span> <span class='ocrx_word' id='word_1_1308' title='bbox 2150 3491 2278 3531; x_wconf 81' lang='lat' dir='ltr'>integer</span> <span class='ocrx_word' id='word_1_1309' title='bbox 2287 3498 2300 3528; x_wconf 93' lang='lat'>,·</span> <span class='ocrx_word' id='word_1_1310' title='bbox 2327 3497 2382 3520; x_wconf 88' lang='lat' dir='ltr'>aut</span> <span class='ocrx_word' id='word_1_1311' title='bbox 2405 3490 2492 3530; x_wconf 93' lang='lat' dir='ltr'>quod</span> 
     </span>
     <span class='ocr_line' id='line_1_166' title="bbox 1420 3533 2492 3573; baseline 0.001 -10"><span class='ocrx_word' id='word_1_1312' title='bbox 1420 3538 1466 3564; x_wconf 89' lang='lat' dir='ltr'>est</span> <span class='ocrx_word' id='word_1_1313' title='bbox 1486 3533 1632 3573; x_wconf 84' lang='lat' dir='ltr'>prudens</span> <span class='ocrx_word' id='word_1_1314' title='bbox 1655 3538 1686 3563; x_wconf 83' lang='lat' dir='ltr'>et</span> <span class='ocrx_word' id='word_1_1315' title='bbox 1708 3533 1811 3563; x_wconf 87' lang='lat' dir='ltr'>bonae</span> <span class='ocrx_word' id='word_1_1316' title='bbox 1827 3535 1972 3565; x_wconf 87' lang='lat' dir='ltr'>rationis.</span> <span class='ocrx_word' id='word_1_1317' title='bbox 1998 3534 2030 3565; x_wconf 92' lang='lat' dir='ltr'>Si</span> <span class='ocrx_word' id='word_1_1318' title='bbox 2054 3541 2161 3565; x_wconf 89' lang='lat' dir='ltr'>tamen</span> <span class='ocrx_word' id='word_1_1319' title='bbox 2178 3534 2220 3564; x_wconf 91' lang='lat' dir='ltr'>sic</span> <span class='ocrx_word' id='word_1_1320' title='bbox 2236 3535 2366 3570; x_wconf 88' lang='lat' dir='ltr'>dicatur,</span> <span class='ocrx_word' id='word_1_1321' title='bbox 2386 3534 2492 3564; x_wconf 90' lang='lat' dir='ltr'>nullus</span> 
     </span>
     <span class='ocr_line' id='line_1_167' title="bbox 1421 3577 2489 3620; baseline 0 -12"><span class='ocrx_word' id='word_1_1322' title='bbox 1421 3584 1467 3608; x_wconf 92' lang='lat' dir='ltr'>est</span> <span class='ocrx_word' id='word_1_1323' title='bbox 1497 3588 1592 3608; x_wconf 91' lang='lat' dir='ltr'>error.</span> <span class='ocrx_word' id='word_1_1324' title='bbox 1626 3577 1822 3608; x_wconf 88' lang='lat' dir='ltr'>Conceditur</span> <span class='ocrx_word' id='word_1_1325' title='bbox 1855 3588 1930 3619; x_wconf 88' lang='lat' dir='ltr'>ergo</span> <span class='ocrx_word' id='word_1_1326' title='bbox 1954 3579 2043 3620; x_wconf 94' lang='lat' dir='ltr'>quod</span> <span class='ocrx_word' id='word_1_1327' title='bbox 2072 3586 2118 3610; x_wconf 89' lang='lat' dir='ltr'>est</span> <span class='ocrx_word' id='word_1_1328' title='bbox 2142 3578 2231 3609; x_wconf 91' lang='lat' dir='ltr'>fortis</span> <span class='ocrx_word' id='word_1_1329' title='bbox 2256 3586 2286 3609; x_wconf 90' lang='lat' dir='ltr'>et</span> <span class='ocrx_word' id='word_1_1330' title='bbox 2314 3579 2444 3619; x_wconf 88' lang='lat' dir='ltr'>patiens.</span> <span class='ocrx_word' id='word_1_1331' title='bbox 2471 3596 2489 3599; x_wconf 96' lang='lat'><em>-</em></span> 
     </span>
     <span class='ocr_line' id='line_1_168' title="bbox 1420 3622 2491 3662; baseline -0.001 -10"><span class='ocrx_word' id='word_1_1332' title='bbox 1420 3622 1461 3653; x_wconf 91' lang='lat' dir='ltr'>Et</span> <span class='ocrx_word' id='word_1_1333' title='bbox 1490 3632 1564 3653; x_wconf 91' lang='lat' dir='ltr'>cum</span> <span class='ocrx_word' id='word_1_1334' title='bbox 1600 3622 1734 3657; x_wconf 90' lang='lat' dir='ltr'>dicitur,</span> <span class='ocrx_word' id='word_1_1335' title='bbox 1757 3623 1824 3653; x_wconf 87' lang='lat' dir='ltr'>Aut</span> <span class='ocrx_word' id='word_1_1336' title='bbox 1853 3623 1960 3654; x_wconf 84' lang='lat' dir='ltr'>eodem</span> <span class='ocrx_word' id='word_1_1337' title='bbox 1991 3629 2048 3654; x_wconf 87' lang='lat' dir='ltr'>aut</span> <span class='ocrx_word' id='word_1_1338' title='bbox 2079 3624 2232 3654; x_wconf 86' lang='lat' dir='ltr'>diversis:</span> <span class='ocrx_word' id='word_1_1339' title='bbox 2261 3623 2374 3653; x_wconf 90' lang='lat' dir='ltr'>dicitur</span> <span class='ocrx_word' id='word_1_1340' title='bbox 2403 3622 2491 3662; x_wconf 92' lang='lat' dir='ltr'>quod</span> 
     </span>
    </p>
   </div>
   <div class='ocr_carea' id='block_1_67' title="bbox 2318 3693 2347 3715">
    <p class='ocr_par' dir='ltr' id='par_1_75' title="bbox 2318 3693 2347 3715">
     <span class='ocr_line' id='line_1_169' title="bbox 2318 3693 2347 3715; baseline 0 0"><span class='ocrx_word' id='word_1_1341' title='bbox 2318 3693 2347 3715; x_wconf 76' lang='lat'>14</span> 
     </span>
    </p>
   </div>
   <div class='ocr_carea' id='block_1_68' title="bbox 2528 820 2719 845">
    <p class='ocr_par' dir='ltr' id='par_1_76' title="bbox 2528 820 2719 845">
     <span class='ocr_line' id='line_1_170' title="bbox 2528 820 2719 845; baseline 0.005 -4"><span class='ocrx_word' id='word_1_1342' title='bbox 2528 823 2535 829; x_wconf 89' lang='lat'><strong>¹</strong></span> <span class='ocrx_word' id='word_1_1343' title='bbox 2551 820 2618 845; x_wconf 68' lang='lat' dir='ltr'>lbid„</span> <span class='ocrx_word' id='word_1_1344' title='bbox 2634 821 2719 842; x_wconf 75' lang='lat' dir='ltr'>Tertio.</span> 
     </span>
    </p>
   </div>
   <div class='ocr_carea' id='block_1_69' title="bbox 2526 2475 2737 2523">
    <p class='ocr_par' dir='ltr' id='par_1_77' title="bbox 2526 2475 2737 2523">
     <span class='ocr_line' id='line_1_171' title="bbox 2526 2475 2737 2523; baseline -0.005 -25"><span class='ocrx_word' id='word_1_1345' title='bbox 2526 2508 2539 2523; x_wconf 66' lang='lat' dir='ltr'><strong><em>e</em></strong></span> <span class='ocrx_word' id='word_1_1346' title='bbox 2527 2475 2614 2523; x_wconf 43' lang='grc' dir='ltr'>ι111111,</span> <span class='ocrx_word' id='word_1_1347' title='bbox 2625 2476 2737 2498; x_wconf 79' lang='lat' dir='ltr'>Praeter-</span> 
     </span>
    </p>
   </div>
   <div class='ocr_carea' id='block_1_70' title="bbox 2524 2919 2660 2942">
    <p class='ocr_par' dir='ltr' id='par_1_78' title="bbox 2524 2919 2660 2942">
     <span class='ocr_line' id='line_1_172' title="bbox 2524 2919 2660 2942; baseline 0.015 -2"><span class='ocrx_word' id='word_1_1348' title='bbox 2524 2921 2532 2929; x_wconf 69' lang='lat'><em>*</em></span> <span class='ocrx_word' id='word_1_1349' title='bbox 2549 2919 2618 2941; x_wconf 81' lang='lat' dir='ltr'>Num.</span> <span class='ocrx_word' id='word_1_1350' title='bbox 2634 2926 2660 2942; x_wconf 91' lang='grc'>11.</span> 
     </span>
    </p>
   </div>
  </div>
 </body>
</html>
