2768 4198
63 518 73 528 ⁸
88 517 106 538 E
124 516 160 538 ist.
173 514 274 541 CXLIX,

62 544 98 592 gf.
105 542 222 591 ἀξέιαξιιοῐῖ.
227 548 276 590 ‘nir-

61 596 140 624 gina„
149 602 198 623 cap.
210 601 275 617 xun.

163 673 178 696 ”Ι

64 884 76 896 ·
87 883 139 906 Lib.
151 883 181 926 31,
192 889 276 931 capi-¹5¹¹,

63 916 85 932 n.
108 917 132 937 4.
182 909 206 932 S.

64 937 114 959 leet.
129 942 151 958 v.

66 3409 76 3419 ⁸
89 3407 199 3430 Coactus.
214 3414 229 3430 ι.

990 265 1257 311 QUAESTIO
1287 266 1429 310 CLXI,
1458 266 1754 303 ARTICULUS
1786 266 1799 302 1

302 348 350 385 ad
379 347 467 383 ima.
500 347 585 382 Hoc
605 348 734 382 autem
764 344 997 392 quandoque
1018 345 1060 380 fit
1083 345 1206 380 solum
1238 357 1371 381 secun-

303 402 394 438 dum
423 400 526 447 signa
552 398 748 443 exteriora,
770 399 983 434 secundum
1012 397 1220 434 fictionem.
1260 398 1370 434 Unde

301 455 396 491 haec
413 460 468 490 est
475 452 585 502 salsa
605 451 813 489 humilitas:
843 451 889 486 de
914 463 990 498 qua
1010 451 1241 498 Augustinus
1272 451 1370 497 dicit,

301 507 340 544 in
369 506 537 554 quadam
567 505 726 553 epistola
744 503 781 549 ³⁸,
811 504 916 551 quod
947 512 1001 540 est
1020 516 1164 553 magna
1183 505 1370 552 superbia,

304 560 399 609 quia·
420 559 560 595 scilicet
577 558 731 595 videtur
759 559 914 593 tendere
934 557 982 593 ad
1013 557 1270 594 excellentiam
1293 558 1371 605 glo-

303 613 393 650 riae.
423 633 448 640 ·-
477 612 722 659 Quandoque
753 618 879 646 autem
910 610 952 647 fit
980 611 1191 647 secundum
1223 610 1372 647 interio—

303 678 384 703 rem
406 673 554 702 motum
585 664 747 701 animae.
790 664 837 700 Et
865 664 1078 700 secundum
1107 665 1180 700 hoc
1201 669 1219 690 ’ἱ
1246 664 1372 700 humi-

302 719 385 756 litas
405 718 558 768 proprie
588 718 740 766 ponitur
758 717 894 754 virtus:
925 717 1012 766 quia
1033 717 1151 753 virtus
1175 729 1253 754 non
1283 729 1371 754 con-

303 772 395 808 sistit
423 772 460 808 in
489 771 747 817 exterioribus,
769 770 836 807 sed
865 770 1117 820 principaliter
1140 770 1175 806 in
1206 770 1372 807 interiori

304 825 487 862 electione
517 825 665 869 mentis,
696 833 736 860 ut
764 832 867 872 patet
900 836 968 872 per
1004 824 1303 871 Philosophum,
1334 824 1372 860 in

303 878 398 915 libro
426 878 648 915 Ethicorum
667 877 698 914 ³⁸.

356 934 414 968 An
443 943 604 969 TERTtUM
632 943 817 968 DICENDUM
850 930 955 979 quod
984 929 1175 966 humilitas
1205 929 1373 978 reprimit

302 985 526 1034 appetitum,
548 997 595 1022 ne
615 986 745 1022 tendat
772 984 810 1020 in
840 995 978 1031 magna
1007 991 1157 1031 praeter
1185 983 1370 1019 rationem

303 1048 457 1075 rectam.
490 1038 784 1086 Magnanimitas
813 1045 942 1073 autem
962 1036 1134 1072 animum
1156 1036 1204 1072 ad
1233 1048 1372 1083 magna
1398 1062 1400 1075 ‚

303 1092 462 1141 impellit
490 1092 703 1128 secundum
731 1091 918 1127 rationem
949 1097 1104 1125 rectam.
1134 1089 1245 1125 Unde
1271 1097 1373 1136 patet

303 1146 408 1194 quod
430 1144 724 1193 magnanimitas
744 1155 822 1180 non
846 1142 1054 1190 opponitur
1072 1141 1282 1187 humilitati,
1305 1142 1371 1178 sed

303 1199 537 1236 conveniunt
564 1198 601 1234 in
630 1198 705 1234 hoc
740 1196 846 1244 quod
883 1203 1041 1244 utraque
1071 1202 1127 1230 est
1159 1195 1370 1231 secundum

302 1253 488 1289 rationem
517 1259 671 1301 rectam.

242 1342 246 1343 ⁷
354 1308 415 1342 An
443 1314 616 1347 QUARTUM
645 1314 830 1339 mesanum
859 1301 964 1349 quod
992 1300 1203 1349 perfectum
1238 1300 1373 1337 dicitur
1397 1337 1399 1347 A

301 1357 442 1407 aliquid
466 1356 676 1405 dupliciter.
706 1355 792 1392 Uno
813 1355 945 1399 modo,
967 1353 1201 1402 simpliciter:
1231 1353 1268 1389 in
1294 1365 1371 1401 quo
1397 1377 1399 1390 ς

301 1411 442 1448 scilicet
469 1410 593 1448 nullus
622 1409 792 1446 defectus
821 1407 1030 1453 invenitur,
1061 1419 1132 1443 nec
1161 1407 1371 1443 secundum

2417 265 2490 311 293

1426 357 1533 381 suam
1573 353 1767 391 naturam,
1803 357 1872 382 nec
1910 356 1979 393 per
2011 352 2226 393 respectum
2266 344 2314 380 ad
2352 344 2491 393 aliquid

1427 398 1539 434 aliud.
1579 399 1627 435 Et
1660 399 1712 435 sic
1750 399 1852 435 solus
1880 399 1985 434 Deus
2015 405 2070 434 est
2098 398 2308 446 perfectus:
2348 397 2407 433 cui
2436 410 2492 433 se-

1427 453 1597 488 cundum
1626 459 1799 488 naturam
1838 451 2007 489 divinam
2037 463 2115 487 non
2154 451 2336 499 competit
2369 451 2493 487 humi—

1427 505 1520 551 litas,
1541 505 1607 541 sed
1628 506 1754 541 solum
1775 505 1986 542 secundum
2007 512 2182 541 naturam
2202 512 2450 552 assumptam.
2468 525 2492 531 —

1427 558 1512 594 Alio
1541 558 1661 594 modo
1690 566 1814 606 potest
1844 558 1915 594 dici
1945 557 2087 606 aliquid
2115 557 2328 606 perfectum
2359 569 2491 593 secun-

1428 611 1519 647 dum
1541 611 1651 658 quid:
1672 619 1763 659 puta
1783 611 1994 648 secundum
2017 623 2126 647 suam
2147 618 2335 655 naturam,
2351 611 2414 647 vel
2435 623 2492 647 se-

1428 664 1594 700 cundum
1616 672 1754 701 statum
1781 672 1846 700 aut
1870 672 2032 713 tempus.
2063 665 2113 700 Et
2131 665 2207 700 hoc
2231 663 2350 700 modo
2371 664 2490 700 homo

1426 717 1617 754 virtuosus
1647 726 1701 754 est
1728 718 1927 766 perfectus.
1959 717 2076 754 Cuius
2105 725 2232 754 tamen
2252 717 2433 766 perfectio
2454 717 2492 753 in

1428 770 1712 818 comparatione
1741 772 1788 808 ad
1818 771 1946 807 Deum
1977 770 2159 808 deficiens
2187 770 2399 807 invenitur:
2436 782 2492 807 se-

1428 824 1597 860 cundum
1628 824 1718 861 illud
1749 824 1866 860 Isaiae
1891 836 1937 860 XL
1961 823 2000 860 *ε
2036 825 2173 861 Omnes
2205 830 2354 873 gentes,
2385 824 2494 872 quasi

1428 889 1501 913 non
1530 877 1613 922 sint,
1643 877 1696 913 sic
1723 883 1810 914 sunt
1835 889 1965 913 coram
1995 889 2050 914 eo.
2087 878 2136 914 Et
2163 877 2216 913 sic
2245 877 2397 914 cuilibet
2424 878 2493 914 ho-

1427 929 1519 966 mini
1548 937 1673 978 potest
1702 930 1906 966 convenire
1933 930 2138 967 humilitas.

2519 833 2530 842 ⁶
2544 831 2611 854 Vere.
2626 838 2657 859 ¹7-

1479 985 1538 1019 An
1568 994 1730 1025 QU1NTUM
1751 995 1934 1020 DtCENDUM
1960 984 2064 1031 quod
2089 983 2344 1032 Philosophus
2373 983 2491 1020 inten-
2520 986 2525 999 ¹

1428 1037 1542 1072 debat
1570 1048 1682 1083 agere
1711 1036 1758 1072 de
1787 1036 1988 1072 virtutibus
2017 1037 2230 1073 secundum
2260 1038 2362 1085 quod
2393 1036 2493 1073 ordi-

1428 1096 1565 1124 nantur
1593 1089 1640 1125 ad
1668 1088 1787 1125 vitam
1817 1089 1979 1135 civilem,
2011 1090 2047 1125 in
2076 1102 2151 1138 qua
2180 1089 2360 1126 subiectio
2380 1089 2492 1126 unius

1427 1141 1593 1178 hominis
1622 1143 1666 1178 ad
1689 1143 1850 1178 alterum
1879 1142 2091 1179 secundum
2112 1143 2202 1190 legis
2223 1143 2397 1179 ordinem
2428 1143 2491 1179 de-

1427 1194 1660 1239 terminatur,
1685 1202 1720 1230 et
1747 1194 1834 1230 ideo
1865 1194 2078 1232 continetur
2106 1196 2176 1232 sub
2206 1195 2342 1232 iustitia
2371 1196 2491 1243 legali.

1427 1247 1627 1284 Humilitas
1665 1254 1814 1293 autem,
1845 1249 2055 1285 secundum
2096 1249 2200 1296 quod
2231 1257 2285 1285 est
2322 1249 2493 1297 specialis

1426 1300 1565 1346 virtus,
1596 1300 1800 1349 praecipue
1840 1301 1988 1349 respicit
2016 1301 2292 1338 subiectionem
2327 1301 2492 1338 hominis

1427 1353 1475 1389 ad
1504 1354 1648 1396 Deum,
1678 1362 1833 1401 propter
1860 1367 1976 1403 quem
2007 1354 2120 1391 etiam
2149 1355 2227 1391 aliis
2256 1355 2492 1392 humiliando

1425 1418 1465 1442 se
1495 1406 1653 1443 subiicit.

353 1543 380 1575 η)
400 1543 438 1568 Et
449 1542 594 1567 secundum
613 1541 671 1567 hoc.
683 1555 702 1560 -
720 1540 872 1566 Secundum
886 1540 935 1565 hoc
948 1539 1114 1568 ACEFHKa,
1130 1539 1282 1564 Secundum
1302 1546 1378 1571 quem
1398 1539 1429 1568 D,
1450 1538 1486 1563 Et
1503 1538 1569 1563 haee
1587 1538 1605 1564 1.

980 1627 1315 1660 Commentario.
1337 1625 1590 1658 Oardinalis
1612 1625 1815 1658 Caietam

332 1731 353 1752 n
368 1720 501 1752 articulo
513 1720 618 1760 primo
631 1718 826 1760 quaestionis
839 1716 1372 1757 centesimaesexagesimoemimae,

305 1732 469 1797 Idubium
493 1765 599 1805 primo
617 1764 755 1794 occurrit
770 1763 851 1794 circa
868 1762 1037 1793 efficaciam
1062 1771 1230 1801 processus
1252 1761 1372 1792 litterae

302 1811 341 1842 ad
366 1809 641 1842 concludendum:
674 1808 718 1838 Et
747 1807 818 1838 ideo
847 1809 934 1838 circa
968 1808 1142 1847 appetitum
1174 1806 1248 1836 boni
1276 1805 1373 1835 ardui

303 1855 485 1886 necessaria
509 1859 557 1885 est
578 1853 700 1893 duplex
723 1853 842 1889 virtus,
869 1861 934 1881 una
958 1850 1149 1892 refrenans,
1174 1855 1206 1880 et
1227 1850 1294 1880 alia
1306 1849 1372 1890 fir-

302 1909 411 1937 mans,
437 1905 495 1930 etc.
527 1901 668 1938 Apparet
691 1896 777 1927 enim
808 1905 974 1936 processus
997 1895 1050 1925 ille
1077 1894 1250 1925 defectivus
1273 1903 1310 1924 ex
1333 1903 1372 1924 eo

302 1944 393 1985 quod
416 1943 582 1978 fortitudo,
607 1951 671 1971 una
695 1941 839 1976 existens,
857 1947 903 1970 est
919 1939 1048 1970 firmans
1063 1946 1095 1970 et
1117 1938 1277 1969 refrenans
1293 1938 1372 1969 circa

303 1989 440 2019 arduum
465 1987 604 2022 malum;
636 1993 666 2016 et
689 1984 922 2025 magnificentia
955 1994 1019 2014 una
1047 1990 1094 2014 est
1120 1982 1249 2013 firmans
1273 1989 1304 2013 et
1326 1992 1372 2012 re-

303 2032 430 2063 frenans
453 2031 533 2062 circa
560 2031 684 2061 bonum
708 2030 854 2060 arduum.
885 2029 926 2059 Et
949 2035 1117 2070 propterea
1141 2028 1273 2058 debebat
1296 2037 1373 2058 con-

303 2077 429 2108 cludere
453 2075 542 2116 quod
564 2075 615 2105 vel
638 2081 713 2105 sunt
741 2073 931 2105 necessariae
961 2073 1042 2103 duae
1065 2072 1212 2108 virtutes,
1237 2072 1286 2102 vel
1309 2081 1373 2102 una

303 2122 422 2152 habens
442 2127 615 2160 utrumque
631 2125 748 2150 actum.
772 2119 814 2149 Et
828 2125 935 2149 tamen
951 2117 1097 2148 absolute
1121 2117 1311 2147 conclusum
1327 2122 1374 2147 est

303 2165 393 2207 quod
417 2164 607 2196 necessariae
630 2170 706 2194 sunt
728 2163 809 2193 duae
832 2162 972 2192 virtutes.

359 2210 410 2241 Ad
428 2210 491 2240 hoc
507 2208 620 2239 dicitur
635 2208 723 2249 quod
744 2216 911 2247 processus
927 2206 1047 2236 litterae
1064 2213 1111 2236 est
1126 2204 1372 2242 efficacissimus,

303 2254 477 2285 formaliter
499 2252 687 2284 intellectus.
710 2252 793 2282 Nam
817 2250 991 2281 formaliter
1015 2250 1190 2290 loquendo,
1210 2250 1373 2290 passiones

303 2298 480 2330 differentes
502 2297 535 2327 in
559 2297 622 2328 hoc
644 2296 734 2337 quod
757 2296 852 2326 altera
876 2295 1020 2325 consistit
1042 2294 1074 2324 in
1099 2294 1204 2334 pulsu,
1221 2294 1317 2324 altera
1340 2294 1372 2324 in

302 2350 413 2380 tractu,
438 2348 540 2382 egent,
565 2348 600 2372 ut
623 2341 677 2377 sic,
701 2340 870 2371 virtutibus
893 2339 1088 2369 diversarum
1118 2338 1289 2375 rationum,
1313 2338 1372 2369 sci-

301 2387 375 2418 licet
397 2388 456 2417 sub
479 2386 602 2416 ratione
625 2384 819 2420 refrenantis,
844 2390 874 2414 et
898 2385 957 2414 sub
981 2383 1103 2414 ratione
1126 2382 1290 2414 firmantis.
1315 2383 1374 2413 Per
1399 2404 1400 2409 ,

301 2431 445 2462 accidens
472 2438 596 2466 autem,
622 2429 738 2460 scilicet
761 2429 787 2459 si
815 2428 1000 2459 huiusmodi
1032 2428 1196 2468 passiones
1227 2427 1372 2458 determi-

301 2482 417 2507 nentur
431 2475 471 2506 ad
490 2475 631 2516 aliquam
648 2473 813 2504 materiam
832 2473 865 2503 in
881 2483 945 2514 qua
961 2482 997 2503 ex
1014 2483 1080 2503 uno
1105 2480 1136 2504 et
1151 2473 1267 2503 eodem
1283 2482 1373 2503 more
1398 2487 1400 2490 ⁴

301 2520 449 2561 provenit
478 2519 558 2550 ratio
582 2518 724 2549 frenandi
755 2525 786 2548 et
816 2517 980 2555 firmandi,
1005 2517 1160 2557 contingit
1183 2517 1271 2557 quod
1303 2527 1372 2558 pas-

301 2565 408 2595 siones
431 2563 608 2595 differentes
623 2564 655 2593 in
672 2563 735 2593 hoc
749 2563 838 2603 quod
862 2562 957 2592 altera
981 2561 1125 2592 consistit
1141 2561 1172 2591 in
1191 2562 1372 2592 extensione
1398 2575 1400 2596 ι

301 2616 333 2640 et
355 2609 451 2639 altera
473 2608 506 2638 in
528 2608 753 2643 contractione,
769 2617 867 2637 unam
892 2613 1016 2637 tantum
1033 2606 1065 2636 in
1081 2606 1134 2636 illa
1157 2606 1286 2636 materia
1310 2606 1373 2636 exi-
1398 2637 1399 2643 χ

300 2660 376 2694 gant
399 2652 564 2683 virtutem:
588 2652 631 2682 ita
646 2652 735 2692 quod
759 2651 922 2691 passiones
942 2660 1024 2693 quae
1041 2650 1217 2680 secundum
1242 2660 1274 2680 se
1293 2650 1373 2680 duas

301 2697 495 2739 requirerent
511 2697 651 2732 virtutes,
668 2696 783 2726 relatae
806 2695 845 2725 ad
862 2695 958 2725 talem
975 2695 1150 2730 materiam,
1169 2694 1290 2725 ratione
1306 2705 1372 2725 ma·

301 2742 405 2778 teriae,
423 2752 487 2772 una
511 2748 585 2772 sunt
602 2747 768 2771 contentae
784 2739 907 2770 virtute.
934 2740 974 2770 Et
989 2739 1141 2780 quoniam
1157 2738 1188 2768 in
1205 2739 1372 2779 proposito

301 2796 469 2827 processus
492 2786 611 2816 litterae
634 2792 681 2815 est
704 2785 742 2815 de
765 2784 966 2824 passionibus
989 2784 1032 2814 sic
1056 2783 1234 2814 secundum
1258 2794 1290 2814 se
1314 2783 1372 2814 dif-

301 2831 484 2867 ferentibus,
502 2839 534 2862 et
549 2840 615 2861 non
639 2829 807 2860 contractis
824 2829 862 2858 ad
883 2828 1047 2859 materiam
1071 2828 1166 2864 unde,
1183 2828 1282 2867 gratia
1305 2838 1371 2858 ma-

300 2876 408 2913 teriae,
431 2875 535 2906 unitas
560 2874 724 2915 proveniat
746 2873 870 2903 virtutis
885 2871 976 2915 (quia
999 2873 1122 2903 bonum
1146 2873 1283 2902 arduum
1305 2882 1373 2903 non

301 2927 348 2951 est
371 2920 502 2951 materia
525 2919 650 2959 exigens
674 2918 828 2949 unitatem
843 2917 984 2947 virtutis:
1009 2916 1155 2957 quamvis
1171 2916 1232 2946 tale
1247 2917 1372 2947 bonum

301 2965 449 3001 arduum,
467 2971 545 3005 puta
569 2964 674 2994 honor
689 2969 743 2993 aut
767 2971 902 3001 magnus
918 2968 1077 3001 sumptuS‚
1094 2961 1196 3000 exigat
1218 2961 1371 2992 unitatem

301 3007 456 3051 virtutis):
487 3008 560 3038 ideo
595 3007 717 3048 optime
747 3006 841 3036 infert
863 3006 953 3046 quod
977 3005 1057 3036 circa
1087 3005 1264 3045 appetitum
1294 3006 1371 3036 boni

302 3053 392 3083 ardui
423 3052 595 3084 necessaria
618 3060 665 3082 est
694 3051 812 3091 duplex
834 3051 942 3081 virtus.
972 3049 1176 3081 Obiectiones
1207 3056 1315 3080 autem
1339 3050 1371 3080 in

302 3097 490 3137 oppositum
524 3097 703 3138 loquuntur
732 3096 771 3126 de
803 3095 869 3126 istis
898 3094 1099 3135 passionibus
1130 3093 1297 3124 contractis
1332 3094 1371 3124 ad

303 3140 468 3172 materiam
503 3141 679 3181 exigentem
714 3139 869 3170 unitatem
904 3139 1045 3169 virtutis:
1081 3138 1157 3178 quia
1194 3138 1372 3179 loquuntur

303 3185 342 3215 de
371 3185 557 3215 huiusmodi
585 3185 786 3226 passionibus
817 3183 984 3214 contractis
1008 3183 1048 3212 ad
1077 3183 1138 3213 tale
1166 3183 1289 3213 bonum
1321 3182 1372 3213 vel

303 3229 425 3259 malum
448 3229 601 3266 arduum,
625 3236 703 3270 puta
725 3229 766 3259 ad
789 3228 928 3268 pen'cula
952 3227 1073 3262 mortis,
1099 3234 1134 3257 ut
1161 3226 1316 3266 contingit
1338 3227 1371 3256 in
1397 3227 1399 3267 ξ

303 3272 504 3309 fortitudine,
535 3274 575 3304 ad
599 3283 733 3314 magnos
763 3279 929 3313 sumptus,
954 3278 990 3302 ut
1013 3271 1167 3311 contingit
1194 3271 1227 3301 in
1249 3270 1370 3310 magni·
1397 3269 1399 3310 ξ

1425 3315 1612 3345 Sanctorum
1638 3313 1784 3353 colligere
1807 3312 1883 3353 quid
1908 3319 1954 3343 est
1976 3311 2162 3342 humilitatis
2184 3311 2296 3342 virtus:
2327 3317 2358 3342 et
2380 3310 2492 3341 confu-

302 3316 437 3348 ficentia.

360 3361 396 3391 11.
426 3361 462 3391 In
492 3361 606 3391 eodem
629 3361 761 3391 articulo
785 3361 901 3402 primo,
927 3360 1063 3391 dubium
1093 3370 1130 3390 ex
1158 3359 1313 3395 Martino,
1337 3358 1370 3388 in

303 3415 358 3446 qu.
382 3415 393 3435 1
416 3405 455 3435 de
486 3404 673 3435 numilitate
686 3405 716 3441 ⁴⁸,
738 3405 890 3442 occurrit,
915 3405 1031 3435 directe
1064 3411 1173 3434 contra
1196 3407 1370 3434 Auctorem

303 3449 354 3479 hic
378 3455 528 3488 arguente
541 3449 632 3489 quod
651 3449 812 3480 humilitas
836 3456 867 3480 et
890 3449 1133 3489 magnanimitas
1158 3458 1223 3479 non
1240 3448 1284 3479 sic
1308 3447 1369 3478 dis·
1396 3456 1398 3462 ¹

302 3494 493 3533 tinguuntur
522 3493 611 3534 quod
639 3492 826 3524 humilitatis
855 3501 902 3524 est
923 3493 1079 3524 refrenare
1106 3503 1215 3533 spem,
1248 3503 1288 3523 ne
1311 3493 1369 3522 im-

303 3538 466 3568 moderate
485 3537 592 3568 tendat
607 3536 640 3566 in
657 3537 792 3573 excelsu
810 3537 1076 3577 magnanimitatis
1093 3547 1168 3568 vero
1184 3545 1230 3568 est
1244 3536 1370 3567 firmare

303 3588 413 3613 contra
429 3581 692 3622 desperationem,
717 3587 748 3611 et
763 3580 924 3620 impellere
947 3581 1093 3612 animum
1116 3582 1157 3611 ad
1176 3591 1301 3621 magna.
1330 3581 1370 3611 Et

1427 1716 1562 1747 intendit
1583 1716 1738 1747 Martinus
1771 1717 1860 1757 quod
1883 1717 2046 1747 humilitas
2076 1724 2122 1748 est
2145 1717 2303 1757 quaedam
2333 1717 2495 1757 magnani-

1398 1766 1400 1768 ’
1427 1761 1536 1797 mitas,
1561 1767 1592 1791 et
1616 1771 1681 1791 non
1713 1768 1759 1791 est
1781 1761 1881 1791 virtus
1904 1761 2061 1801 disparata
2084 1762 2123 1792 ab
2154 1762 2216 1792 illa.
2241 1762 2351 1792 Primo
2369 1762 2396 1798 *,
2420 1762 2495 1803 quia

1426 1805 1580 1836 refrenare
1610 1805 1756 1836 animum
1780 1815 1819 1836 ne
1843 1805 1960 1836 feratur
1986 1806 2018 1836 in
2042 1816 2157 1846 magna
2185 1806 2302 1846 quibus
2334 1806 2405 1846 quis
2429 1817 2493 1836 non

1426 1856 1472 1880 est
1496 1849 1620 1889 dignm,
1636 1857 1683 1880 est
1706 1857 1793 1880 actus
1817 1850 2101 1890 magnanimitatis:
2126 1857 2162 1880 ut
2185 1857 2271 1890 patet
2294 1850 2337 1880 IV
2356 1851 2460 1881 Ethic.
2477 1851 2495 1870 *

1427 1894 1511 1933 Ergo
1536 1903 1592 1934 per
1614 1894 1700 1924 hunc
1716 1901 1822 1925 actum
1839 1904 1904 1924 non
1921 1902 1967 1925 est
1986 1894 2158 1925 differentia
2179 1894 2261 1925 inter
2283 1894 2495 1926 humilitatem

1427 1945 1457 1969 et
1480 1938 1789 1978 magnanimitatem:
1823 1939 1878 1969 sed
1908 1939 2126 1969 convenientia
2155 1939 2188 1969 in
2216 1945 2287 1969 actu
2316 1939 2495 1970 manifestat

1426 1982 1623 2013 identitatem
1647 1992 1766 2014 earum.

1483 2027 1648 2065 Secundo,
1674 2027 1749 2068 quia
1771 2028 1870 2058 virtus
1901 2038 1964 2068 qua
1993 2027 2028 2058 fit
2052 2037 2091 2058 ne
2121 2027 2330 2058 immoderate
2357 2027 2495 2058 feramur

1427 2072 1459 2102 in
1483 2072 1591 2108 ardua,
1609 2079 1654 2102 est
1679 2072 1783 2102 media
1805 2072 1886 2103 inter
1909 2072 2204 2112 pusillanimitatem
2225 2079 2255 2103 et
2272 2078 2452 2113 caymotem
2467 2072 2494 2102 *.

1427 2116 1512 2157 Ergo
1537 2123 1584 2147 est
1606 2116 1862 2156 magnanimitas.

1488 2161 1605 2197 Tertio,
1625 2160 1701 2201 quia
1725 2171 1791 2191 non
1816 2160 1996 2200 dignificare
2020 2171 2053 2191 se
2076 2160 2194 2201 quibus
2217 2170 2283 2190 non
2300 2167 2347 2191 est
2369 2160 2494 2199 dignus,

1398 2198 1400 2204 ⁴
1427 2211 1474 2235 est
1488 2211 1576 2235 actus
1593 2204 1870 2244 magnanimitatis.
1890 2205 1987 2244 Ergo,
2004 2212 2061 2236 etc.
2078 2222 2100 2227 —
2115 2205 2271 2235 Probatur
2284 2211 2496 2245 assumptum.

1427 2249 1516 2279 Tum
1539 2249 1615 2289 quia
1643 2249 1787 2279 eiusdem
1810 2249 1935 2279 virtutis
1965 2256 2011 2279 est
2042 2248 2221 2289 dignificare
2244 2259 2277 2279 se
2305 2249 2421 2289 quibus
2451 2255 2497 2279 est

1427 2293 1553 2333 dignus,
1570 2300 1601 2324 et
1616 2303 1682 2324 non
1699 2292 1879 2333 dignificare
1897 2303 1930 2323 se
1945 2293 2063 2334 quibus
2080 2303 2146 2323 non
2162 2299 2209 2324 est
2230 2293 2354 2333 dignus.
2374 2311 2394 2315 -
2408 2293 2497 2323 Tum

1427 2338 1513 2379 quia,
1530 2337 1637 2378 posito
1662 2348 1735 2368 casu
1752 2338 1842 2378 quod
1865 2337 1979 2378 aliquis
2002 2337 2142 2369 virtuose
2165 2345 2245 2378 agat,
2263 2344 2293 2368 et
2316 2347 2372 2377 per
2395 2337 2497 2368 solam

1427 2382 1720 2423 magnanimitatem
1744 2382 1884 2423 inquirat
1906 2392 1946 2412 an
1971 2382 2010 2413 sit
2038 2382 2152 2422 dignus
2176 2382 2284 2423 aliquo
2308 2382 2425 2412 arduo:
2457 2389 2496 2418 et,

1426 2437 1499 2458 vere
1523 2427 1755 2463 concludendo,
1773 2437 1838 2457 non
1863 2426 2023 2466 dignificat
2047 2437 2080 2457 se
2102 2427 2168 2457 illo.
2198 2427 2282 2466 Ergo
2307 2436 2372 2456 non
2397 2426 2498 2466 digni-

1427 2471 1519 2502 ficare
1543 2481 1576 2502 se
1600 2478 1646 2502 est
1669 2478 1756 2502 actus
1781 2471 2057 2511 magnanimitatis.

1486 2517 1628 2554 Quarto,
1653 2526 1690 2547 ex
1714 2516 1880 2556 oppositis.
1914 2516 1998 2553 Quia
2022 2515 2147 2556 utrique
2171 2523 2217 2546 est
2241 2525 2342 2546 unum
2367 2515 2496 2555 opposi-

1427 2568 1507 2597 tum,
1532 2560 1648 2591 scilicet
1671 2560 1900 2601 praesumptio.

1482 2605 1582 2636 Affert
1597 2605 1710 2635 deinde
1721 2605 1739 2624 *
1754 2605 1871 2635 multas
1886 2604 2025 2635 rationes
2041 2611 2258 2645 supponentes
2282 2603 2372 2643 quod
2391 2603 2495 2634 humi-

1427 2650 1496 2681 litas
1520 2649 1672 2681 consistat
1693 2650 1726 2679 in
1751 2656 1938 2689 contemptu
1969 2648 2159 2679 exteriorum
2182 2649 2360 2683 bonorum,
2386 2654 2417 2677 et
2439 2658 2494 2687 ap-

1427 2695 1526 2735 petitu
1551 2704 1664 2724 eorum
1688 2704 1770 2734 quae
1794 2700 1868 2724 sunt
1890 2703 1962 2723 vere
1986 2703 2110 2732 magna.

1483 2739 1523 2769 Et
1546 2739 1678 2769 demum
1702 2738 1790 2778 quod
1813 2738 1960 2778 proprius
1984 2744 2071 2768 actus
2099 2735 2283 2767 humilitatis
2306 2742 2352 2766 est
2377 2745 2494 2776 aequa-

1426 2783 1553 2814 nimitas
1576 2783 1609 2813 in
1634 2782 1802 2822 prosperis,
1819 2782 1881 2812 hoc
1905 2788 1951 2812 est
1973 2781 2006 2811 in
2022 2781 2114 2811 bonis
2138 2780 2405 2816 desiderabilibus,
2422 2790 2494 2820 pro-

1427 2829 1479 2858 bat
1495 2827 1662 2867 dupliciter
1672 2826 1698 2858 *.
1716 2826 1833 2863 Primo,
1851 2826 2036 2856 auctoritate
2049 2825 2158 2862 Tullii,
2173 2825 2206 2855 in
2224 2825 2234 2854 1
2258 2825 2297 2855 de
2316 2823 2409 2865 Offic.
2422 2824 2457 2844 ²⁸*
2472 2842 2493 2847 —

1426 2872 1584 2908 Secundo,
1609 2871 1684 2912 quia
1707 2870 1936 2911 aequanimitas
1960 2877 2007 2900 est
2029 2877 2117 2900 actus
2140 2869 2272 2900 alicuius
2295 2868 2428 2899 virtutis.
2453 2869 2494 2899 Et

1427 2927 1493 2947 non
1517 2916 1576 2946 nisi
1594 2915 1790 2946 humilitatis.
1815 2915 1910 2954 Ergo.
1936 2914 2039 2945 Maior
2052 2921 2152 2954 patet:
2177 2913 2251 2954 quia
2267 2920 2313 2943 est
2336 2920 2423 2943 actus
2441 2913 2493 2943 de-

1426 2961 1576 2991 liberatus
1599 2967 1700 2990 rectae
1724 2959 1838 2990 rationi
1862 2966 2104 2989 consentaneus.
2131 2958 2238 2989 Minor
2261 2958 2422 2997 probatur,
2445 2957 2493 2987 in-

1426 3005 1574 3036 ducendo
1597 3014 1653 3044 per
1676 3004 1817 3044 singulas
1841 3004 1972 3034 virtutes
1995 3003 2071 3033 alias
2094 3013 2112 3033 a
2136 3001 2403 3042 magnanimitate.

1483 3050 1535 3080 111.
1561 3049 1610 3079 Ad
1635 3048 1825 3079 evidentiam
1856 3048 1952 3078 huius
1982 3047 2039 3083 rei,
2065 3047 2291 3077 advertendum
2320 3053 2366 3076 est
2393 3046 2492 3086 quod,

1426 3094 1502 3134 quia
1525 3093 1651 3123 novella
1674 3099 1721 3123 est
1749 3093 1808 3123 ista
1840 3091 2004 3132 phantasia
2028 3091 2169 3127 Martini,
2195 3100 2258 3131 qua
2281 3089 2493 3120 humilitatem

1426 3138 1534 3178 posuit
1553 3137 1846 3177 magnanimitatem
1863 3146 1929 3166 esse
1945 3142 2087 3176 respectu
2112 3134 2302 3166 exteriorum
2321 3134 2492 3170 bonorum,

1425 3182 1498 3212 ideo
1515 3182 1661 3212 doctores
1678 3181 1733 3222 qui
1748 3181 1787 3211 de
1802 3180 1979 3211 humilitate
1995 3180 2197 3220 scripserunt,
2215 3178 2295 3209 circa
2314 3178 2395 3208 hanc
2411 3188 2493 3219 quae

1425 3226 1588 3266 inopinate
1604 3225 1786 3266 supervenit
1801 3225 1974 3255 novitatem
1994 3234 2060 3254 non
2083 3223 2218 3259 solliciti,
2236 3223 2274 3252 de
2293 3222 2355 3253 hoc
2378 3222 2492 3253 directe

1425 3280 1492 3300 non
1522 3269 1723 3310 scripserunt.
1754 3269 1795 3299 Et
1823 3275 1991 3309 propterea
2023 3274 2150 3308 oportet
2178 3277 2263 3297 nunc
2290 3276 2327 3297 ex
2351 3266 2493 3297 doctrina

1425 3366 1506 3394 tare,
1531 3368 1566 3388 ac
1598 3357 1802 3388 exterminare
1829 3367 1847 3387 a
1878 3356 1995 3387 finibus
2024 3355 2183 3387 Ecclesiae
2213 3362 2244 3386 et
2269 3355 2492 3395 philosophiae

1425 3402 1553 3433 moralis
1577 3401 1751 3433 novitatem
1774 3401 1865 3432 hanc.

1479 3447 1520 3477 Et
1535 3446 1688 3487 quoniam
1710 3455 1747 3476 ex
1758 3445 1887 3485 propria
1902 3444 2087 3484 operatione
2102 3451 2132 3474 et
2147 3443 2276 3484 propria
2292 3443 2422 3474 materia
2435 3453 2489 3473 seu

1425 3491 1550 3522 obiecto
1575 3490 1674 3521 virtus
1698 3489 1834 3520 maxime
1857 3489 2059 3529 cognoscitur
2083 3495 2113 3519 et
2137 3487 2322 3518 discernitur
2343 3488 2382 3517 ab
2406 3487 2488 3523 aliis;

1424 3536 1507 3572 ideo,
1531 3535 1605 3566 hinc
1628 3534 1820 3570 inchoando,
1844 3533 1979 3564 dicimus
2003 3533 2092 3573 quod
2115 3539 2203 3563 actus
2227 3539 2257 3563 et
2280 3531 2409 3562 materia
2432 3531 2489 3561 hu-

1396 3588 1397 3591 *
1425 3580 1565 3611 militatis
1589 3579 1787 3618 distinguunt
1816 3577 1981 3608 manifeste
2005 3577 2216 3608 humilitatem
2240 3587 2258 3607 a
2281 3575 2489 3615 magnanimi—

2522 1769 2531 1778 ·
2545 1767 2581 1789 Cf,
2597 1773 2659 1789 num.
2676 1774 2699 1790 v.

2522 1855 2531 1865 ·
2545 1854 2577 1876 Ca
2598 1860 2646 1881 .1n‚
2658 1860 2680 1875 n,
2695 1861 2733 1882 3.-

2522 1881 2546 1903 S.
2557 1882 2578 1903 T
2597 1898 2601 1902 .
2617 1881 2660 1902 lect
2683 1887 2732 1902 vm.

2523 2077 2533 2086 ⁸
2548 2075 2583 2097 Cf.
2603 2075 2734 2097 Comment.

2522 2108 2541 2123 s.
2554 2102 2599 2123 Th.
2615 2102 2638 2123 in
2659 2102 2697 2122 lib.
2715 2101 2736 2123 11

2522 2128 2611 2177 ilfleiltu'c„
2631 2128 2682 2150 lect.
2699 2134 2735 2152 ix,

2524 2613 2533 2621 ⁸
2547 2611 2656 2634 Conclus.
2672 2619 2690 2634 2.

2522 2829 2531 2838 ⁸
2545 2828 2654 2850 Conclus.
2668 2836 2691 2855 4.

2522 2856 2543 2865 ¹⁸⁸
2557 2855 2614 2883 cap.
2629 2862 2691 2877 xxvi.
