2768 4198
0 3203 11 3575 ἑ

914 306 1184 352 QUAESTJO
1216 306 1395 354 CXXIX,
1425 306 1724 344 ARTICULUS
1755 307 1805 354 111,

312 384 364 415 Ad
387 383 450 415 hoc
474 383 610 415 dubium
635 384 749 415 dicitur
773 384 862 425 quod
882 384 1049 424 responsio
1074 385 1194 416 litterae
1210 385 1333 426 optime
1358 385 1360 422 ᾗ

257 429 316 460 sibi
339 435 370 460 et
393 428 514 459 veritati
539 435 705 459 consonat.
730 429 771 459 Et
794 429 883 469 quod
907 428 961 459 illa
978 429 1157 469 propositio
1174 436 1220 460 est
1240 429 1331 460 falsa:
1358 427 1360 460 ἶ

256 473 441 514 Propinqua
464 473 628 513 dispositio
658 473 702 503 ad
731 473 873 503 habitum
906 483 969 503 non
1002 479 1049 504 est
1080 475 1142 505 nisi
1172 475 1333 505 mediante
1358 470 1360 510 ξ

256 523 331 549 actu
354 519 546 559 generativo
570 517 659 548 illius
673 518 811 548 habitus.
836 518 1003 549 Habentur
1027 518 1186 559 siquidem
1207 519 1332 550 habitus
1358 511 1360 544 ἶ

257 561 515 593 secundariarum
538 561 704 598 virtutum,
729 569 807 602 puta
834 562 1096 602 magnificentiae,
1122 563 1332 604 magnanimi·
1358 549 1360 604 Ξ

257 607 328 638 tatis
353 614 383 637 et
405 606 604 642 huiusmodi,
622 606 654 636 in
679 607 863 648 propinqua
887 607 1106 648 dispositione,
1123 619 1159 639 ex
1176 609 1238 639 hoc
1261 609 1332 649 ipso
1358 625 1360 638 ι

256 651 347 693 quod
363 651 520 682 habentur
535 650 666 681 virtutes
679 651 868 691 principales
885 662 967 692 quae
983 653 1155 684 cardinales
1168 660 1333 684 vocantur.
1358 639 1361 682 Ι

313 695 369 726 Illa
392 705 524 737 quoque
547 695 727 736 propositio
752 696 910 732 adiuncta,
926 698 1024 728 Prius
1047 703 1094 728 est
1109 698 1274 738 dispositio
1290 698 1334 729 ad
1358 720 1360 726 ,

255 746 363 771 actum
387 750 484 781 quam
508 740 551 771 ad
574 740 716 771 habitum
742 742 885 779 virtutis,
911 741 1142 782 distinguenda
1160 750 1215 773 est.
1249 742 1333 780 Quia

256 785 295 817 de
326 791 397 815 actu
421 785 546 816 virtutis
575 785 730 825 contingit
759 786 849 827 loqui
875 786 1052 826 dupliciter.
1077 787 1202 824 Primo,
1228 795 1263 818 ut
1287 794 1334 818 est
1358 791 1360 826 ξ

257 836 345 860 actus
369 829 511 860 virtutis:
543 836 579 860 ut
602 829 719 860 scilicet
749 829 783 861 fit
803 841 820 860 a
843 831 998 861 virtuoso.
1031 831 1072 862 Et
1099 832 1143 862 sic
1168 831 1244 862 falsa
1269 838 1331 862 est:
1358 834 1360 838 ’

256 873 411 915 quoniam
435 874 523 914 prius
547 881 675 914 oportet
698 875 812 905 habere
835 875 985 906 virtutem
1016 886 1114 917 quarn
1139 883 1246 907 actum
1271 876 1332 906 vir·
1358 909 1360 915 ⁴

256 918 333 949 tutis
357 928 395 949 eo
420 919 521 949 modo
552 928 619 959 quo
645 929 662 949 a
685 919 835 950 virtuosis
866 928 954 951 actus
978 928 1152 957 exercetur,
1178 928 1212 952 ut
1236 928 1331 961 patet.
1358 923 1360 965 J

256 962 415 999 Secundo,
441 971 476 994 ut
496 970 542 994 est
566 971 654 994 actus
679 965 858 995 secundum
879 965 1018 1005 speciem
1043 972 1168 996 tanturn
1192 965 1331 996 virtutis:
1359 971 1360 1002 j

256 1017 296 1038 eo
315 1008 416 1038 modo
440 1018 508 1049 quo
537 1008 633 1039 etiam
665 1008 710 1038 vir
733 1016 1034 1050 quantumcumque
1063 1010 1200 1040 iniustus
1231 1019 1332 1051 quan·
1357 1010 1361 1048 1

256 1053 363 1094 doque
388 1052 462 1083 facit
486 1053 628 1092 iustum,
653 1053 809 1084 solvendo
838 1054 927 1095 quod
952 1054 1055 1085 debet.
1084 1054 1125 1085 Et
1148 1054 1220 1085 talis
1244 1061 1332 1084 actus

256 1097 415 1137 praecedit
431 1097 599 1128 virtutem:
625 1097 700 1138 quia
706 1098 908 1139 fabricando
922 1098 1020 1140 fabri
1030 1098 1146 1139 fimus.
1171 1098 1234 1129 Sed
1258 1108 1332 1129 cum

255 1142 295 1172 de
319 1141 518 1173 connexione
541 1142 697 1174 virtutum
722 1149 768 1174 est
790 1153 910 1179 sermo,
936 1153 1001 1173 non
1027 1143 1065 1173 de
1089 1142 1155 1173 istis
1186 1141 1333 1182 imperfe-

255 1185 323 1223 ctis,
348 1187 403 1217 sed
427 1187 466 1217 de
490 1186 636 1227 perfectis
667 1187 790 1218 actibus
815 1187 941 1218 virtutis
969 1197 1074 1218 sermo
1104 1194 1159 1218 est.
1186 1187 1227 1217 Et
1259 1197 1331 1227 pro-

255 1237 362 1272 pterea
385 1231 418 1262 in
434 1232 603 1272 proposito
620 1232 804 1271 negandum
820 1239 866 1263 est
885 1231 974 1272 quod
991 1231 1080 1272 prius
1104 1238 1151 1262 est
1165 1230 1333 1271 dispositio

254 1275 295 1306 ad
318 1283 426 1307 actum
442 1277 597 1318 quamad
620 1276 782 1307 habitum:
807 1276 962 1317 quoniam
980 1286 997 1306 e
1014 1283 1124 1307 contra
1139 1282 1186 1306 est
1209 1286 1331 1308 verum.

251 1320 393 1356 Erideo
415 1322 642 1361 argumentum
666 1320 746 1351 nihil
768 1320 860 1352 valet.

311 1365 350 1396 11.
374 1365 408 1396 In
433 1366 549 1396 eodem
572 1365 716 1401 articulo,
740 1365 773 1395 in
797 1364 1006 1405 responsione
1026 1365 1067 1395 ad
1089 1372 1251 1406 quartum,
1272 1365 1331 1396 du-

220 1429 225 1434 ·
253 1409 346 1440 bium
369 1410 507 1441 occurrit
531 1419 568 1440 ex
595 1410 711 1440 eodem
734 1409 883 1446 Martino,
909 1409 941 1439 in
966 1409 1078 1440 eadem
1102 1409 1289 1450 quaestione
1304 1409 1331 1447 ¹⁶²,

196 1483 201 1488 .
254 1461 366 1486 contra
381 1454 463 1486 hanc
478 1454 723 1495 responsionem
745 1453 861 1484 directe
877 1453 921 1484 sic
937 1461 1089 1494 arguente
1107 1454 1134 1485 ¹⁸.
1159 1454 1333 1485 Humilitas

253 1498 328 1531 facit
351 1499 441 1540 quod
462 1499 585 1535 homo,
610 1498 790 1529 secundum
813 1498 1032 1529 conditionem
1057 1509 1250 1539 magnorum
1274 1499 1332 1530 bo—

254 1553 372 1575 norum
395 1553 479 1585 quae
502 1554 521 1574 a
543 1543 613 1574 Deo
641 1543 799 1583 possidet,
824 1553 857 1574 se
881 1543 1005 1583 magnis
1036 1543 1211 1583 dignit-icet,
1238 1551 1268 1574 et
1291 1545 1331 1575 ad

253 1597 370 1629 magna
393 1597 508 1629 opera,
533 1587 713 1619 conformia
736 1587 798 1618 illis
822 1587 932 1624 bonis,
958 1588 1081 1619 tendat:
1110 1595 1141 1619 et
1164 1589 1329 1629 magnani-

253 1632 349 1664 mitas
371 1631 447 1664 facit
470 1633 559 1673 quod
584 1633 762 1663 secundum
794 1632 1013 1664 conditionem
1047 1632 1231 1664 defectuum
1255 1644 1331 1665 suo—
1357 1651 1359 1660 ·

253 1686 336 1714 rum,
354 1686 387 1708 se
403 1677 622 1719 parvipendat.
640 1677 726 1718 Ergo
744 1677 832 1708 nulla
849 1677 976 1718 penitus
993 1684 1040 1709 est
1057 1677 1230 1709 differentia
1250 1678 1332 1710 inter

252 1721 497 1762 magnanimum
521 1729 551 1753 et
574 1721 731 1753 humilem
760 1722 793 1752 in
822 1731 855 1753 se
886 1721 1100 1763 dignificando
1133 1730 1164 1754 et
1187 1733 1254 1754 non
1285 1723 1332 1754 di-

251 1765 433 1807 gnificando
457 1766 582 1807 magnis
605 1766 708 1798 bonis.

307 1811 509 1843 Antecedens
538 1821 597 1852 pro
629 1811 732 1852 prima
764 1818 852 1852 parte
880 1812 1043 1852 probatur.
1077 1812 1184 1848 Tum,
1210 1812 1330 1852 primo,

252 1855 328 1898 quia
351 1857 531 1888 secundum
554 1863 701 1887 sanctum
732 1856 913 1892 Thomam,
938 1855 1101 1887 humilitas
1125 1856 1198 1887 facit
1226 1857 1332 1888 hono-

252 1910 321 1933 rare
344 1900 424 1932 alios
449 1908 479 1931 et
502 1899 694 1941 dignificare,
718 1900 912 1941 inquantum
935 1900 967 1930 in
993 1901 1037 1931 eis
1060 1901 1188 1941 inspicit
1210 1901 1331 1942 aliquid

253 1945 293 1976 de
316 1945 410 1976 donis
434 1944 502 1976 Dei.
534 1945 621 1985 Ergo
645 1943 826 1981 humilitas,
851 1944 877 1975 si
900 1944 1016 1975 similia
1043 1945 1170 1985 inspicit
1202 1945 1274 1987 quis
1298 1945 1331 1976 in

253 1999 297 2026 se,
313 1989 388 2021 facit
406 1990 496 2031 quod
513 1988 672 2029 dignificet
695 1999 728 2020 se
748 1989 871 2029 magnis
887 1989 991 2020 bonis.
1015 2007 1036 2013 -
1060 1990 1159 2026 Tum,
1177 1991 1329 2027 secundo,

254 2033 331 2075 quia
352 2033 404 2064 vel
426 2033 590 2064 humilitas
609 2033 744 2073 impedit
758 2044 798 2064 ne
814 2033 946 2065 humilis
970 2042 1143 2074 cognoscat
1165 2035 1251 2066 dona
1271 2035 1331 2066 Dei

254 2088 337 2120 quae
359 2078 465 2115 habet,
486 2087 554 2109 esse
577 2077 610 2109 in
634 2089 684 2110 se:
709 2085 765 2109 aut
787 2088 865 2110 non.
888 2079 963 2109 Non
985 2079 1145 2119 primurn:
1171 2079 1248 2120 quia
1269 2080 1330 2111 hu-

253 2122 371 2155 militas
395 2132 453 2154 nec
477 2132 605 2154 sensum
630 2133 689 2154 nec
709 2123 907 2154 intellectum
930 2123 1066 2155 hebetat.
1092 2124 1124 2155 Si
1140 2125 1329 2162 secundum,

255 2177 330 2208 ergo
354 2166 486 2198 humilis
509 2167 675 2208 cognoscit
697 2167 730 2198 in
747 2178 780 2198 se
804 2168 890 2198 dona
905 2168 975 2204 Dei,
993 2168 1089 2199 etiam
1114 2179 1239 2209 magna.
1264 2171 1331 2200 Aut

255 2221 331 2253 ergo
355 2212 534 2244 secundum
553 2222 590 2243 ea
607 2212 732 2252 magnis
755 2212 848 2243 bonis
866 2222 898 2243 se
915 2212 1091 2254 dignificat:
1117 2220 1171 2244 aut
1195 2223 1271 2245 non.
1297 2214 1330 2245 Si

254 2257 309 2294 sic,
333 2266 409 2298 ergo
433 2256 597 2287 humilitas
625 2257 740 2287 eodem
768 2257 869 2287 modo
900 2257 1031 2288 inclinat
1061 2257 1142 2289 sicut
1166 2258 1330 2298 magnani-

254 2301 358 2334 mim.
382 2301 415 2333 Si
439 2311 524 2338 non,
549 2310 624 2341 ergo
649 2301 852 2332 contrarietas
875 2301 957 2332 inter
980 2302 1275 2342 magnanimitatem
1300 2310 1331 2334 et

253 2345 466 2381 humilitatem
489 2352 552 2376 est:
577 2345 740 2377 humilitas
764 2345 849 2376 enim
882 2346 1047 2378 inclinaret
1069 2347 1109 2377 ad
1133 2357 1199 2378 non
1228 2358 1261 2379 se
1286 2348 1331 2379 di-

252 2388 479 2436 gnificandum.

309 2432 455 2466 Secunda
469 2444 544 2465 vero
565 2433 636 2476 pars
660 2434 874 2466 antecedentis
898 2436 1062 2476 probatur.
1092 2436 1176 2474 Quia
1200 2447 1330 2477 magna-

253 2479 360 2511 nimus
387 2478 507 2510 iudicat
535 2480 713 2510 secundum
737 2479 911 2511 veritatem.
946 2481 1049 2521 Ergo,
1079 2481 1105 2511 si
1129 2488 1204 2512 sunt
1231 2481 1330 2523 aliqui

251 2523 394 2556 defectus
417 2523 451 2554 in
475 2534 529 2560 eo,
554 2524 800 2565 magnanimitas
823 2534 881 2555 sua
904 2524 1036 2556 inclinat
1058 2536 1134 2556 eum
1159 2527 1199 2557 ad
1222 2527 1330 2558 minus

251 2569 487 2600 aestimandum
510 2570 550 2599 de
574 2579 617 2606 se,
635 2576 760 2600 tantum
777 2576 936 2610 quantum
952 2570 997 2600 illi
1015 2570 1156 2602 defectus
1180 2578 1255 2602 sunt
1270 2571 1329 2602 im-

251 2613 381 2655 peditivi
405 2613 620 2644 virtuosarum
644 2614 881 2654 operationum.

309 2658 362 2690 111.
379 2658 539 2694 Secundo,
555 2658 770 2699 principaliter
785 2658 812 2689 *.
833 2658 943 2690 Posito
959 2669 1034 2690 casu
1051 2660 1141 2701 quod
1158 2659 1198 2691 sit
1217 2660 1332 2702 aliquis

252 2702 389 2734 maxime
418 2702 643 2743 magnanimus
674 2710 704 2734 et
735 2703 872 2734 maxime
901 2703 1047 2740 humilis,
1078 2704 1193 2745 dignus
1224 2705 1331 2746 aliqua

253 2754 337 2779 certa
371 2748 470 2778 ardua
505 2747 800 2784 administratione,
833 2755 864 2779 et
897 2748 940 2779 sic
976 2749 1173 2780 existimetur
1204 2760 1222 2780 a
1256 2750 1329 2781 civi-

253 2793 330 2830 bus,
355 2799 434 2830 etc.,
460 2792 734 2823 committentibus
765 2793 855 2823 illam
882 2792 945 2823 illi:
978 2800 1054 2824 tunc
1085 2793 1139 2824 sic.
1175 2796 1242 2825 Aut
1272 2795 1330 2826 iste

253 2847 310 2879 per
333 2844 503 2878 utramque
526 2837 678 2868 virtutem
702 2837 798 2868 simul
821 2837 974 2868 iudicabit
996 2848 1028 2868 se
1053 2838 1187 2878 dignum
1213 2839 1276 2876 illa,
1301 2847 1332 2871 et

255 2881 423 2922 suscipiet;
448 2889 504 2912 aut
528 2892 584 2923 per
608 2889 778 2923 utramque
801 2881 953 2913 iudicabit
976 2893 1009 2912 se
1033 2882 1212 2923 indignum,
1230 2891 1261 2915 et
1283 2895 1330 2915 re-
1356 2889 1358 2893 ⁴

253 2927 384 2963 futabit;
409 2933 464 2958 aut
487 2936 544 2967 per
567 2926 865 2967 magnanimitatem
887 2926 1040 2958 iudicabit
1064 2937 1097 2958 se
1122 2927 1275 2968 dignum,
1300 2936 1332 2960 et

253 2981 310 3013 per
339 2971 552 3002 humilitatem
582 2982 614 3002 se
647 2971 826 3012 indignum.
859 2972 934 3002 Non
964 2972 1106 3012 primurn
1137 2982 1195 3003 nec
1219 2983 1330 3004 secun-

253 3017 346 3048 dum:
378 3016 454 3057 quia
481 3016 526 3047 sic
555 3016 723 3047 haberetur
753 3017 913 3047 intentum
945 3016 984 3047 de
1014 3017 1125 3048 eadem
1157 3024 1213 3048 aut
1235 3017 1331 3049 simili

252 3061 420 3102 utriusque
439 3060 655 3092 inclinatione.
676 3061 762 3102 Ergo
779 3061 918 3092 tertium.
944 3061 1042 3098 Quod
1058 3069 1105 3092 est
1120 3061 1328 3102 impossibile.

252 3106 342 3136 Tum
357 3105 434 3146 quia
448 3106 514 3136 duo
539 3106 783 3137 contradictoria
798 3113 902 3137 essent
925 3106 1021 3137 simul
1035 3116 1117 3137 vera.
1142 3107 1230 3137 Tum
1255 3107 1330 3148 quia

253 3157 347 3181 erunt
360 3150 393 3180 in
417 3151 533 3181 eodem
550 3151 616 3181 duo
632 3150 750 3181 iudicia
769 3151 934 3182 contraria.
960 3151 1048 3182 Tum
1068 3151 1144 3192 quia
1163 3152 1212 3182 vel
1232 3152 1330 3183 susci-

254 3195 329 3235 piet,
346 3201 376 3225 et
395 3201 471 3226 tunc
495 3202 566 3236 aget
587 3202 696 3226 contra
720 3196 878 3226 dictamen
903 3195 1105 3232 humilitatis;
1130 3196 1181 3226 vel
1203 3196 1330 3233 reiiciet,

254 3246 286 3270 et
301 3245 378 3270 tunc
392 3246 463 3280 aget
486 3246 596 3271 contra
621 3240 779 3272 dictamen
798 3240 1084 3281 magnanimitatis;
1109 3241 1159 3271 vel
1179 3247 1331 3272 neutrum

254 3282 356 3320 faciet,
374 3290 404 3314 et
420 3283 464 3315 sic
486 3291 558 3324 aget
576 3292 686 3316 contra
709 3292 883 3327 utrumque
903 3285 1078 3322 dictamen;
1103 3285 1154 3316 vel
1169 3285 1266 3316 simul
1278 3296 1330 3317 su-

254 3327 365 3369 scipiet
390 3334 421 3358 et
443 3328 570 3366 reiiciet,
594 3336 625 3360 et
648 3336 725 3361 tunc
748 3337 841 3361 erunt
864 3331 930 3361 duo
955 3330 1197 3361 contradictoria
1222 3330 1330 3362 simul.

311 3372 374 3403 Sed
397 3371 488 3409 forte,
513 3373 626 3414 inquit,
642 3375 886 3415 respondebitur
909 3375 999 3416 quod
1022 3375 1201 3406 secundum
1225 3375 1330 3406 consi-

255 3417 453 3448 derationem
483 3417 644 3449 donorum
674 3419 749 3456 Dei,
773 3419 893 3451 iudicat
916 3430 948 3450 se
976 3419 1126 3460 dignum;
1152 3420 1331 3451 secundum

253 3471 330 3492 vero
351 3461 638 3493 considerationem
661 3464 867 3504 propriorum
888 3464 1070 3496 defectuum
1092 3464 1211 3496 iudicat
1234 3475 1266 3495 se
1282 3464 1330 3495 in-

255 3505 399 3547 dignum.
424 3523 444 3528 —
468 3505 604 3543 Contra,
628 3507 745 3547 primo.
778 3509 1071 3550 Quorumcumque
1103 3510 1330 3550 consequentia

254 3557 446 3591 repugnant,
470 3551 686 3582 antecedentia
701 3562 834 3594 quoque
856 3561 1045 3595 repugnant.
1070 3554 1133 3585 Sed
1153 3554 1231 3585 haec
1255 3564 1330 3585 con·
1356 3549 1358 3573 l

255 3595 437 3637 sequentia,
462 3595 529 3626 Iste
558 3601 606 3627 est
627 3596 748 3637 dignus
776 3597 838 3629 hac
864 3598 1165 3637 administratione,
1190 3606 1234 3636 et,
1264 3599 1331 3631 Iste
1355 3575 1358 3631 i

256 3649 319 3670 non
344 3645 392 3671 est
413 3640 536 3682 dignus
565 3641 627 3672 hac
648 3640 943 3681 administratione,
967 3651 1157 3683 repugnant.
1187 3644 1272 3684 Ergo
1300 3651 1331 3675 et

255 3684 480 3716 antecedentia.
511 3685 573 3716 Sed
603 3685 819 3717 antecedentia
847 3694 921 3718 sunt
944 3687 1018 3718 ista:
1043 3688 1127 3726 Iste,
1151 3689 1328 3719 secundum

2411 306 2459 342 63

1388 386 1586 416 conditiones
1608 385 1763 416 bonorum
1780 395 1863 426 quae
1886 395 1906 415 a
1929 385 2000 415 Deo
2022 385 2126 421 habet,
2145 394 2219 415 vere
2235 384 2355 415 iudicat
2379 384 2463 424 quod

1389 435 1436 460 est
1458 430 1578 471 dignus
1601 431 1662 461 hac
1684 430 1984 467 administratione;
2014 436 2060 465 et,
2078 429 2155 466 Iste,
2175 429 2350 459 secundum
2375 428 2462 469 defe-

1389 479 1459 505 ctus
1481 484 1561 515 quos
1583 475 1687 511 habet,
1709 484 1784 505 vere
1807 474 1929 505 iudicat
1943 473 2029 514 quod
2053 483 2115 503 non
2133 478 2181 504 est
2195 473 2316 514 dignus
2340 473 2461 504 eadem.

1388 519 1473 559 Ergo
1493 519 1552 550 ista
1569 520 1634 550 duo
1658 519 1874 550 antecedentia
1898 525 2085 559 repugnant.
2110 535 2132 541 -
2151 518 2308 548 Probatur
2330 518 2462 548 subiun-

1388 570 1437 594 cta
1461 564 1583 600 minor,
1609 563 1735 599 scilicet,
1768 564 1832 594 Sed
1853 563 2075 594 antecedentia
2098 568 2174 593 sunt
2205 564 2266 593 ista
2291 569 2349 593 etc.
2379 562 2463 599 Quia

1387 608 1468 638 bene
1492 608 1652 649 sequitur:
1677 608 1753 647 Iste,
1769 608 1944 639 secundum
1961 608 2047 638 hanc
2065 608 2364 644 considerationem,
2390 617 2464 637 vere

1388 652 1509 683 iudicat
1531 663 1566 683 se
1589 662 1657 683 esse
1672 653 1808 694 dignum
1829 653 1888 683 tali
1904 653 2206 683 administratione:
2230 662 2310 693 ergo
2335 653 2393 682 iste
2417 657 2463 682 est

1387 697 1509 738 dignus
1521 696 1590 728 illa'.
1606 698 1650 728 Et
1664 698 1840 728 secundum
1860 698 1945 728 hanc
1955 698 2054 728 aliam
2073 697 2374 733 considerationem,
2389 706 2464 726 vere

1388 741 1509 772 iudicat
1537 751 1572 772 se
1595 751 1664 773 esse
1687 743 1858 783 indignum
1885 742 1942 772 illa
1974 742 2103 773 eadem:
2132 751 2212 783 ergo
2237 747 2283 772 est
2307 742 2464 782 indignus

1388 786 1510 817 eadem.

1443 830 1603 867 Secundo,
1619 830 1694 871 quia
1717 831 1768 861 vel
1791 830 1933 861 defectus
1956 831 2146 870 impediunt,
2168 831 2274 861 habita
2297 829 2392 861 etiam
2417 839 2463 859 ra-

1387 875 1474 905 tione
1499 882 1547 906 tot
1570 876 1749 911 bonorum,
1775 876 1813 906 ab
1842 875 2130 906 administratione:
2161 883 2216 906 aut
2244 886 2320 906 non.
2351 875 2383 905 Si
2408 874 2462 910 sic,

1388 929 1463 959 ergo
1487 920 1722 959 magnanimus,
1744 920 1794 949 cui
1819 926 1894 950 sunt
1918 919 1985 950 noti
2011 919 2161 956 defectus,
2179 930 2244 950 non
2269 918 2464 960 dignificabit

1388 973 1420 993 se
1444 963 1507 994 illa.
1533 964 1566 994 Si
1590 974 1667 1000 non,
1684 973 1759 1003 ergo
1784 973 1849 993 non
1875 964 2011 994 reddunt
2031 974 2105 994 eum
2127 964 2314 1004 indignum:
2341 971 2371 994 et
2388 973 2462 994 con-

1387 1014 1557 1048 sequenter
1579 1008 1742 1038 humilitas
1766 1018 1831 1038 non
1856 1007 2019 1038 inclinabit
2048 1009 2087 1039 ad
2112 1019 2179 1039 non
2212 1008 2463 1048 dignificandum

1388 1061 1420 1082 se
1444 1052 1503 1082 hac
1527 1052 1812 1083 administratione.

1445 1096 1497 1127 lv.
1522 1097 1573 1127 Ad
1598 1096 1679 1127 hanc
1703 1096 1938 1127 dubitationem
1962 1096 2106 1132 Martini,
2132 1097 2382 1128 confundentem
2407 1097 2464 1128 hu·

1387 1139 1554 1171 militatem
1579 1147 1609 1171 et
1632 1141 1945 1181 magnanimitatem,
1971 1142 2182 1180 respondetur
2206 1141 2352 1182 negando
2377 1149 2461 1172 ante-

1387 1184 1501 1215 cedens
1516 1184 1542 1216 *.
1574 1185 1614 1216 Et
1638 1186 1677 1216 ad
1693 1185 1829 1226 primam
1847 1185 2070 1225 probationem
2095 1186 2216 1226 primae
2234 1186 2330 1226 partis
2347 1186 2461 1216 dicitur

1386 1229 1476 1270 quod
1500 1239 1566 1259 non
1591 1237 1636 1260 est
1660 1230 1771 1260 eadem
1795 1230 1875 1261 ratio
1901 1230 1939 1260 de
1963 1229 2031 1260 aliis
2055 1237 2086 1260 et
2109 1230 2147 1260 de
2172 1231 2294 1270 seipso,
2319 1238 2462 1270 respectu

1386 1273 1517 1304 humilis
1541 1280 1577 1304 ut
1593 1274 1651 1305 sic:
1676 1275 1830 1315 quoniam
1848 1274 2012 1305 humilitas
2028 1274 2157 1306 inclinat
2173 1276 2212 1305 ad
2228 1275 2464 1315 respiciendum

1386 1318 1419 1348 in
1443 1318 1511 1348 aliis
1535 1319 1630 1355 bona,
1656 1327 1686 1350 et
1702 1319 1735 1350 in
1759 1329 1792 1350 se
1817 1319 1899 1349 mala
1920 1329 1975 1349 seu
2000 1318 2153 1350 defectus.
2170 1337 2191 1343 -—
2215 1320 2267 1350 Ad
2290 1320 2464 1350 secundam

1385 1372 1461 1393 vero
1486 1362 1602 1394 dicitur
1625 1365 1715 1404 quod
1739 1364 1903 1395 humilitas
1919 1374 1984 1394 non
2009 1363 2143 1404 impedit
2166 1363 2334 1394 hominem
2357 1364 2464 1394 humi·

1386 1407 1450 1438 lem
1475 1417 1492 1438 a
1514 1408 1698 1448 cognitione
1728 1409 1891 1439 donorum
1921 1408 1980 1439 Dei
2001 1418 2083 1449 quae
2113 1408 2207 1439 habet
2230 1409 2308 1449 ipse.
2343 1409 2403 1439 Sed
2429 1418 2465 1439 ex

1386 1451 1448 1483 hoc
1473 1462 1538 1483 non
1572 1453 1734 1494 sequitur:
1759 1454 1845 1494 Ergo
1869 1453 1908 1483 ad
1938 1453 2043 1493 ipsam
2067 1460 2187 1493 spectat
2218 1453 2399 1494 dignificare
2431 1463 2464 1483 se

1386 1497 1565 1528 secundum
1595 1497 1659 1528 illa.
1694 1497 1782 1529 Sicut
1815 1507 1873 1528 nec
1901 1497 2063 1528 humilitas
2088 1498 2223 1538 impedit
2247 1498 2465 1538 cognitionem

1385 1541 1545 1573 iustorum
1562 1543 1611 1572 vel
1635 1550 1888 1583 temperatorum
1902 1543 1952 1573 vel
1976 1542 2107 1573 fortium
2126 1552 2280 1583 operum:
2305 1550 2335 1574 et
2358 1550 2465 1574 tamen

1386 1597 1452 1617 non
1484 1587 1644 1628 sequitur:
1670 1588 1756 1628 Ergo
1789 1588 1829 1618 ad
1861 1587 1966 1628 ipsam
1995 1594 2116 1628 spectat
2145 1587 2297 1619 inclinare
2326 1588 2358 1618 in
2382 1588 2465 1619 iusta

1386 1631 1436 1662 vel
1460 1631 1570 1668 fortia,
1595 1639 1653 1663 etc.
1687 1632 1773 1664 Cum
1797 1642 1872 1672 ergo
1904 1632 2062 1673 arguitur:
2093 1634 2160 1663 Aut
2182 1634 2323 1670 humilis,
2350 1638 2385 1663 ut
2406 1633 2463 1670 sic,

1385 1677 1556 1718 dignificat
1588 1687 1639 1715 se,
1664 1683 1723 1708 aut
1747 1687 1829 1715 non,
1855 1678 2065 1717 respondetur
2097 1678 2186 1718 quod
2218 1688 2294 1709 non.
2326 1677 2366 1708 Et
2390 1687 2465 1708 cum

1386 1721 1537 1752 infertur:
1574 1722 1668 1763 Ergo
1706 1727 1754 1753 est
1785 1723 1952 1753 contraria
1987 1723 2252 1763 magnanimitati
2281 1722 2464 1760 humilitas,

1386 1766 1464 1796 nihil
1487 1766 1571 1797 valet
1594 1767 1738 1807 sequela:
1763 1766 1840 1807 quia
1863 1766 1949 1797 aliud
1973 1774 2020 1798 est
2043 1766 2259 1798 humilitatem
2283 1777 2349 1798 non
2378 1766 2465 1797 incli-

1386 1820 1460 1842 nare
1483 1811 1523 1841 ad
1540 1810 1792 1850 dignificandum
1816 1811 1984 1842 hominem
2008 1811 2100 1842 bonis
2120 1812 2237 1853 quibus
2261 1819 2308 1843 est
2331 1811 2463 1851 dignus;

1386 1862 1416 1886 et
1446 1855 1533 1886 aliud
1558 1863 1604 1886 est
1635 1855 1850 1887 humilitatem
1879 1856 2031 1887 inclinare
2059 1857 2098 1886 ad
2123 1867 2189 1887 non
2213 1855 2464 1897 dignificandum

1386 1899 1552 1931 hominem
1569 1900 1662 1931 bonis
1678 1900 1796 1941 quibus
1812 1907 1859 1931 est
1882 1900 2008 1940 dignus.
2032 1901 2116 1931 Nam
2135 1901 2167 1931 in
2192 1901 2298 1941 primo
2314 1908 2360 1932 est
2384 1911 2464 1941 pura

1386 1945 1528 1985 negatio,
1554 1944 1587 1975 in
1611 1945 1752 1976 secundo
1784 1944 1959 1976 affirmatur
1988 1945 2152 1976 inclinatio
2183 1947 2223 1976 ad
2255 1946 2462 1987 oppositum:

1385 1997 1415 2020 et
1439 1989 1581 2030 primum
1610 1989 1788 2020 verificatur
1819 1990 1858 2020 de
1886 1990 2077 2027 humilitate,
2111 2001 2175 2021 non
2207 1991 2396 2021 secundum.
2423 1991 2464 2021 Et

1385 2042 1492 2066 tamen
1516 2044 1651 2075 arguens
1675 2034 1853 2065 secundum
1872 2035 2012 2075 imponit
2035 2035 2216 2066 humilitati.

1441 2080 1492 2110 Ad
1516 2080 1690 2110 secundam
1713 2089 1790 2110 vero
1815 2086 1937 2120 partem
1961 2080 2175 2111 antecedentis
2196 2079 2388 2121 principalis,
2406 2080 2463 2111 sci-

1383 2123 1455 2154 licet
1478 2124 1567 2165 quod
1585 2123 1830 2164 magnanimitas
1847 2123 1921 2155 facit
1945 2125 2034 2165 quod
2056 2124 2167 2161 homo,
2189 2125 2367 2155 secundum
2387 2135 2463 2155 con-

1385 2168 1540 2199 ditionem
1563 2168 1748 2200 defectuum
1772 2178 1918 2205 suorum,
1939 2178 1972 2199 se
1987 2169 2214 2209 parvipendat:
2240 2169 2355 2200 dicitur
2375 2169 2464 2210 quod

1385 2222 1449 2243 non
1480 2220 1527 2243 est
1558 2212 1650 2250 falsa,
1675 2212 1758 2243 sicut
1781 2212 1883 2253 prima
1907 2223 1989 2253 pars.
2021 2213 2187 2251 Quoniam
2219 2214 2464 2254 magnanimitas

1384 2257 1484 2288 tendit
1507 2258 1546 2288 ad
1562 2267 1718 2297 magnum
1738 2257 1770 2287 in
1794 2257 1936 2299 qualibet
1952 2258 2085 2289 virtute:
2111 2268 2147 2289 ac
2169 2268 2225 2299 per
2241 2259 2312 2295 hoc,
2328 2259 2464 2300 inquan-

1385 2310 1455 2333 tum
1471 2301 1572 2333 tendit
1587 2303 1626 2333 ad
1644 2312 1799 2342 magnum
1823 2302 1855 2333 in
1880 2302 2068 2334 humilitatis
2085 2313 2192 2343 opere,
2210 2303 2283 2335 facit
2307 2304 2465 2345 quodam-

1386 2347 1486 2377 modo
1510 2347 1599 2388 quod
1624 2347 1812 2378 humilitatis
1837 2354 1894 2378 est.
1924 2348 1999 2378 Non
2024 2347 2067 2378 sic
2091 2355 2199 2379 autem
2223 2348 2387 2379 humilitas
2411 2349 2463 2379 de-

1384 2391 1449 2422 iicit
1469 2392 1767 2432 magnanimitatem
1786 2392 1868 2423 sicut
1891 2393 2136 2432 magnanimitas
2160 2393 2343 2434 magnificat
2358 2394 2464 2424 hurni-

1385 2436 1516 2468 litatem.
1548 2437 1589 2468 Et
1616 2437 1690 2468 ideo
1714 2437 1818 2477 prima
1841 2447 1913 2477 pars
1941 2437 2015 2468 dicti
2045 2438 2258 2469 antecedentis
2281 2438 2466 2479 simpliciter

1385 2488 1497 2522 negata
1522 2488 1578 2512 est.

1441 2526 1480 2557 V.
1504 2527 1556 2557 Ad
1575 2526 1753 2557 secundum
1770 2533 1997 2566 argumentum
2014 2526 2188 2567 principale
2203 2527 2220 2546 *
2244 2527 2358 2558 dicitur
2374 2528 2463 2568 quod

1385 2571 1553 2612 responsio
1577 2570 1620 2602 ibi
1644 2570 1772 2602 recitata
1796 2578 1843 2602 est
1866 2571 1961 2608 bona,
1982 2578 2013 2601 et
2036 2578 2165 2612 sumpta
2189 2582 2226 2602 ex
2248 2571 2350 2602 littera
2375 2582 2463 2612 prae-

1385 2616 1475 2647 senti.
1492 2617 1543 2646 Ad
1560 2615 1832 2656 improbationem
1845 2623 1954 2646 autem
1971 2615 2086 2646 dicitur
2101 2617 2190 2657 quod
2207 2616 2366 2648 distinctio
2383 2617 2465 2648 inter

1385 2661 1519 2702 dignum
1543 2660 1737 2701 simpliciter,
1754 2661 1804 2691 vel
1823 2661 2002 2691 secundum
2027 2660 2099 2697 hoc,
2117 2661 2212 2691 solvit
2231 2661 2462 2702 quaestionem.

1385 2705 1559 2736 Humilitas
1584 2715 1725 2746 namque
1747 2705 1917 2746 indignum
1941 2706 2119 2736 secundum
2143 2705 2241 2746 quid,
2261 2706 2323 2736 hoc
2347 2713 2394 2737 est
2416 2717 2463 2737 se·

1356 2781 1358 2787 Α
1385 2751 1529 2781 cundum
1546 2750 1695 2791 proprios
1712 2749 1868 2781 defectus:
1886 2750 2130 2791 magnanimitas
2145 2760 2221 2781 vero
2238 2750 2373 2791 dignum
2389 2751 2463 2781 sim-

1385 2795 1516 2836 pliciter,
1534 2795 1597 2826 hoc
1613 2802 1669 2831 est,
1687 2795 1839 2826 omnibus
1863 2794 2078 2831 consideratis,
2099 2794 2226 2826 iudicat.
2253 2795 2350 2833 Quod
2376 2803 2463 2835 patet

1386 2850 1422 2871 ex
1446 2840 1584 2871 duobus.
1617 2839 1741 2876 Primo,
1767 2850 1804 2870 ex
1827 2840 1890 2870 hoc
1913 2840 2003 2880 quod
2027 2840 2165 2870 humiles
2189 2840 2370 2871 invenimus
2396 2850 2462 2871 non

1386 2884 1444 2915 nisi
1468 2891 1626 2925 quantum
1651 2894 1687 2914 ex
1711 2894 1744 2915 se
1768 2892 1824 2921 est,
1849 2884 2033 2916 subtrahere
2053 2895 2085 2915 se
2110 2895 2127 2915 a
2151 2885 2292 2924 magnis:
2318 2893 2353 2916 ut
2377 2892 2462 2925 patet

1386 2930 1424 2960 de
1449 2929 1567 2960 Ioanne
1590 2928 1741 2969 Baptista,
1773 2929 1848 2970 Ego
1871 2940 1891 2960 a
1916 2935 1947 2960 te
1969 2930 2065 2960 debeo
2097 2930 2277 2971 baptizari;
2301 2937 2331 2961 et
2355 2936 2461 2960 tamen

1385 2974 1555 3015 baptizavit
1579 2973 1744 3004 Christum
1760 2973 1787 3004 *.
1811 2974 1853 3005 Et
1875 2974 1908 3004 in
1932 2974 2028 3005 veteri
2052 2975 2262 3005 Testamento
2287 2975 2415 3015 Moyses
2432 2982 2462 3005 et

1386 3018 1532 3049 Ieremias
1556 3029 1574 3048 a
1598 3018 1704 3048 divina
1733 3018 1891 3058 legatione
1925 3019 1966 3049 ob
1991 3019 2138 3059 proprios
2166 3019 2307 3050 defectus
2331 3029 2364 3049 se
2388 3020 2460 3050 sub-

1385 3064 1550 3094 trahebant
1564 3061 1595 3092 *ῑ
1621 3073 1719 3104 quam
1736 3063 1920 3103 simpliciter
1934 3063 2035 3104 parati
2059 3070 2147 3094 erant
2170 3064 2339 3104 suscipere,
2358 3070 2392 3094 ut
2415 3063 2459 3094 fe·

1385 3115 1504 3139 cerunt.
1521 3126 1542 3131 —
1562 3108 1722 3144 Secundo,
1740 3118 1777 3138 ex
1792 3108 1923 3139 ratione.
1942 3108 2027 3146 Quia
2043 3108 2206 3139 humilitas
2223 3118 2289 3138 non
2305 3115 2352 3139 est
2367 3115 2460 3139 retra-

1385 3153 1466 3184 ctiva
1481 3163 1498 3183 a
1517 3153 1674 3183 virtutum
1697 3152 1858 3193 operibus,
1880 3153 1935 3183 sed
1961 3160 2068 3183 custos
2088 3152 2247 3189 omnium,
2265 3163 2391 3193 semper
2413 3153 2460 3183 in-

1385 3197 1505 3228 clinans
1521 3197 1689 3228 hominem
1712 3198 1752 3227 ad
1777 3197 1855 3228 nihil
1879 3197 1926 3227 sui
1952 3197 2151 3237 sapiendum,
2169 3198 2258 3238 quod
2282 3205 2403 3238 spectat
2422 3198 2461 3228 ad

1385 3242 1563 3272 secundum
1580 3241 1677 3282 quid:
1702 3242 1946 3282 magnanimitas
1966 3249 2084 3278 autem,
2105 3242 2145 3272 ad
2162 3242 2318 3283 cuiusque
2337 3242 2461 3274 virtutis

1385 3296 1501 3327 magna
1524 3286 1658 3317 tendens
1675 3296 1741 3317 non
1758 3287 1936 3317 secundum
1960 3286 2048 3327 quid,
2066 3287 2122 3316 sed
2146 3286 2298 3318 omnibus
2314 3286 2460 3318 conside—

1385 3331 1475 3368 ratis,
1506 3331 1601 3361 etiam
1633 3341 1671 3361 eo
1707 3331 1798 3371 quod
1827 3331 1867 3361 ad
1897 3330 2110 3362 humilitatem
2140 3337 2276 3372 spectat,
2302 3331 2462 3372 dignificat

1385 3375 1570 3416 simpliciter
1601 3375 1768 3406 hominem
1796 3375 1845 3405 his
1875 3375 1967 3406 bonis
1990 3375 2023 3405 in
2047 3375 2165 3416 quibus
2196 3376 2311 3416 dignus
2335 3383 2391 3407 est.
2421 3377 2462 3407 Et

1384 3420 1455 3451 licet
1479 3419 1726 3451 fundamentum
1752 3419 1912 3460 dignitatis
1936 3421 2099 3451 bonorum
2122 3420 2186 3452 sint
2201 3421 2288 3452 dona
2312 3421 2382 3458 Dei,
2400 3421 2462 3452 hoc

1385 3472 1493 3496 tamen
1517 3475 1582 3495 non
1607 3464 1682 3495 facit
1705 3464 1838 3505 dignum
1867 3465 2045 3496 secundum
2069 3465 2164 3506 quid:
2196 3466 2272 3507 quia
2303 3466 2461 3507 quidquid

1386 3517 1431 3540 est
1448 3510 1548 3540 homo
1569 3517 1599 3540 et
1615 3509 1755 3540 hominis
1775 3516 1806 3540 et
1821 3509 1854 3540 in
1869 3509 2012 3546 homine,
2027 3517 2073 3541 est
2096 3510 2221 3541 donum
2235 3510 2304 3541 Dei.
2326 3511 2399 3541 Non
2417 3510 2461 3541 sic

1386 3561 1493 3586 autem
1510 3555 1548 3584 de
1565 3554 1753 3586 defectibus:
1770 3554 1926 3596 quoniam
1943 3565 2009 3585 non
2026 3555 2183 3596 quidquid
2199 3562 2246 3586 est
2260 3555 2372 3591 homo,
2390 3562 2459 3590 etc„

1386 3606 1432 3630 est
1456 3598 1608 3630 defectus.

1441 3644 1489 3675 Ex
1513 3644 1575 3675 hoc
1602 3643 1699 3684 igitur
1722 3644 1812 3684 quod
1842 3644 2066 3685 magnanimus
2090 3655 2123 3674 se
2148 3643 2308 3684 dignificat
2338 3643 2458 3683 simpli-

1385 3689 1476 3725 citer,
1503 3695 1534 3719 et
1563 3688 1695 3719 humilis
1727 3689 1905 3720 secundum
1929 3689 2008 3730 quid
2032 3696 2157 3720 tantum
2186 3698 2218 3719 se
2246 3687 2457 3728 indignificat,

2490 1195 2502 1206 ⁸
2515 1194 2585 1216 Num.
2599 1201 2623 1216 11.

2490 2532 2502 2544 ⁸
2516 2532 2586 2554 Num.
2603 2539 2634 2554 111⁴

2491 2980 2499 2988 ⁸
2513 2978 2591 3000 Matth.
2608 2983 2658 3005 cap.
2671 2983 2702 3003 ιιι,

2489 3011 2547 3026 vers.
2564 3011 2596 3031 14,
2611 3011 2638 3033 ¹5·

2489 3069 2499 3078 ⁸
2512 3068 2590 3089 Exod.
2606 3074 2654 3096 cap.
2669 3074 2702 3094 111,

2488 3101 2547 3117 vers.
2564 3100 2594 3121 ¹¹3
2609 3100 2660 3122 cap.
2672 3101 2702 3120 ιν,

2488 3128 2548 3143 vers.
2568 3127 2588 3148 1,
2609 3128 2647 3148 ιο,
2670 3127 2702 3150 13:

2488 3148 2571 3170 Ierem.
2599 3154 2650 3176 cap.
2680 3154 2701 3174 1,

2488 3181 2547 3198 vers.
2563 3175 2585 3196 6.
