2768 4198
49 473 57 481 ⁸
64 471 99 493 Cf.
105 477 154 492 can.
159 471 212 492 Non
217 478 262 493 me-

49 498 177 524 diocriter,
207 498 260 520 dist.

48 524 77 551 V,
101 525 130 546 de
150 525 260 547 Consecr.

48 632 58 641 ⁸
72 631 107 653 Ct.
123 631 180 652 ibid.

41 2188 50 2195 ⁸
66 2187 113 2213 Qu.
130 2192 193 2213 cxm,
209 2190 251 2208 art.

41 2213 63 2237 6,
78 2213 106 2234 ad
121 2219 140 2238 2,
156 2219 175 2239 3.

43 2856 51 2864 ·
67 2853 131 2876 Vers.
148 2860 182 2875 2o⁴

43 2959 51 2966 ¹
58 2957 136 2978 Gloss.
144 2955 192 2978 Ord
198 2956 254 2977 ,aine

42 2989 113 3006 nom-t
121 2982 255 3006 limaeam·

42 3012 110 3031 ment.
132 3010 156 3030 in
177 3010 253 3031 Marc.

42 3037 80 3069 lib.
93 3036 132 3060 ln.
145 3042 169 3057 ca
190 3042 253 3057 .tx.-

43 3064 155 3110 &ninii
162 3065 254 3110 logssft'

141 3126 157 3141 α

45 3223 53 3231 ·
68 3220 155 3242 uomit.
168 3219 221 3241 XVI
233 3220 256 3241 in

45 3247 137 3274 Evang,

46 3333 55 3341 ·
69 3331 115 3378 Ἓιι.
128 3336 211 3356 cxxxv,
222 3330 258 3351 ln-

45 3362 81 3378 tro
99 3373 104 3378 .

47 3474 55 3481 ⁸
67 3473 114 3498 Qu.
126 3477 207 3495 cxi-tm
219 3476 257 3518 qu.

45 3502 172 3521 exunart.
182 3503 217 3521 με
238 3503 257 3525 3.

301 281 374 327 154

292 518 470 555 Similiter
499 519 613 555 etiam
643 517 737 554 ratio
767 524 868 552 recta
903 528 981 552 non
1011 522 1157 552 tantum
1200 516 1246 553 de
1277 515 1363 553 cibo

291 571 476 609 subtrahit
503 580 544 608 ut
572 572 692 607 homo
723 570 903 606 reddatur
935 569 1128 617 impotens
1159 569 1208 606 ad
1239 569 1364 606 debita

289 637 407 674 opera
435 625 673 673 peragenda:
703 623 805 659 unde
828 621 917 658 dicit
937 621 1202 670 Hieronymus
1217 621 1237 643 '¹‘
1257 623 1364 670 quod

288 678 483 715 rationalis
519 679 631 713 homo
665 676 884 725 dignitatem
914 675 1048 711 amittit
1086 676 1151 723 qui
1182 676 1363 713 ieiunium

288 732 446 776 caritati,
476 730 535 766 vel
562 729 711 778 vigilias
739 741 869 765 sensus
898 729 1108 778 integritati
1122 730 1307 777 praefert.

338 866 359 895 ε)
379 867 405 888 et
424 862 504 894 quod.
518 876 536 880 —
554 861 618 894 quia
637 862 707 890 PGa,
728 865 754 886 et
773 862 806 886 Η.

952 278 1221 325 QUAESTIO
1254 278 1445 326 CXLVII,
1475 281 1773 319 ARTICULUS
1805 283 1835 318 ΙΙ

294 359 508 402 interimas‚·
538 366 574 395 et
594 359 697 408 quod
719 364 730 379 Ξ
755 360 800 395 de
819 358 954 406 rapina
975 357 1234 393 holocaustum
1255 357 1368 406 offert
1392 357 1394 408 l

293 413 359 460 qui
384 413 445 449 vel
471 413 642 449 ciborum
672 412 788 448 nimia
817 416 991 460 egestate,
1022 410 1081 445 vel
1109 410 1368 447 manducandi

292 465 353 502 vel
378 466 503 502 somni
528 466 706 514 penuria,
734 464 980 500 immoderate
1008 474 1144 511 corpus
1173 463 1314 513 affligit
1331 463 1362 500 ²⁸.
1391 497 1393 517 ἶ

1473 361 1532 396 AD
1562 372 1722 398 TERTmM
1752 373 1938 399 DICENDUM
1967 364 2072 411 quod
2102 363 2286 399 ieiunium
2324 370 2491 409 naturae,

1391 413 1393 457 l
1421 423 1498 459 quo
1529 413 1613 460 quis
1634 414 1769 451 dicitur
1787 415 1936 452 ieiunus
1965 424 2169 465 antequam
2191 416 2380 462 comedat,
2403 428 2492 452 con-

1421 464 1514 501 sistit
1541 465 1579 502 in
1608 479 1704 515 pura
1732 468 1945 516 negatione.
1985 469 2096 507 Unde
2135 482 2214 507 non
2242 477 2367 518 potest
2399 468 2491 518 poni

1390 523 1393 566 ξ
1421 525 1527 554 actus
1546 518 1710 556 virtutis:
1741 521 1808 557 sed
1828 522 1954 559 solum
1976 522 2066 560 illud
2086 522 2270 560 ieiunium
2291 534 2368 572 quo
2394 522 2489 571 quis,

1421 582 1465 606 ex
1495 571 1708 613 rationabili
1736 574 1948 623 proposito,
1979 588 2001 612 a
2031 575 2123 613 cibis
2153 576 2361 625 aliqualiter
2380 575 2493 612 absti-

1420 631 1495 660 net.
1530 624 1643 662 Unde
1671 626 1839 673 primum
1869 627 2004 665 dicitur
2032 629 2212 666 ieiunium
2241 630 2357 666 ieiuni
2375 628 2402 666 ‘t
2434 641 2490 665 se-

1421 677 1589 714 cundum
1617 690 1712 715 vero
1742 680 1923 717 ieiunium
1952 682 2163 729 ieiunantis,
2195 683 2302 732 quasi
2332 695 2377 720 ex
2404 695 2491 731 pro-

1390 727 1392 733 '
1419 730 1546 779 posito
1577 731 1717 780 aliquid
1748 733 1902 780 agentis.

1468 862 1483 891 ζ
1505 863 1596 888 ieiuni.
1610 877 1629 882 -
1649 864 1742 889 ieiunii
1760 864 1956 895 ABCDEHLa,
1974 873 2028 891 om.
2049 866 2067 891 l.

969 942 1308 975 Commentariis
1329 943 1584 976 Gar-dinetus
1605 944 1808 977 Caietani

289 1035 334 1097 IN
359 1023 491 1054 articulo
516 1022 621 1063 primo
645 1023 842 1063 quaestionis
860 1022 1362 1063 centesimaequadragesimaese-
1385 1052 1387 1057 ,

315 1068 443 1109 ptimae,
460 1067 493 1104 in
509 1067 718 1107 responsione
735 1067 775 1097 ad
793 1067 982 1103 secundum,
1007 1068 1134 1098 adverte
1158 1068 1275 1108 primo,
1293 1068 1359 1098 duo

283 1123 364 1154 quae
388 1119 471 1143 recta
494 1111 574 1142 ratio
599 1112 745 1142 observat
768 1111 800 1141 in
821 1111 1036 1142 subtractione
1059 1112 1215 1143 alimenti:
1241 1112 1360 1143 scilicet

282 1156 557 1188 conservationem
573 1163 713 1193 naturae,
738 1163 768 1187 et
791 1156 969 1196 potentiam
995 1157 1034 1186 ad
1055 1167 1150 1196 opera
1173 1156 1285 1188 debita.
1311 1157 1358 1187 Ex

283 1203 388 1242 primo
405 1201 563 1242 siquidem
583 1201 716 1231 habetur
734 1201 823 1242 quod
844 1211 910 1231 non
929 1208 976 1231 est
995 1201 1119 1232 virtutis
1140 1201 1184 1232 sic
1203 1201 1358 1232 abstinere
1385 1203 1386 1211 ¹

283 1253 318 1277 ut
341 1247 403 1277 vita
428 1246 591 1276 minuatur
614 1246 723 1286 quoad
746 1252 890 1285 tempus:
904 1245 981 1276 1sive
1002 1245 1064 1276 hoc
1083 1245 1138 1278 fiat
1157 1246 1253 1277 unico
1274 1253 1357 1283 actu,
1384 1243 1386 1290 ᾖ

283 1298 361 1331 puta
384 1290 489 1321 inedia
513 1290 692 1321 multorum
716 1290 856 1326 dierum;
891 1290 956 1320 sive
983 1289 1039 1321 fiat
1064 1290 1283 1332 frequentibus
1308 1301 1358 1321 ex-

284 1336 433 1372 cessibus,
458 1342 536 1375 puta
560 1334 674 1365 crebris
698 1334 812 1365 inediis
836 1345 932 1375 supra
955 1334 1053 1371 vires;
1077 1342 1113 1366 ut
1137 1342 1223 1376 patet
1242 1345 1280 1366 ex
1303 1346 1359 1366 au—

284 1381 427 1411 ctoritate
447 1379 655 1420 Hieronymi:
680 1380 754 1410 Non
774 1379 884 1420 differt
904 1385 1012 1410 utrum
1032 1390 1139 1420 parvo
1164 1381 1214 1411 vel
1238 1390 1359 1422 magno
1384 1383 1386 1424 ξ

283 1431 425 1465 tempore
449 1430 479 1455 te
502 1425 680 1454 interimas.

338 1470 385 1499 Ex
410 1468 551 1499 secundo
572 1476 678 1500 autem
703 1468 800 1499 habes
824 1468 914 1509 quod
938 1469 994 1509 qui
1018 1475 1143 1499 tenetur
1166 1469 1205 1499 ad
1225 1469 1356 1510 aliquod
1384 1470 1386 1514 ξ

283 1524 376 1554 opuS,
401 1514 451 1544 vel
474 1513 611 1550 liberale,
637 1520 715 1553 puta
738 1514 778 1543 ad
800 1513 983 1554 legendum,
1009 1513 1268 1554 praedicandum,
1285 1524 1358 1544 can·
1384 1515 1386 1528 ³

283 1559 431 1594 tandum;
455 1558 505 1588 vel
529 1556 767 1594 mecharficum,
793 1565 871 1598 puta
895 1558 934 1588 ad
959 1557 1165 1595 fodiendum,
1190 1557 1357 1589 aedifican-

282 1603 371 1638 dum,
389 1607 464 1633 etc.:
489 1621 510 1626 -
534 1602 723 1633 abstinentia
738 1602 916 1642 impediens
933 1602 1111 1642 potentiam
1126 1602 1166 1633 ad
1190 1602 1267 1634 haec
1291 1613 1358 1634 non

282 1654 328 1678 est
344 1654 432 1678 actus
448 1647 582 1678 virtutis.
607 1647 647 1678 Et
671 1647 774 1677 simile
794 1653 840 1677 est
864 1647 903 1677 de
919 1646 988 1677 viro
1008 1646 1064 1687 qui
1084 1653 1209 1678 tenetur
1228 1647 1267 1677 ad
1287 1648 1356 1678 red·
1384 1669 1385 1698 ἦ

282 1692 424 1722 dendum
460 1691 605 1722 debitum
636 1691 802 1731 coniugale
834 1691 942 1722 uxori:
977 1691 1167 1722 abstinentia
1198 1692 1357 1733 siquidem

281 1737 459 1777 impediens
478 1737 541 1767 hoc
564 1746 631 1766 non
656 1743 702 1767 est
725 1742 813 1766 actus
836 1735 971 1766 virtutis.

337 1781 374 1812 ΙΙ.
400 1781 462 1812 Sed
490 1780 603 1811 accidit
633 1780 695 1810 hoc
718 1780 750 1810 in
775 1780 848 1810 loco
875 1780 1012 1810 dubium
1036 1779 1224 1810 devotarum
1248 1790 1357 1820 perso·

281 1835 406 1856 narum.
431 1825 600 1855 Ferventes
624 1824 783 1864 siquidem
802 1824 925 1864 spiritu,
950 1823 1040 1855 aiunt
1063 1834 1096 1854 se
1119 1824 1199 1854 velle
1223 1824 1357 1856 mortifi-
1383 1833 1384 1837 ’

281 1880 359 1905 care,
385 1879 442 1899 nec
466 1879 574 1899 curare
598 1879 638 1898 an
663 1869 774 1899 decem
798 1868 889 1899 annis
914 1868 1021 1898 minus
1045 1868 1184 1899 victurae
1208 1868 1280 1900 sint.

336 1914 377 1944 Et
408 1920 542 1953 augetur
572 1913 708 1944 dubium
740 1923 776 1943 ex
805 1923 843 1943 eo
874 1912 964 1954 quod
995 1922 1147 1953 personas
1176 1912 1355 1953 spirituales

280 1968 362 1999 quae
384 1965 583 1989 excesserunt
599 1957 631 1988 in
649 1957 845 1988 abstinentiis
870 1964 900 1988 et
924 1957 1123 1995 huiusmodi,
1147 1957 1294 1998 quamvis
1310 1968 1356 1988 ar-

279 2003 420 2042 guendas
452 2002 627 2038 credimus,
653 2012 719 2032 non
748 2008 855 2033 tamen
883 2002 1075 2032 damnamus
1105 2001 1270 2032 homicidii
1302 2009 1357 2033 aut

280 2047 426 2078 saevitiae
450 2047 483 2077 in
499 2047 627 2087 seipsas.
653 2046 752 2084 Quod
775 2054 883 2078 tamen
907 2046 1064 2077 iudicium
1087 2045 1176 2077 fieret
1200 2047 1225 2077 si
1249 2046 1356 2078 statim

279 2102 311 2122 se
336 2091 534 2128 occidissent,
559 2098 614 2122 aut
633 2091 735 2122 simile
760 2091 915 2122 damnum
940 2091 998 2122 sibi
1022 2091 1213 2122 intulissent.
1245 2090 1357 2123 Differt
1382 2122 1383 2133 ,

281 2146 355 2177 ergo
380 2146 422 2166 an
447 2146 567 2177 magno
592 2136 642 2166 vel
659 2146 766 2176 parvo
790 2141 933 2176 tempore
955 2141 987 2166 te
1010 2136 1188 2167 interimas.

335 2181 388 2212 ΙΙΙ.
412 2181 463 2211 Ad
487 2181 549 2211 hoc
574 2180 687 2211 dicitur
711 2181 800 2221 quod
824 2180 909 2221 quia,
935 2187 970 2210 ut
994 2190 1030 2210 ex
1048 2179 1137 2211 dictis
1153 2179 1170 2199 *
1194 2187 1289 2220 patet,
1309 2190 1356 2210 re-

279 2225 354 2265 gula
378 2224 603 2265 temperantiae
627 2231 674 2255 est
697 2224 864 2255 necessitas
888 2224 970 2255 vitae
993 2224 1165 2264 praesentis
1197 2231 1228 2255 et
1255 2234 1356 2266 quan—

280 2276 349 2300 tum
382 2269 421 2299 ad
446 2279 512 2299 esse
544 2276 574 2300 et
600 2275 758 2310 quantum
783 2269 823 2299 ad
847 2270 928 2299 bene
952 2278 1036 2305 esse,
1062 2268 1157 2299 etiam
1187 2268 1220 2299 in
1244 2269 1355 2300 ordine

281 2314 320 2344 ad
345 2313 442 2349 a1i0s;
473 2313 498 2344 si
522 2313 595 2354 quis
619 2323 656 2344 ex
679 2313 856 2344 intentione
880 2313 1034 2344 abstineat
1058 2320 1095 2344 ut
1118 2313 1273 2344 moriatur
1301 2319 1357 2344 aut

1249 2412 1291 2419 ΑΛ

1414 1023 1607 1060 infirmetur,
1633 1031 1688 1055 aut
1718 1024 1880 1065 impotens
1904 1025 1944 1056 sit
1974 1026 2015 1056 ad
2039 1026 2144 1057 debita
2168 1026 2272 1057 officia
2295 1030 2490 1069 peragenda,

1385 1066 1387 1092 ῑ
1414 1068 1602 1099 huiusmodi
1635 1068 1825 1099 abstinentia
1859 1069 1974 1100 directe
2006 1071 2216 1102 contrariatur
2245 1073 2490 1113 temperantiae,

1414 1119 1527 1153 utpote
1551 1123 1588 1143 ex
1612 1120 1700 1153 parte
1723 1113 1850 1154 regulae
1874 1120 1905 1144 et
1928 1113 2000 1145 finis
2024 1114 2102 1146 eius.

1470 1157 1501 1188 Si
1527 1157 1599 1198 quis
1622 1167 1698 1188 vero
1719 1158 1874 1189 abstineat
1898 1165 1933 1189 ut
1956 1169 2084 1190 carnem
2109 1159 2233 1200 spiritui
2258 1159 2412 1197 subiiciat,
2438 1169 2492 1193 aut

1414 1202 1453 1232 ad
1478 1202 1710 1242 poenitentiam
1732 1213 1792 1243 pro
1816 1203 1953 1243 peccatis
1977 1204 2042 1234 suis
2059 1204 2226 1244 agendam,
2252 1211 2282 1235 et
2305 1204 2337 1235 in
2362 1205 2423 1236 hoc
2441 1215 2491 1237 ex-

1413 1247 1518 1277 cedat:
1543 1254 1600 1278 aut
1623 1247 1755 1278 advertit
1774 1257 1807 1278 se
1824 1248 1982 1284 excedere,
2007 1256 2037 1280 et
2061 1255 2153 1289 putat
2176 1259 2209 1280 se
2232 1249 2312 1280 bene
2332 1250 2450 1281 facere:
2470 1267 2492 1273 -

1384 1291 1386 1327 ξ
1414 1298 1444 1322 et
1467 1298 1544 1322 tunc
1564 1291 1677 1331 procul
1697 1291 1796 1322 dubio
1817 1300 1936 1333 peccat.
1962 1292 2190 1324 Communiter
2214 1300 2321 1324 tamen
2346 1302 2392 1326 est
2416 1305 2489 1335 pec-

1414 1342 1519 1367 catum
1544 1336 1667 1367 veniale
1696 1336 1884 1367 huiusmodi
1909 1345 2071 1368 excessus:
2095 1345 2226 1379 propter
2249 1346 2367 1370 rectam
2390 1339 2491 1370 inten-

1413 1380 1553 1417 tionem,
1585 1388 1615 1412 et
1645 1381 1831 1413 nocumenti
1862 1381 2076 1422 ignorantiam
2106 1383 2215 1424 quoad
2246 1383 2490 1415 notabilitatem.

1384 1430 1386 1432 ’
1413 1425 1668 1466 Apprehendunt
1699 1426 1785 1456 enim
1815 1434 2011 1458 nocumenta
2043 1427 2204 1468 corporis,
2235 1435 2313 1468 puta
2344 1428 2491 1459 dolorem

1413 1470 1580 1506 stomachi,
1597 1478 1666 1507 etc„
1683 1471 1772 1511 quasi
1790 1470 1879 1502 nihil.
1899 1471 1941 1502 Et
1959 1478 2049 1502 tanto
2069 1472 2142 1512 plus
2159 1479 2349 1504 excusantur
2368 1469 2490 1513 quanto

1413 1514 1529 1545 sanitas
1553 1514 1695 1555 corporis
1721 1515 1939 1546 consideratur
1965 1517 2004 1547 ab
2028 1516 2072 1547 eis
2097 1526 2163 1547 non
2188 1517 2353 1554 absolute,
2378 1518 2434 1548 sed
2457 1517 2489 1548 in

1384 1557 1386 1585 ἰ
1413 1559 1524 1590 ordine
1548 1560 1587 1589 ad
1609 1559 1773 1591 servitium
1789 1559 1928 1600 spiritus.
1952 1561 1993 1591 Et
2017 1562 2196 1592 secundum
2211 1561 2350 1593 morales
2366 1561 2491 1602 regulas

1414 1603 1440 1634 11
1456 1604 1560 1635 Ethic.
1576 1603 1605 1640 ἕ,
1630 1604 1857 1635 declinandum
1881 1612 1927 1636 est
1950 1605 1983 1636 in
2008 1615 2079 1636 eam
2103 1613 2227 1646 partem
2245 1606 2313 1638 vitii
2337 1616 2420 1648 quae
2443 1613 2491 1639 est

1413 1648 1546 1679 similior
1568 1649 1698 1679 virtuti:
1724 1656 1849 1680 constat
1873 1657 1980 1680 autem
2012 1650 2219 1682 abstinentiae
2242 1651 2344 1692 magis
2368 1650 2490 1683 assimi-

1412 1692 1468 1723 lari
1493 1692 1627 1723 nimiam
1650 1693 1874 1724 abstinentiam
1898 1704 1997 1735 quam
2017 1695 2236 1736 cempetenter
2259 1705 2292 1726 se
2313 1695 2443 1727 nutrire.
2467 1713 2489 1720 -

1413 1737 1446 1768 Si
1469 1743 1578 1768 autem
1600 1747 1666 1768 non
1687 1738 1819 1769 advertit
1843 1748 1875 1769 se
1892 1739 2051 1775 excedere,
2070 1740 2191 1770 utendo
2207 1739 2261 1770 illa
2279 1740 2379 1781 quam
2394 1739 2490 1772 habet

1412 1781 1611 1818 discretione,
1636 1782 1764 1813 nullum
1787 1790 1954 1823 peccatum
1979 1790 2036 1815 est.
2272 1794 2274 1796 ’

1467 1826 1518 1855 Ad
1534 1825 1672 1866 primam
1689 1826 1903 1857 obiectionem
1924 1827 2039 1858 dicitur
2054 1828 2144 1868 quod
2159 1829 2254 1859 verba
2272 1828 2400 1870 piarum
2419 1839 2489 1869 per-

1383 1868 1384 1909 ,
1412 1879 1564 1900 sonarum
1581 1877 1656 1901 sunt
1668 1871 1725 1910 pie
1741 1872 1996 1911 interpretanda.
2022 1872 2195 1904 Intendunt
2210 1873 2370 1914 siquidem
2386 1873 2488 1905 dicere

1411 1913 1518 1954 quod,
1544 1914 1687 1945 vacando
1711 1914 1833 1946 actibus
1857 1915 1981 1947 virtutis
2005 1923 2036 1946 et
2059 1916 2239 1948 rationabili
2263 1917 2487 1956 abstinentiae,

1411 1968 1476 1989 non
1502 1965 1614 1990 curant
1637 1958 1887 1990 diminutionem
1909 1959 2008 1991 vitae:
2034 1967 2065 1991 et
2088 1959 2120 1990 in
2145 1961 2207 1991 hoc
2230 1967 2313 1993 recte
2337 1961 2487 1994 sentiunt.

1411 2003 1451 2034 Et
1474 2013 1540 2033 non
1564 2003 1735 2034 intendunt
1758 2004 1861 2035 dicere
1885 2005 1975 2045 quod
1998 2005 2114 2036 volunt
2136 2004 2179 2036 ita
2195 2005 2352 2037 abstinere
2375 2012 2412 2037 ut
2425 2016 2488 2037 ,ιω-

1410 2047 1542 2088 ticipent
1564 2055 1713 2080 mortem.

1466 2092 1517 2123 Ad
1541 2091 1819 2124 confirmationem
1843 2093 1958 2124 dicitur
1981 2093 2070 2135 quod
2096 2093 2277 2126 auctoritati
2298 2093 2488 2136 Hieronymi

1411 2146 1477 2167 non
1494 2137 1702 2168 contrariatur
1715 2147 1889 2169 commune
1905 2137 2072 2170 iudicium.
2089 2138 2255 2176 Quoniam
2267 2138 2488 2181 Hieronymus

1410 2180 1554 2222 loquitur
1578 2182 1616 2212 de
1641 2181 1895 2213 interimentibus
1918 2182 1968 2214 vel
1991 2182 2239 2224 impedientibus
2263 2193 2297 2215 se
2325 2194 2363 2215 ex
2386 2183 2487 2216 inten-

1410 2225 1508 2261 tione,
1521 2225 1571 2256 vel
1587 2226 1780 2257 advertendo
1798 2227 1972 2258 notabilem
1989 2237 2154 2258 excessum
2170 2228 2368 2261 nocumenti.
2387 2228 2487 2260 Com-

1411 2279 1509 2300 mune
1534 2277 1642 2301 autem
1666 2270 1821 2302 iudicium
1846 2278 1931 2302 extra
1954 2271 2014 2302 hos
2038 2282 2129 2303 casus
2153 2279 2209 2304 est.

1059 2485 1273 2528 ARTICU
1282 2485 1379 2528 LUS
1411 2486 1712 2529 SECUNDUS

887 2579 1044 2610 UTRUM
1070 2579 1269 2610 IEIUNIUM
1293 2579 1361 2611 SIT

1386 2579 1530 2611 ACTUS
1553 2580 1875 2612 ABSTINENTIAE

894 2658 986 2690 Supra,
1006 2665 1050 2690 qu.
1070 2665 1106 2687 ιιι,
1126 2662 1172 2683 art.
1197 2665 1222 2688 ¹3
1242 2658 1276 2683 tv
1296 2658 1380 2687 Sent„
1401 2658 1460 2683 dist.
1480 2666 1520 2689 xv,
1540 2666 1584 2692 qu.
1604 2666 1640 2690 ιιι,
1661 2664 1708 2685 art.
1731 2667 1751 2688 1,
1771 2659 1822 2692 qu·
1845 2659 1868 2684 3.

318 2881 322 2891 4
344 2882 347 2887 ,
397 2889 408 2898 ἱ
438 2850 443 2853 ’
479 2840 598 2891 Quia
627 2857 742 2894 super
760 2845 850 2882 illud
873 2845 1008 2882 Matth.
1029 2857 1101 2883 xvu
1123 2847 1156 2893 *,
1180 2846 1271 2882 Hoc
1288 2858 1354 2896 ge-

339 2923 345 2929 .
373 2897 429 2924 ’Ὗ
453 2887 566 2935 nus
594 2898 882 2935 daemoniorum
913 2906 1006 2946 etc.,
1037 2898 1126 2936 dicit
1163 2898 1354 2948 Hierony-

284 2950 422 2988 mus*:
455 2951 645 2988 Ieiunium
674 2957 728 2988 est
755 2964 828 2988 non
864 2952 986 2988 solum
1021 2953 1071 2989 ab
1099 2954 1210 2999 escis,
1238 2953 1304 2990 sed
1329 2965 1354 2990 a

282 3004 423 3041 cunctis
451 3004 632 3042 illecebris
660 3005 847 3042 abstinere
866 3010 894 3042 ².
926 3006 1002 3042 Sed
1022 3006 1097 3042 hoc
1116 3005 1278 3055 pertinet
1305 3006 1354 3043 ad

284 3070 441 3094 omnem
472 3059 668 3095 virtutem.
708 3059 810 3106 Ergo
840 3058 1023 3096 ieiunium
1053 3071 1132 3096 non
1166 3066 1222 3096 est
1250 3067 1355 3096 actus

284 3110 493 3160 specialiter
521 3111 781 3148 abstinentiae.

339 3176 373 3201 2.
396 3165 630 3213 PRAETEREA,
652 3165 860 3213 Gregorius
881 3165 981 3213 dicit,
1002 3165 1039 3202 in
1060 3166 1234 3203 Homilia
1255 3166 1354 3208 Qua-

284 3218 523 3267 dragesimae
540 3218 572 3265 ²⁸,
603 3219 708 3267 quod
737 3218 922 3255 ieiunium
942 3219 1271 3268 quadragesimale
1301 3227 1357 3257 est

286 3270 435 3307 decima
462 3272 576 3309 totius
605 3271 706 3309 anni.
737 3272 815 3309 Sed
845 3272 934 3309 dare
965 3272 1133 3310 decimas
1167 3281 1223 3310 est
1252 3280 1356 3310 actus

287 3323 486 3371 religionis,
507 3333 547 3361 ut
576 3337 691 3374 supra
709 3324 729 3346 ²¹⁸
756 3325 929 3362 habitum
950 3333 1017 3363 est.
1048 3327 1151 3374 Ergo
1172 3326 1355 3364 ieiunium

288 3384 342 3413 est
371 3383 475 3413 actus
504 3378 705 3426 religionis,
736 3386 772 3415 et
801 3391 878 3415 non
908 3379 1168 3416 abstinentiae.

343 3431 376 3466 3.
406 3430 648 3478 ΡκΑετΕιιΕΑ,
678 3432 903 3469 abstinentia
942 3440 997 3470 est
1024 3445 1112 3481 pars
1140 3441 1356 3482 temperan—

286 3482 369 3529 tiae,
399 3490 439 3519 ut
470 3482 612 3520 dictum
642 3492 697 3521 est
716 3485 747 3521 *.
778 3485 1052 3534 Temperantia
1077 3494 1205 3523 autern
1226 3494 1356 3523 contra

341 3615 367 3647 α)
387 3615 529 3641 abstinere.
544 3629 562 3634 —
581 3615 742 3640 abstinentia
763 3616 833 3641 PGa.

1380 2785 1382 2788 y
1408 2738 1668 2776 fortitudinem
1689 2738 1880 2786 dividitur,
1901 2740 1951 2778 ad
1973 2752 2091 2789 quam
2110 2741 2271 2790 pertinet
2290 2742 2485 2780 molestias

1380 2790 1382 2802 ⁸
1410 2792 1615 2830 sustinere:
1645 2793 1752 2840 quod
1782 2793 1950 2831 maxime
1969 2794 2122 2832 videtur
2151 2807 2233 2832 esse
2262 2795 2300 2833 in
2327 2795 2482 2833 ieiunio.

1409 2847 1511 2894 Ergo
1541 2845 1727 2883 ieiunium
1755 2858 1835 2884 non
1864 2855 1920 2884 est
1948 2855 2054 2885 actus
2083 2848 2342 2886 abstinentiae.

1462 2900 1537 2936 San
1567 2911 1714 2937 coum
1743 2911 1810 2937 1-:sr
1829 2901 1936 2948 quod
1957 2901 2126 2939 Isidorus
2146 2901 2234 2939 dicit
2253 2902 2274 2925 ¹⁸
2301 2902 2408 2952 quod
2434 2902 2483 2940 ie-

1409 2953 1554 2990 iunium
1592 2958 1646 2990 est
1666 2953 1906 3002 parsimonia
1939 2955 2075 3002 victus,
2105 2955 2401 3005 abstinentiaque
2433 2956 2483 2993 ci-

1410 3007 1557 3043 borum.

1463 3060 1693 3097 Respounno
1714 3072 1901 3098 DlCENDUM
1930 3061 2036 3109 quod
2065 3061 2203 3099 eadem
2240 3069 2296 3098 est
2323 3062 2483 3100 materia

1381 3113 1560 3150 =habitus
1597 3121 1635 3150 et
1672 3121 1790 3151 actus.
1829 3114 1941 3152 Unde
1977 3114 2104 3152 omnis
2147 3122 2254 3152 actus
2289 3114 2483 3153 virtuosus

1410 3166 1475 3215 qui
1505 3174 1562 3204 est
1589 3166 1689 3204 circa
1716 3166 1883 3216 aliquam
1912 3167 2126 3215 materiam,
2156 3167 2206 3205 ad
2233 3167 2336 3205 illam
2365 3169 2483 3206 virtu·

1410 3227 1487 3257 tem
1517 3220 1678 3269 pertinet
1706 3233 1806 3269 quae
1835 3220 2008 3258 medium
2038 3220 2076 3258 in
2103 3220 2166 3258 illa
2200 3221 2360 3259 materia
2394 3234 2483 3260 con-

1411 3273 1538 3311 stituit.
1580 3274 1768 3317 Ieiunium
1807 3281 1935 3311 autem
1974 3273 2179 3311 attenditur
2216 3274 2254 3312 in
2292 3275 2405 3322 cibis,
2444 3275 2483 3313 in

1411 3326 1550 3375 quibus
1579 3327 1753 3364 medium
1783 3326 1980 3364 adinvenit
1998 3327 2237 3365 abstinentia.
2268 3328 2380 3365 Unde
2400 3340 2481 3366 ma·

1383 3422 1384 3430 χ
1412 3380 1591 3418 nifestum
1612 3387 1667 3417 est
1686 3380 1791 3429 quod
1811 3379 1994 3418 ieiunium
2017 3388 2072 3417 est
2091 3381 2343 3419 abstinentiae
2363 3390 2480 3419 actus.

1464 3435 1523 3470 An
1553 3444 1690 3470 ptumum
1719 3444 1818 3470 ano
1846 3444 2033 3470 montanum
2062 3434 2167 3482 quod
2187 3434 2370 3472 ieiunium
2393 3447 2480 3484 pro·

1410 3485 1490 3534 prie
1520 3485 1664 3523 dictum
1694 3485 1862 3523 consistit
1890 3486 1927 3523 in
1956 3486 2182 3525 abstinendo
2211 3500 2233 3525 a
2263 3488 2367 3525 cibis.
2405 3489 2480 3526 Sed

2517 1610 2606 1661 icit.
2615 1618 2681 1661 τεεί·
2690 1619 2731 1661 3,·,ῑ

2512 2925 2521 2934 ·
2529 2922 2676 2952 amotus.
2683 2923 2726 2949 νι.

2511 2955 2562 2977 cap.
2578 2956 2626 2973 xix.
