2768 4198
50 713 115 734 Ἀη.
123 711 228 738 unic.‚ad
238 711 258 733 6.

47 1202 246 1253 &ettam
254 1219 260 1256 ;

48 1255 115 1279 Dm
125 1255 236 1278 nendo.

0 2024 1 2029 Α
0 1678 15 2003 W'WWW
0 1609 5 1654 τ’*
4 1575 5 1578 Α

154 2226 186 2242 tx.
201 2231 212 2237 -
227 2220 263 2242 Ct.

0 2257 4 2275 ,ι
50 2221 153 2270 :leugis
186 2247 264 2274 Beat„

50 2280 101 2303 oep.
115 2280 163 2296 xvi.

51 2331 248 2361 ‘An-3¹43.

141 3027 178 3049 ιιι,
186 3027 209 3043 ιι.
218 3021 248 3043 18.
257 3033 265 3037 -

153 3048 206 3070 lect.
221 3054 253 3070 ix.

53 3021 139 3071 ὲῗῖῑίι.

2 3375 3 3378 ¹
56 3345 67 3356 ⁸
78 3344 149 3372 lbid„
163 3350 187 3366 n.
201 3350 234 3372 ¹9·

0 4057 8 4198 v-w—-s—
0 3885 7 4050 an-v
0 3872 5 3878 .

930 268 1202 314 QUAESTIO
1232 268 1411 315 CXXIX,
1442 267 1742 304 ARTICULUS
1771 267 1855 304 VIII
2446 266 2494 312 69

289 351 392 382 batur.
409 348 566 381 Securitas
579 354 626 379 est
641 347 803 387 expulsiva
819 347 1058 387 desperationis,
1072 354 1108 378 ut
1121 347 1266 377 Thomas
1280 347 1365 378 dicit.
1392 363 1393 389 ;

288 394 374 435 Ergo
397 392 565 434 quodlibet
587 392 768 423 virtuosum
800 393 888 433 quod
914 391 1041 432 expellit
1065 402 1151 427 eam,
1177 398 1223 422 est
1249 392 1364 422 securi·
1391 405 1393 411 ¹

288 445 346 469 tas.
370 455 391 460 -
415 437 522 469 Minor
546 437 708 477 probatur.
741 436 826 474 Quia
850 436 993 477 implicat
1016 437 1105 477 quod
1130 436 1244 478 aliquis
1269 436 1365 467 simul

289 481 427 513 confidat
451 489 482 512 et
505 481 659 521 desperet.

347 526 483 564 Quarto.
509 526 625 557 Omnis
649 535 721 565 pars
738 525 1007 565 magnanimitatis
1031 532 1077 556 est
1101 526 1150 556 vel
1175 525 1299 561 fiducia,
1315 526 1365 555 vel

289 570 531 611 magnificentia,
546 570 599 600 vel
623 569 783 610 patientia,
799 570 849 600 vel
869 570 1108 610 perseverantia.
1134 570 1195 600 Sed
1216 570 1365 600 securitas

288 615 367 647 nihil
383 615 521 645 aliorum
545 614 641 645 trium
666 621 722 645 est.
748 615 833 654 Ergo
850 622 896 645 est
920 614 1044 645 fiducia.
1062 633 1081 637 —
1098 615 1200 645 Maior
1224 622 1270 645 est
1285 614 1365 645 Tul-

287 660 332 697 lii,
349 666 473 700 recepta
497 670 514 689 a
538 660 631 690 beato
656 659 796 690 Thoma.
1062 658 1066 660 ’

347 704 479 742 Quinto,
511 704 587 745 quia
616 710 744 734 sanctus
772 704 931 740 Thomas,
957 704 988 733 in
1013 714 1068 744 qu.
1087 714 1200 734 cxxvm
1216 704 1247 739 *,
1273 703 1364 734 dicit:

288 749 513 786 Securitatem,
533 759 630 790 quam
650 750 744 788 ponit
766 749 965 786 Macrobius,
982 748 1220 788 comprehendit
1240 748 1366 778 Tullius

287 794 346 824 sub
359 794 511 835 fiducia;
533 793 591 824 sed
613 793 801 824 Macrobius
818 803 882 833 per
901 794 1008 834 magis
1030 794 1183 833 specialia
1206 793 1364 823 distinxit.

287 838 374 878 Ergo
404 837 519 869 fiducia
550 845 597 870 est
627 838 773 878 superius
797 838 835 867 ad
860 838 1070 868 securitatem.
1104 838 1178 868 Non
1207 837 1267 868 fuit
1290 847 1365 877 ergo

288 882 512 922 distinguenda
536 883 686 913 securitas
710 889 820 913 contra
844 881 1005 914 fiduciam.

343 927 452 959 Sexto.
474 927 630 958 Securitas
654 934 710 958 aut
733 927 807 958 dicit
824 935 931 958 actum
948 927 1144 963 intellectuS,
1174 933 1229 956 aut
1251 926 1366 956 volun-

286 971 369 1003 tatis.
394 972 427 1003 Si
450 972 633 1008 voluntatis,
658 979 713 1002 aut
730 979 776 1003 est
791 972 904 1003 volitio
921 971 1070 1012 simplex,
1095 978 1151 1001 aut
1169 970 1365 1010 imperativa.

287 1016 320 1047 Si
345 1017 543 1053 secundum,
568 1017 637 1057 ipsa
668 1027 734 1047 non
759 1024 805 1047 est
834 1016 980 1047 distincta
1010 1026 1026 1045 a
1058 1014 1302 1056 magnificentia.
1334 1014 1366 1044 Si

287 1060 448 1102 primum,
474 1072 549 1092 cum
574 1068 727 1092 connotet
755 1071 792 1091 ex
821 1068 909 1101 parte
936 1060 1114 1091 intellectus
1144 1060 1366 1090 certitudinem

286 1107 463 1147 quandam,
489 1106 532 1137 sic
557 1113 603 1137 est
627 1106 738 1136 eadem
763 1105 839 1146 spei.
863 1123 885 1128 —
909 1105 941 1135 Si
965 1112 1073 1135 autem
1098 1104 1137 1134 sit
1161 1110 1249 1134 actus
1272 1103 1366 1133 intel-

286 1151 402 1188 lectus,
426 1162 492 1182 non
517 1151 642 1182 videtur
665 1161 733 1181 esse
757 1150 816 1180 nisi
840 1149 1007 1180 certitudo.
1033 1150 1073 1179 Et
1096 1149 1158 1179 hoc
1182 1148 1366 1178 dicebamus

287 1205 355 1226 esse
379 1203 590 1227 connotatum
614 1205 670 1236 per
691 1194 842 1225 fiduciam
857 1194 883 1225 *.

345 1241 381 1272 II.
407 1241 457 1271 Ad
482 1241 543 1271 hoc
567 1240 702 1271 dubium
727 1239 841 1270 dicitur
870 1238 959 1279 quod
984 1237 1133 1268 securitas
1157 1236 1279 1276 optime
1308 1247 1365 1276 po-

289 1285 374 1316 nitur
398 1286 480 1316 ultra
502 1285 664 1317 fiduciam.
688 1285 729 1315 Et
753 1294 827 1314 cum
852 1283 976 1319 dicitur,
1000 1282 1124 1312 Habita
1138 1281 1285 1322 fiducia,
1310 1282 1366 1312 ha-

286 1331 382 1361 betur
395 1331 486 1371 quies
508 1340 528 1360 a
545 1331 681 1360 timore:
705 1328 915 1368 respondetur
939 1326 1115 1367 dupliciter.
1141 1326 1248 1356 Primo
1265 1326 1365 1366 quod,

289 1385 364 1406 cum
387 1385 459 1415 spes
483 1374 522 1405 sit
545 1375 584 1404 de
608 1374 696 1404 bono
720 1380 751 1403 et
773 1373 871 1403 timor
897 1372 936 1402 de
961 1371 1067 1407 malo,
1091 1377 1214 1411 quanto
1245 1369 1367 1401 firmior

287 1426 334 1451 est
358 1429 430 1459 spes
453 1419 587 1449 alicuius
611 1418 698 1454 boni,
715 1424 805 1448 tanto
822 1417 929 1447 minor
943 1423 990 1446 est
1005 1416 1103 1446 timor
1119 1415 1260 1455 oppositi
1278 1415 1365 1453 mali,

289 1464 351 1495 boc
370 1471 427 1500 est,
445 1463 630 1504 privationis
654 1472 710 1493 seu
734 1461 890 1493 carentiae
913 1461 998 1491 illius
1022 1460 1114 1490 boni:
1147 1467 1178 1490 et
1205 1460 1295 1500 quod
1319 1470 1366 1490 ra-

287 1509 376 1541 tione
398 1507 576 1548 negationis
599 1507 677 1538 boni
701 1506 826 1547 sperati,
852 1516 917 1536 non
933 1512 1062 1546 oportet
1086 1514 1205 1545 ponere
1229 1505 1311 1535 ultra
1331 1503 1366 1534 fi-

288 1552 416 1584 duciam
440 1552 656 1588 securitatem,
687 1551 741 1582 sed
766 1551 888 1582 ratione
911 1550 1049 1581 aliorum
1075 1549 1245 1580 malorum.
1270 1549 1366 1579 Verbi

286 1597 396 1639 gratia,
419 1597 452 1628 in
477 1596 607 1628 materia
630 1595 825 1627 fortitudinis
849 1595 981 1636 ponitur
996 1594 1112 1625 fiducia
1129 1594 1252 1626 ratione
1267 1594 1367 1624 victo-

1420 347 1494 384 riae,
1520 355 1551 378 et
1574 357 1641 378 non
1666 354 1793 387 oportet
1816 356 1935 387 ponere
1955 345 2155 376 securitatem
2180 351 2323 385 respectu
2349 344 2498 384 privatio-

1420 391 1469 422 nis
1492 392 1661 423 victoriae:
1686 392 1741 422 sed
1758 391 1889 432 ponitur
1904 390 2052 421 securitas
2069 396 2214 430 respectu
2232 389 2391 419 malorum
2416 399 2497 430 quae

1420 436 1606 467 sustinenda
1628 436 1807 472 imminent,
1831 443 1908 476 puta
1922 435 2102 470 vulnerum,
2121 441 2178 465 etc.
2203 434 2244 464 Et
2268 434 2311 464 sic
2335 432 2451 464 fiducia
2468 442 2498 464 et

1420 481 1569 512 securitas
1594 488 1760 521 ponuntur
1784 487 1927 521 respectu
1953 479 2152 510 diversorum
2176 478 2388 509 obiectorum.

1476 525 1600 556 Dicitur
1624 525 1834 555 nihilominus
1864 525 2023 560 secundo,
2048 525 2136 565 quod
2166 530 2212 554 est
2243 523 2302 553 alia
2332 523 2498 553 necessitas

1420 570 1561 610 ponendi
1590 577 1760 610 utramque
1784 580 1820 600 ex
1844 577 1932 610 parte
1957 569 2151 599 diversarum
2182 567 2380 608 passionum.
2414 568 2497 597 Nam

1391 606 1393 634 ¹3
1419 613 1536 645 fiducia
1550 614 1676 655 respicit
1691 624 1792 654 spem.
1813 614 1962 645 securitas
1981 613 2146 644 timorem:
2174 620 2204 643 et
2227 618 2355 652 oportet
2379 619 2497 642 utram-

1420 669 1483 700 que
1514 659 1696 698 passionem
1726 659 1840 689 habere
1870 658 2037 699 proprium
2062 657 2311 689 rectificativum.
2344 656 2436 687 Unde
2461 666 2498 687 ex

1421 704 1481 734 hoc
1513 704 1584 743 ipso
1609 704 1698 744 quod
1728 702 1843 734 fiducia
1873 703 1954 743 parit
1977 703 2195 738 securitatem,
2222 701 2400 732 ostenditur
2431 711 2497 731 non

1420 747 1631 788 superfluitas,
1656 758 1722 778 non
1747 748 1903 784 identitas,
1919 748 1974 778 sed
1991 747 2238 778 concomitantia
2255 753 2398 786 respectu
2416 746 2497 776 eius-

1421 793 1504 829 dem,
1530 793 1553 822 si
1580 800 1784 823 concurrunt.

1477 837 1582 867 Prima
1605 844 1712 868 tamen
1743 837 1926 876 responsio,
1953 847 2034 877 quae
2070 836 2245 877 categorica
2276 842 2338 871 est,
2371 834 2495 866 sufficit.

1421 882 1586 919 Quoniam
1611 882 1749 912 ostendit
1779 882 1867 922 quod
1892 881 1924 911 in
1949 881 2079 911 diversis
2108 880 2326 920 passionibus,
2351 886 2495 920 respectu

1420 926 1620 956 diversorum
1643 926 1843 956 obiectorum
1868 925 2066 964 partialium,
2092 931 2219 966 oportet
2246 934 2366 964 ponere
2390 924 2497 964 plures

1421 971 1538 1000 modos
1562 980 1617 1000 seu
1643 969 1843 1000 conditiones
1866 970 2033 1000 virtuosas.

1476 1015 1517 1044 Et
1540 1024 1596 1054 per
1619 1014 1681 1044 hoc
1705 1021 1791 1053 patet
1814 1013 1933 1044 solutio
1957 1014 2098 1045 secundi.

1478 1059 1528 1088 Ad
1549 1060 1677 1089 tertium
1698 1058 1813 1088 dicitur
1836 1058 1923 1098 quod
1947 1058 2049 1088 maior
2066 1065 2111 1088 est
2136 1057 2316 1088 falsissima:
2343 1068 2398 1088 nec
2423 1067 2496 1097 pro-

1420 1103 1507 1133 batio
1532 1102 1651 1143 aliquid
1675 1102 1877 1142 apparentiae
1901 1102 2004 1132 habet.

1478 1148 1528 1177 Ad
1552 1152 1717 1187 quartum,
1735 1147 1807 1177 licet
1830 1146 1931 1187 possit
1948 1146 2053 1187 negari
2070 1147 2182 1182 maior,
2207 1146 2280 1186 quia
2306 1154 2409 1186 partes
2425 1146 2496 1177 illae

1422 1199 1496 1222 sunt
1519 1192 1641 1232 positae
1668 1198 1812 1231 respectu
1840 1191 2055 1227 fortitudinis,
2084 1201 2149 1220 non
2178 1190 2447 1230 magnanimitatis
2463 1191 2495 1226 *;

1421 1243 1527 1277 potest
1551 1243 1656 1266 tamen
1679 1236 1750 1272 dici,
1769 1242 1804 1266 ut
1827 1236 1867 1265 ad
1890 1237 2054 1276 quintum,
2080 1235 2169 1276 quod
2185 1235 2334 1265 securitas
2352 1245 2496 1275 compre-

1421 1281 1518 1311 hensa
1543 1288 1589 1311 est
1613 1281 1672 1311 sub
1696 1280 1829 1310 fiduciae
1853 1280 1994 1316 nomine,
2012 1290 2078 1310 non
2102 1280 2191 1320 quod
2216 1279 2364 1310 securitas
2389 1279 2428 1309 sit
2451 1279 2495 1309 in-

1421 1325 1517 1356 ferius
1541 1332 1684 1365 respectu
1709 1324 1844 1355 fiduciae
1868 1323 1956 1366 (quia
1981 1324 2097 1355 fiducia
2122 1331 2168 1354 est
2191 1324 2282 1360 boni,
2308 1323 2456 1354 securitas
2481 1334 2497 1354 a

1421 1368 1538 1411 malo):
1564 1370 1618 1400 sed
1634 1376 1765 1410 propter
1782 1369 2064 1400 concomitantiam
2090 1369 2261 1399 earundem
2279 1375 2421 1408 respectu
2441 1378 2497 1408 op-

1420 1415 1611 1455 positorum.
1644 1414 1801 1444 Securitas
1825 1414 1910 1444 enirn
1934 1424 1952 1443 a
1976 1414 2061 1443 malo
2086 1413 2194 1454 aliquo
2219 1412 2311 1443 infert
2335 1413 2497 1453 quandam

1420 1459 1568 1490 fiduciam
1595 1459 1633 1489 de
1658 1460 1745 1489 bono
1770 1458 1934 1499 opposito,
1959 1465 1990 1488 et
2013 1468 2029 1488 e
2054 1465 2173 1488 contra.

1476 1505 1526 1534 Ad
1550 1509 1677 1535 sextum
1703 1503 1818 1534 dicitur
1847 1503 1937 1544 quod
1962 1502 2110 1533 securitas
2143 1512 2200 1533 nec
2225 1510 2271 1532 est
2294 1509 2382 1533 actus
2407 1502 2497 1532 intel—

1419 1549 1519 1580 lectus
1544 1558 1601 1579 nec
1625 1548 1815 1579 voluntatis:
1849 1548 1903 1578 sed
1927 1555 1974 1578 est
1998 1547 2029 1577 in
2054 1546 2200 1578 irascibili
2226 1546 2352 1577 habitus
2377 1546 2497 1587 quieta—

1420 1593 1504 1624 tivus
1528 1604 1546 1624 a
1569 1593 1695 1624 timore.

1077 1774 1400 1817 ARTICULUS
1430 1773 1707 1816 OCTAVUS

707 1879 864 1911 UTRUM
887 1878 1007 1909 BONA
1031 1877 1270 1922 FORTuNAE
1296 1876 1563 1908 CONFERANT
1587 1876 1646 1906 AD
1671 1875 2076 1907 MAGNANIMlTATEM

1255 1965 1289 1990 IV
1309 1964 1406 1995 Ethic.,
1425 1965 1484 1990 lect.
1503 1972 1537 1989 ix.

330 2071 387 2111 *Ἧι
409 2073 482 2118 23<
505 2069 528 2093 D
549 2067 724 2093 oc‘rAthM
743 2067 797 2092 Slc
817 2066 1060 2092 PROCEDITUR.
1077 2053 1239 2100 Videtur
1259 2053 1364 2102 quod

337 2098 481 2169 Ἂῗζῇ
506 2111 610 2147 bona
647 2110 823 2146 fortunae
861 2120 940 2145 non
979 2107 1176 2144 conferant
1204 2106 1254 2144 ad
1284 2119 1365 2144 ma-

310 2162 344 2208 ’,,’
374 2178 431 2207 ¹⁷,
454 2168 474 2203 ἦ
488 2160 809 2212 gnanimitatem.
840 2162 942 2209 Quia
970 2169 1012 2198 ut
1032 2162 1180 2198 Seneca
1205 2160 1305 2206 dicit,
1327 2159 1366 2197 in

313 2207 323 2217 ”
350 2231 358 2239 Χ
372 2209 446 2246 ”’ὲῗῆ>
462 2207 493 2251 K
506 2217 602 2254 libro
630 2217 677 2253 de
703 2217 772 2252 Ira
786 2215 817 2262 ²⁵²,
847 2215 966 2251 virtus
993 2215 1066 2251 sihi
1081 2214 1273 2262 sufficiens
1301 2219 1364 2250 est.

292 2384 380 2414 runt
407 2376 456 2413 ad
483 2376 852 2425 magnanimitatem.

347 2442 382 2467 2.
413 2431 656 2477 PRAETEREA‚
694 2431 819 2467 nullus
852 2428 1045 2466 virtuosus
1075 2429 1286 2466 contemnit
1321 2441 1367 2465 ea

291 2483 432 2533 quibus
461 2483 624 2521 iuvatur.
666 2484 744 2521 Sed
773 2483 1046 2531 magnanimus
1075 2483 1287 2520 contemnit
1321 2495 1367 2519 ea

292 2549 391 2587 quae
406 2538 596 2586 pertinent
610 2537 660 2575 ad
676 2537 903 2574 exteriorem
924 2537 1137 2574 fortunam:
1155 2536 1243 2573 dicit
1263 2536 1365 2573 enirn

292 2590 455 2639 Tullius,
486 2591 524 2628 in
546 2593 559 2628 I
580 2592 626 2628 de
649 2591 759 2640 Offic.
775 2590 806 2637 *‚
837 2590 943 2639 quod
963 2602 1130 2641 magnus
1157 2590 1309 2627 animus
1329 2590 1366 2627 in

292 2651 540 2682 externarum
563 2650 579 2666 ‘²
622 2657 751 2682 rerum
789 2644 1028 2692 despicientia
1066 2644 1365 2681 commendatur.

293 2699 397 2747 Ergo
433 2698 728 2747 magnanimitas
762 2710 841 2734 non
870 2697 1074 2735 adiuvatur
1102 2710 1124 2734 a
1153 2697 1265 2734 bonis
1293 2698 1367 2734 for-

292 2760 419 2789 tunae.

348 2807 383 2843 3.
413 2806 650 2852 PRAETEREA,
681 2804 823 2841 ibidem
854 2805 1003 2841 Tullius
1033 2804 1160 2841 subdit
1189 2804 1295 2853 quod
1318 2804 1367 2841 ad

293 2871 480 2908 magnum
527 2859 700 2896 animum
725 2856 740 2887 β
778 2858 940 2907 pertinet
977 2870 1022 2895 ea
1060 2869 1158 2906 quae
1194 2858 1396 2897 videntur,

293 2914 432 2951 acerba
461 2914 512 2950 ita
527 2914 644 2962 ferre
673 2918 714 2948 ut
731 2912 824 2949 nihil
841 2924 866 2949 α
884 2917 982 2949 statu
1002 2917 1164 2948 naturae
1191 2911 1366 2958 discedat,
1395 2919 1396 2923 ’

294 2967 387 3004 nihil
413 2979 438 3004 a
466 2967 649 3017 dignitate
675 2966 863 3014 sapientis.
895 2966 944 3002 Et
963 2965 1188 3002 Aristoteles
1208 2965 1309 3011 dicit,
1330 2965 1368 3002 in
1395 2972 1397 2983 ³

1474 2052 1704 2089 Responnsso
1730 2063 1918 2089 mcaubum
1938 2052 2056 2100 quod,
2078 2052 2175 2088 sicut
2195 2064 2241 2089 ex
2262 2065 2376 2101 supra
2391 2053 2411 2074 ’¹‘
2442 2054 2495 2091 di·
2523 2065 2532 2075 ·

1422 2105 1488 2142 ctis
1517 2113 1632 2154 patet,
1663 2105 1960 2153 magnanimitas
1982 2106 2031 2142 ad
2051 2104 2129 2142 duo
2160 2105 2328 2155 respicit:
2359 2107 2407 2144 ad
2427 2108 2495 2144 ho-

1422 2170 1557 2196 norem
1587 2159 1745 2208 quidem
1775 2158 1871 2195 sicut
1900 2158 1948 2195 ad
1977 2159 2198 2205 materiam;
2229 2159 2324 2196 sed‘
2353 2161 2401 2197 ad
2431 2161 2496 2198 ali-

1421 2211 1515 2262 quid
1553 2224 1738 2260 magnum
1775 2212 2016 2261 operandum
2055 2211 2151 2249 sicut
2184 2212 2233 2249 ad
2261 2213 2393 2250 finem.
2434 2215 2495 2252 Ad

293 2270 371 2308 Sed
400 2269 696 2318 magnanimitas
724 2268 812 2306 facit
840 2280 978 2305 omnes
1005 2268 1165 2305 virtutes
1191 2279 1365 2315 magnas,
1391 2254 1394 2294 !

291 2331 335 2362 ut
362 2323 506 2360 dictum
536 2331 592 2360 est
605 2323 636 2360 ²¹².
667 2323 770 2371 Ergo
801 2323 904 2359 bona
934 2322 1108 2359 fortunae
1138 2333 1216 2358 non
1237 2321 1366 2358 confe-
1392 2328 1394 2339 ⁵

1392 2374 1394 2404 ἕ
1421 2373 1674 2422 sapientibus,
1711 2374 1779 2411 sed
1809 2374 1922 2411 etiam
1954 2386 1975 2410 a
2005 2373 2247 2411 multitudine
2277 2374 2495 2419 exhibetur,

1423 2274 1629 2314 utrumque
1666 2274 1795 2303 autem
1824 2266 1986 2303 istorum
2019 2266 2123 2303 bona
2151 2266 2325 2303 fortunae
2356 2279 2495 2316 coope-

1422 2327 1563 2356 rantur.
1595 2319 1695 2366 Quia
1724 2319 1826 2357 enim
1856 2321 1983 2357 honor
2011 2320 2190 2357 virtuosis
2219 2333 2298 2357 non
2327 2321 2453 2358 solum
2475 2334 2496 2358 a

1421 2439 1520 2476 quae
1550 2427 1719 2464 maxima
1747 2435 1898 2476 reputat
1925 2427 2147 2464 huiusmodi
2178 2428 2365 2464 exteriora
2395 2429 2497 2466 bona

1422 2481 1617 2526 fortunae;
1647 2481 1689 2517 fit
1720 2493 1764 2517 ex
1794 2481 2044 2531 consequenti
2064 2489 2106 2518 ut
2125 2482 2173 2518 ab
2203 2481 2257 2518 eis
2285 2481 2409 2518 maior
2427 2483 2496 2519 ho-

1424 2547 1495 2572 nor
1525 2534 1749 2571 exhibeatur
1776 2535 1834 2571 his
1859 2535 1999 2584 quibus
2019 2534 2158 2572 adsunt
2187 2535 2372 2572 exteriora
2393 2536 2498 2573 bona

1422 2589 1608 2626 fortunae.
1650 2587 1829 2625 Similiter
1857 2588 1971 2626 etiam
2000 2588 2049 2625 ad
2078 2596 2184 2625 actus
2221 2589 2405 2625 virtutum
2437 2602 2496 2626 or-

1394 2644 1395 2649 ’
1422 2642 1555 2691 ganice
1584 2644 1687 2679 bona
1715 2642 1892 2679 fortunae
1922 2641 2160 2679 deserviunt:
2191 2642 2279 2690 quia
2306 2654 2376 2688 per
2404 2642 2497 2679 divi-

1422 2697 1492 2733 tias
1517 2703 1554 2732 et
1573 2695 1785 2744 potentIam
1802 2694 1814 2720 t
1843 2703 1880 2732 et
1909 2695 2055 2732 amieos
2075 2696 2187 2732 datur
2206 2695 2317 2732 nobis
2338 2696 2496 2732 facultas

1424 2749 1609 2799 operandi
1627 2749 1658 2786 *.
1698 2750 1746 2786 Et
1775 2749 1863 2786 ideo
1892 2749 2137 2786 manifestum
2168 2757 2223 2785 est
2259 2750 2365 2798 quod
2394 2750 2497 2786 bona

1426 2805 1597 2841 fortunae
1627 2803 1829 2839 conferunt
1857 2803 1905 2840 ad
1934 2802 2302 2851 magnanimitatem.

1477 2859 1536 2894 An
1566 2867 1704 2893 ramum
1733 2868 1832 2893 ERGO
1858 2868 2045 2894 DlCENDUM
2066 2856 2172 2905 quod
2191 2856 2311 2893 virtus
2331 2855 2402 2893 sibi
2422 2856 2498 2892 suf-

1425 2911 1557 2948 ficiens
1587 2922 1670 2946 esse
1700 2909 1844 2956 dicitur,
1876 2910 1966 2958 quia
1994 2910 2075 2947 sine
2104 2910 2162 2946 his
2192 2910 2307 2947 etiam
2338 2910 2497 2946 exterio-

1426 2965 1530 3001 ribus
1559 2963 1670 3000 bonis
1700 2976 1783 3000 esse
1811 2971 1947 3012 potest.
1979 2963 2125 3012 Indiget
2152 2972 2282 3000 tamen
2310 2963 2368 3000 his
2398 2971 2498 3000 exte-

295 3021 348 3058 IV
373 3021 495 3058 Ethic.
511 3020 542 3068 ³⁸,
573 3019 680 3069 quod
707 3019 979 3070 magnanimus
999 3019 1035 3055 in
1057 3018 1273 3066 infortuniis
1292 3031 1367 3055 non
1395 3023 1398 3063 ᾗ
1426 3017 1587 3055 rioribus
1617 3017 1726 3054 bonis
1755 3017 1805 3053 ad
1834 3018 1908 3054 hoc
1938 3018 2044 3065 quod
2075 3017 2286 3068 expeditius
2306 3025 2496 3066 operetur.

294 3079 350 3111 est
374 3075 498 3111 tristis.
539 3075 616 3112 Sed
645 3074 784 3110 acerba
813 3081 850 3110 et
877 3072 1082 3109 infortunia
1120 3079 1370 3121 opponuntur

295 3127 407 3165 bonis
426 3128 619 3165 fortunae:
651 3127 812 3175 quilibet
830 3134 960 3164 autem
976 3131 992 3154 Υ
1021 3126 1186 3163 tristatur
1211 3125 1259 3162 de
1280 3125 1369 3162 sub-

1478 3074 1537 3108 An
1567 3083 1759 3108 SECUNDUM
1788 3082 1974 3109 ulcENDUM
2003 3071 2110 3120 quod
2139 3070 2407 3118 magnanimus
2437 3083 2498 3107 ex-

1425 3125 1564 3162 teriora
1592 3125 1698 3161 bona
1727 3124 1952 3172 contemnit,
1983 3125 2212 3173 inquantum
2242 3136 2321 3160 non
2351 3132 2499 3173 reputat

295 3181 478 3219 tractione
513 3193 647 3219 eorum
677 3181 817 3229 quibus
845 3180 1009 3217 iuvatur.
1049 3180 1152 3228 Ergo
1183 3179 1369 3216 exteriora
1396 3185 1398 3219 I
1427 3191 1472 3216 ea
1500 3191 1641 3226 magna
1667 3178 1782 3225 bona,
1813 3190 1883 3227 pro
1904 3178 2044 3226 quibus
2073 3178 2211 3215 debeat
2230 3177 2373 3226 aliquid
2392 3178 2497 3215 inde-

297 3235 401 3272 bona
418 3235 594 3272 fortunae
614 3247 694 3272 non
715 3235 917 3271 conferunt
937 3233 985 3271 ad
1001 3233 1368 3281 magnanimitatem.
1396 3222 1399 3265 I

1427 3285 1522 3322 mnit
1550 3297 1611 3331 ea,
1643 3284 1736 3333 quin
1764 3292 1913 3334 reputet
1943 3297 1987 3322 ea
2015 3284 2119 3321 utilia
2148 3284 2196 3321 ad
2226 3296 2325 3333 opus
2353 3285 2500 3322 virtutis

352 3289 427 3325 SED
456 3300 603 3326 CONTRA
631 3300 698 3325 EsT
726 3288 832 3336 quod
852 3287 1111 3336 Philosophus
1132 3286 1233 3334 dicit,
1258 3286 1298 3323 in
1318 3286 1370 3323 IV

295 3341 417 3378 Ethic.
432 3341 465 3389 ²¹²,
495 3342 600 3390 quod
627 3343 750 3379 bonae
763 3339 777 3363 δ
793 3343 983 3390 fortunae
1001 3341 1176 3378 videntur
1195 3341 1371 3388 conferre
1397 3340 1398 3358 ³

297 3395 349 3432 ad
374 3395 741 3444 magnanimitatem.

351 3546 379 3578 a)
399 3548 587 3570 externarum.
599 3557 619 3564 -
636 3547 823 3570 extremarum
842 3545 939 3578 CDpK,
957 3545 1127 3570 exteriorum
1147 3545 1205 3570 AG.

353 3581 378 3614 β)
398 3588 527 3614 magnum
545 3581 676 3605 animum.
690 3594 709 3599 —
727 3581 931 3614 magnanimum
951 3581 1022 3605 PAa.

351 3619 378 3651 γ)
397 3620 498 3642 autem.
511 3630 529 3635 -
547 3616 616 3641 enim
637 3616 736 3641 PDHa.

1427 3245 1517 3269 cens
1546 3232 1683 3268 facere.
1714 3232 1807 3268 Non
1835 3239 1965 3268 tamen
1985 3239 2172 3280 quantum
2198 3231 2247 3268 ad
2267 3231 2342 3267 hoc
2371 3239 2500 3268 conte-

1427 3338 1710 3387 exequendum.

1479 3394 1538 3429 AD
1567 3403 1729 3428 TERTIUM
1749 3403 1938 3428 DICENDUM
1958 3391 2064 3440 quod
2084 3392 2319 3441 quicumque
2345 3405 2424 3429 non
2444 3405 2501 3429 re-

1481 3541 1506 3575 δ)
1527 3544 1621 3568 bonae.
1634 3556 1653 3561 -
1670 3543 1740 3567 bona
1759 3541 1916 3567 PADGHsE
1936 3547 1962 3567 et
1980 3550 2004 3567 a.

1482 3579 1504 3611 ε)
1524 3579 1580 3604 sed.
1593 3592 1613 3598 -
1630 3581 1657 3603 et
1674 3578 1775 3603 PCDG.

1481 3614 1506 3647 ζ)
1522 3615 1683 3647 potentiam.
1696 3628 1715 3633 -
1730 3614 1868 3646 potentias
1888 3614 1960 3639 PGa.

2525 1193 2737 1225 ⁴Qu.cxxvnr,art.

2524 1226 2595 1245 unic..
2611 1227 2658 1248 arg.
2677 1227 2691 1242 1.

2526 2759 2534 2766 ⁸
2545 2757 2581 2779 Cf.
2596 2756 2693 2778 Aristot.
2705 2756 2735 2777 Ε-

2524 2784 2578 2805 thic.
2594 2783 2634 2804 lib.
2650 2785 2670 2807 1v
2686 2789 2712 2804 ca
2732 2800 2736 2804 .

2524 2809 2714 2836 vimnau-§.T
2732 2827 2737 2831 .

2524 2838 2576 2859 lect.
2590 2843 2640 2858 xui.
