2768 4198
0 2687 15 2731 -ff
12 2671 20 2679 ,,
15 2656 17 2660 ,
0 2514 19 2649 &iffi-⁴5⁶⁴..
0 2469 15 2478 ἱ
6 2447 16 2457 —1
6 2418 13 2423 ι
12 2404 13 2409 Α
6 2390 15 2397 ῑ
8 2339 10 2344 <
11 2297 13 2299 .

30 2774 37 2778 x

996 306 1263 351 QUAESTIO
1293 308 1541 358 CLXXXIX,
1569 313 1864 351 ARTICULUS
1893 315 1927 351 V

375 381 553 411 rationabili
583 381 647 412 fiat.
681 383 730 423 Ly
760 391 835 422 ergo
860 384 1054 423 praesertim
1086 383 1298 424 interponitur
1331 387 1438 426 quoad

376 425 591 456 causalitatem
615 425 763 456 scandali.
797 426 841 456 Ita
871 427 960 467 quod
977 437 1087 457 sensus
1119 435 1165 458 est
1188 430 1276 469 quod
1304 430 1438 461 refutare

375 470 542 509 probatam
565 470 752 510 religionem
769 480 835 500 non
852 476 898 500 est
921 476 1008 501 actus
1024 472 1221 511 generativus
1244 475 1391 511 scandali,
1409 482 1439 506 et

376 513 560 553 praesertim
583 513 609 543 si
630 513 686 544 fiat
709 524 746 544 ex
765 524 858 544 causa
882 514 1070 546 rationabili.
1095 516 1136 547 Et
1150 517 1228 547 ratio
1246 518 1320 548 dicti
1343 518 1438 549 huius

376 563 432 593 est,
449 557 524 598 quia
547 563 636 588 actus
658 557 711 588 ille
727 568 765 588 ex
788 568 847 589 suo
864 568 977 598 genere
994 569 1060 589 non
1079 567 1126 591 est
1140 561 1260 592 activus
1283 563 1438 599 scandali;

375 608 406 632 et
429 611 466 632 ex
485 607 573 641 parte
597 601 717 641 agentis
732 602 871 633 totaliter
894 610 977 634 caret
993 604 1173 636 causalitate
1195 606 1343 642 scandali,
1361 607 1387 637 si
1402 617 1439 638 ex

375 655 470 676 causa
493 645 672 684 rationabili
696 645 761 678 fiat.

431 688 616 720 Secundum
633 696 741 720 autem
765 700 831 720 non
848 691 955 721 solum
978 702 1043 722 non
1060 693 1173 729 obstat,
1194 694 1250 724 sed
1273 693 1440 725 confirmat

375 732 465 773 quod
489 732 636 764 diximus.
660 734 744 764 Nam
768 735 792 764 si
809 741 933 766 tenetur
955 736 995 766 ad
1014 736 1093 767 velle
1117 737 1258 778 experiri,
1275 748 1349 768 cum
1372 748 1438 768 non

375 776 488 807 debeat
510 786 577 808 esse
599 777 680 808 velle
703 777 832 815 fictum,
857 785 888 810 et
909 779 1004 810 instet
1027 781 1205 821 experiendi
1227 788 1371 822 tempus,
1395 789 1439 813 te-

2473 322 2542 367 545

1493 395 1585 419 netur
1608 391 1749 430 experiri,
1765 398 1796 422 et
1819 402 1885 423 non
1908 393 1967 423 nisi
1991 394 2075 425 bona
2096 394 2168 426 fide.
2192 396 2276 436 Ergo
2295 404 2418 428 tenetur
2441 400 2479 429 ad
2496 409 2547 430 ex-

1492 432 1678 472 perientiam
1701 435 1804 466 bonae
1826 435 1909 473 fidei,
1934 444 1969 468 ut
1992 448 2051 469 nos
2075 439 2211 470 diximus
2226 441 2260 470 ¹⁸:
2285 448 2315 472 et
2338 451 2403 472 non
2426 449 2548 473 tenetur

1493 477 1531 506 ad
1555 485 1709 518 perpetuo
1724 481 1962 518 remanendum,
1980 482 2040 512 nisi
2056 493 2111 522 per
2126 483 2280 523 accidens,
2297 495 2352 515 seu
2375 485 2407 515 in
2424 493 2546 523 eventu,

1493 520 1554 551 hoc
1578 528 1633 558 est,
1658 522 1717 552 nisi
1741 524 1928 563 experientia
1950 526 2054 556 bonae
2077 526 2149 557 fidei
2173 527 2273 568 exigat
2294 536 2478 569 perpetuam
2501 540 2548 560 re-

1492 565 1707 602 mansionem,
1731 574 1808 607 puta
1830 567 1906 608 quia
1928 570 2036 600 omnia
2064 578 2150 610 grata
2170 572 2306 602 totaliter
2327 573 2359 602 in
2382 574 2547 613 probando

1492 608 1704 641 inveniuntur.
1730 611 1764 641 In
1781 611 1833 641 tali
1858 612 1943 642 enim
1955 623 2028 644 casu
2048 621 2171 646 tenetur
2193 615 2331 655 profiteri
2350 623 2381 647 et
2395 624 2547 657 perpetuo

1494 662 1653 683 remanere
1676 655 1731 694 qui
1761 655 1865 694 primo
1889 665 2030 688 voverat:
2061 659 2206 699 quamvis
2238 660 2380 691 absolute
2410 671 2474 692 non
2505 668 2547 692 te-

1493 703 1603 727 neatur
1622 698 1661 727 ad
1676 705 1832 738 perpetuo
1850 702 2090 739 remanendum,
2107 709 2143 734 ut
2161 703 2193 733 in
2209 703 2310 734 littera
2329 704 2451 740 dicitur,
2467 715 2548 745 quae

1494 740 1676 780 simpliciter
1699 749 1730 772 et
1751 743 1895 774 absolute
1917 744 2058 786 loquitur
2072 769 2079 782 ‚
2104 754 2134 777 et
2157 757 2221 777 non
2245 747 2277 778 in
2306 758 2379 778 casu
2404 748 2472 779 talis
2498 759 2549 779 ex-

1494 784 1674 824 perientiae,
1698 786 1730 815 in
1754 796 1819 827 quo
1844 797 1903 818 nos
1925 788 2024 820 locuti
2047 800 2167 821 sumus.

1158 917 1477 961 ARTICULUS
1512 920 1771 971 QUINTUS

958 1001 1114 1032 UTRUM
1138 1002 1265 1033 PUERI
1290 1002 1386 1034 SINT
1410 1004 1652 1036 RECIPIENDI
1677 1006 1720 1036 IN
1743 1007 1976 1039 RELIGIONE

741 1069 832 1102 Supra,
852 1077 897 1102 qu.
916 1077 1034 1101 uxxvm,
1054 1076 1101 1096 art.
1119 1069 1144 1101 8,
1163 1071 1195 1096 ad
1216 1078 1246 1101 23
1265 1076 1311 1097 art.
1334 1079 1366 1104 9:
1387 1072 1484 1103 Quodl.
1504 1073 1543 1104 111,
1562 1082 1606 1107 qu.
1625 1082 1649 1104 v,
1669 1080 1715 1100 art.
1738 1083 1766 1106 ις
1788 1075 1885 1106 Quodl.
1905 1077 1946 1108 lv,
1965 1085 2009 1110 qu.
2028 1085 2071 1107 xu.
2091 1083 2138 1103 art.
2161 1086 2189 1109 ¹3

1130 1106 1205 1131 Cont.
1225 1107 1372 1132 retrahent.
1390 1108 1424 1132 ab
1442 1108 1554 1141 ingres-¹5.
1574 1109 1675 1142 Relig„
1695 1118 1750 1143 cap.
1768 1118 1807 1136 m.

460 1192 464 1203 ι
493 1195 559 1234 se«
587 1185 610 1210 D
629 1185 792 1217 QUlNTuM
815 1187 869 1212 Sic
893 1187 1132 1213 PRocabin.
1157 1176 1316 1214 Videtur
1334 1178 1440 1226 quod

402 1216 555 1283 ΔΑΕ).
587 1227 696 1275 pueri
730 1240 808 1264 non
841 1228 914 1266 sint
946 1228 1152 1277 recipiendi
1180 1229 1218 1266 in
1247 1229 1437 1277 religione.

373 1268 510 1331 ’,ἤρα
523 1263 554 1319 ’ᾗ
568 1276 574 1281 “
588 1280 691 1326 Quia
727 1282 863 1329 Extra,
893 1282 939 1318 de
965 1282 1223 1332 Regularibus
1250 1288 1286 1319 et
1320 1288 1441 1320 trans-

395 1313 573 1367 ’Λᾶ-ἀλκ
587 1339 686 1370 eunt.
715 1334 767 1371 aa
790 1335 917 1384 Relig.
945 1334 978 1381 *‚
1007 1335 1162 1372 dicitur:
1191 1335 1332 1372 Nullus
1360 1342 1438 1373 ton-

374 1385 520 1431 deatur,
540 1387 613 1423 nisi
631 1386 798 1436 legitima
817 1393 939 1425 aetate
960 1393 996 1425 et
1011 1394 1219 1437 spontanea
1238 1389 1439 1426 voluntate.

377 1438 454 1476 Sed
481 1439 590 1487 pueri
624 1452 703 1477 non
729 1440 906 1478 videntur
932 1441 1074 1479 habere
1103 1441 1312 1490 legitimam
1340 1449 1440 1479 aeta-

374 1498 453 1528 tem
482 1503 554 1528 nec
581 1501 836 1541 spontaneam
863 1494 1123 1532 voluntatem:
1153 1494 1244 1542 quia
1271 1506 1350 1532 non
1376 1495 1442 1532 ha-

374 1544 467 1581 bent
493 1545 660 1593 perfecte
687 1558 802 1583 usum
831 1547 996 1584 rationis.
1027 1548 1130 1596 Ergo
1157 1547 1309 1585 videtur
1335 1547 1441 1596 quod

375 1609 452 1634 non
483 1597 556 1634 sint
583 1598 622 1635 in
651 1599 830 1647 religione
859 1600 1078 1649 recipiendi.

429 1661 465 1687 2.
499 1651 744 1699 PRAETEREA,
780 1659 898 1690 status
937 1653 1126 1701 religionis
1163 1653 1316 1691 videtur
1357 1666 1440 1691 esse

375 1711 493 1740 status
520 1704 799 1752 poenitentiae:
828 1707 932 1744 unde
963 1714 998 1743 et
1026 1707 1157 1755 religio
1187 1706 1323 1744 dicitur
1341 1720 1363 1744 a
1383 1719 1440 1744 re-

233 1765 252 1783 *
374 1756 530 1807 ligando
566 1758 630 1794 vel
666 1758 881 1808 reeligendo
907 1764 942 1806 ²,
980 1767 1022 1796 ut
1057 1759 1290 1808 Augustinus
1332 1760 1438 1808 dicit,

375 1810 411 1847 X
438 1810 485 1847 de
517 1810 596 1848 Ciu.
618 1811 694 1848 Dei
709 1811 740 1848 *.
770 1812 848 1849 Sed
875 1812 1004 1861 pueris
1033 1825 1112 1850 non
1142 1814 1323 1851 convenit
1349 1826 1441 1863 poe-

374 1862 543 1901 nitentia.
571 1864 675 1912 Ergo
695 1864 848 1902 videtur
875 1866 981 1913 quod
1009 1878 1088 1903 non
1109 1867 1275 1904 debeant
1293 1867 1441 1915 religio-

376 1928 467 1953 nem
494 1923 647 1954 intrare.

431 1970 465 2007 3.
486 1970 720 2016 Palmam,
743 1970 838 2007 sicut
857 1970 990 2020 aliquis
1010 1972 1196 2020 obligatur
1213 1973 1440 2022 iuramento,

374 2021 425 2059 ita
448 2029 484 2059 et
501 2030 607 2060 votO.
639 2023 717 2060 Sed
743 2023 864 2072 pueri,
886 2032 972 2062 ante
992 2037 1114 2062 annos
1138 2026 1440 2074 quatuordecim,

375 2087 453 2113 non
491 2075 632 2113 debent
666 2076 823 2124 obligari
855 2077 1095 2116 iuramento:
1133 2086 1175 2116 ut
1205 2080 1368 2117 habetur
1403 2080 1441 2117 in

375 2129 560 2176 Decretis,
590 2130 696 2166 XXII
726 2142 844 2177 caus.,
873 2143 936 2180 qu.
957 2143 996 2178 v,
1024 2143 1110 2180 cap.
1129 2133 1262 2179 Pueri,
1293 2140 1329 2170 et
1357 2145 1440 2182 cap.

376 2182 601 2219 Honestum.
644 2183 747 2231 Ergo
781 2183 933 2221 videtur
968 2185 1073 2232 quod
1110 2197 1183 2222 nec
1220 2187 1333 2223 etiam
1371 2186 1444 2223 sint

375 2242 470 2272 voto
499 2235 707 2283 obligandi.

427 2300 465 2336 4.
496 2289 739 2335 Pium-em,
770 2289 939 2327 illicitum
973 2290 1126 2328 videtur
1158 2304 1242 2329 esse
1275 2291 1442 2340 obligare

376 2341 543 2391 aliquem
572 2341 634 2379 tali
654 2341 885 2390 obligatione
914 2355 1013 2392 quae
1033 2351 1164 2392 posset
1181 2344 1277 2382 iuste
1298 2344 1442 2382 irritari.

377 2394 455 2432 Sed
490 2395 523 2432 si
559 2395 676 2443 aliqui
711 2395 933 2444 impuberes
968 2396 1136 2444 obligant
1171 2410 1212 2434 se
1250 2397 1442 2446 religioni,

376 2455 538 2498 possunt
566 2448 704 2486 retrahi
731 2461 753 2485 a
778 2449 1001 2498 parentibus
1028 2451 1091 2487 vel
1119 2451 1325 2488 tutoribus:
1356 2451 1444 2487 dici-

138 2510 151 2523 ·
168 2510 225 2534 eun-
247 2510 338 2534 Pneue-
376 2508 437 2539 tur
465 2501 567 2538 enim
597 2502 634 2539 in
661 2502 854 2549 Decretis,
883 2503 957 2539 XX
986 2515 1110 2551 caus.,
1141 2516 1204 2552 qu.
1226 2516 1249 2541 11
1266 2503 1308 2551 ⁸⁸,
1339 2504 1445 2551 quod

371 2554 502 2604 puella
529 2555 563 2591 si
589 2560 676 2592 ante
703 2555 899 2593 duodecim
928 2557 1059 2593 aetatis
1081 2568 1203 2594 annos
1229 2562 1359 2605 sponte
1374 2569 1445 2594 sua

377 2619 535 2652 sacrum,
558 2607 730 2645 velamen
756 2609 1020 2657 assumpserit,
1043 2615 1205 2657 possunt
1227 2611 1352 2647 statim
1375 2621 1447 2658 pa-

378 2666 501 2698 rentes
525 2660 607 2697 eius
633 2661 696 2698 vel
721 2667 860 2699 tutores
887 2662 927 2699 id
940 2663 1094 2710 sactum
1123 2663 1272 2699 irritum
1287 2664 1445 2711 facere,

377 2714 412 2751 si
427 2714 626 2751 voluerint.
656 2714 829 2751 Illicitum
849 2722 906 2751 est
920 2726 1015 2762 ergo
1043 2727 1196 2764 pueros,
1223 2716 1445 2764 praesertim

379 2774 467 2804 ante
495 2767 705 2816 pubertatis
724 2779 858 2814 annos,
879 2767 928 2805 ad
951 2767 1174 2816 religionem
1194 2769 1364 2818 recipere
1382 2769 1445 2805 vel

380 2819 561 2868 obligare.

142 2880 279 2907 'vm-¹4-
436 2873 510 2911 SED
539 2885 686 2911 CONTRA
714 2885 781 2910 EST
808 2870 913 2922 quod
940 2873 1147 2920 Dominus,
1177 2874 1313 2911 Matth.
1334 2886 1395 2911 xix
1413 2873 1444 2921 ²¹²,

381 2926 491 2965 dicit:
520 2927 636 2964 Sinite
651 2926 847 2975 parvulos,
876 2932 912 2963 et
939 2926 1052 2963 nolite
1078 2938 1142 2963 eos
1162 2927 1367 2975 prohibere
1384 2938 1445 2964 ve-

381 2981 465 3017 nire
500 2979 552 3016 ad
585 2992 657 3016 me.
701 2979 820 3026 Quod
855 2991 1051 3028 exponens
1087 2979 1294 3028 Origenes,
1332 2991 1447 3028 super

143 3065 188 3088 vn
276 3042 354 3061 -tmt-
381 3033 520 3070 Matth.
539 3031 572 3076 ²¹⁸,
601 3032 689 3070 dicit
711 3034 814 3080 quod
834 3032 1006 3080 discipuli
1021 3033 1118 3076 Iesu,
1144 3033 1369 3081 priusquam
1392 3033 1445 3069 di-

381 3091 489 3123 scant
507 3086 691 3122 rationem
711 3086 881 3131 iustitiae,
901 3086 1176 3134 reprehendunt
1195 3097 1258 3122 eos
1276 3086 1342 3134 qui
1352 3097 1446 3134 pue-

383 3151 447 3175 ros
474 3144 511 3175 et
536 3139 697 3187 infantes
724 3139 891 3189 offerunt
913 3139 1082 3175 Christo:
1109 3139 1297 3175 Dominus
1319 3145 1445 3175 autem

383 3192 607 3228 exhortatur
633 3192 831 3241 discipulos
857 3204 945 3229 suos
972 3191 1265 3228 condescendere
1285 3191 1446 3228 utilitati-

384 3245 453 3281 bus
475 3255 698 3293 puerorum.
726 3247 817 3283 Hoc
844 3257 937 3295 ergo
965 3244 1156 3281 attendere
1179 3244 1365 3289 debemus,
1387 3257 1444 3291 ne,

384 3296 642 3334 aestimatione
666 3299 871 3347 sapientiae
903 3298 1193 3343 excellentioris,
1231 3302 1445 3333 contemna-

384 3362 480 3395 mus,
510 3350 619 3398 quasi
636 3352 781 3400 magni,
804 3351 963 3400 pusillos
980 3351 1183 3396 Ecclesiae,
1206 3350 1446 3398 prohibentes

380 3415 521 3452 pueros
547 3403 677 3440 venire
703 3404 755 3440 ad
779 3405 918 3441 Iesum.

440 3515 467 3546 α)
485 3514 629 3548 religando
647 3515 689 3539 vel
706 3515 868 3548 redigendo.
879 3529 898 3534 -
917 3516 1073 3549 reeligando
1086 3517 1127 3541 νει
1141 3515 1291 3549 reeligendo
1306 3515 1382 3544 ΑΒΚ,
1397 3521 1452 3539 ree-

385 3551 494 3584 ligendo
512 3551 554 3575 vel
572 3550 711 3582 religendo
730 3550 759 3580 C,
778 3550 934 3584 reeligando
955 3553 998 3576 vel
1015 3551 1171 3585 reeligando
1190 3552 1220 3580 E,
1238 3550 1393 3583 reeligando
1412 3550 1453 3574 vel

385 3586 573 3654 {eliis-Zigali}
581 3585 723 3645 rlelligando
747 3586 788 3611 vel
810 3593 828 3610 a
851 3586 1003 3619 redigendo
1022 3587 1068 3618 Pa,
1088 3587 1228 3620 religando
1246 3587 1277 3617 D,
1296 3585 1451 3618 reeligando

410 3641 416 3653 ‚
620 3640 626 3646 .

529 3674 639 3699 Sinum:
657 3673 759 3699 Timor..
778 3673 809 3698 D.
822 3673 936 3698 Tuom
952 3672 984 3698 T.
1003 3673 1056 3698 VII.

1465 1177 1466 1225 ᾗ
1546 1179 1773 1218 ΒΕεΡοΝοΕο
1793 1193 1979 1219 memnon
1998 1183 2115 1230 quod,
2132 1183 2227 1220 sicut
2245 1185 2388 1233 supra*
2405 1185 2548 1224 dictum

1465 1230 1467 1296 Ι
1494 1239 1560 1279 est,
1590 1233 1729 1281 duplex
1758 1241 1812 1270 est
1839 1234 2026 1282 religionis
2055 1243 2202 1273 votum.
2231 1237 2359 1274 Unum
2377 1239 2548 1287 simplex,

1492 1285 1597 1332 quod
1612 1286 1781 1323 consistit
1794 1286 1833 1323 in
1847 1287 1928 1324 sola
1946 1288 2199 1336 promissione
2218 1291 2304 1327 Deo
2323 1291 2430 1338 facta,
2449 1304 2549 1340 quae

1493 1348 1539 1372 ex
1558 1337 1723 1375 interiori
1743 1339 1879 1376 mentis
1898 1341 2170 1378 deliberatione
2190 1343 2371 1390 procedit.
2400 1345 2449 1381 Et
2475 1345 2550 1381 hoc

1492 1397 1629 1427 votum
1659 1391 1776 1428 habet
1804 1392 2014 1430 efficaciam
2043 1405 2089 1430 ex
2116 1394 2196 1431 iure
2225 1395 2367 1434 divino.
2404 1397 2515 1443 Quae
2535 1396 2550 1426 β

1493 1448 1622 1479 tamen
1661 1444 1856 1492 dupliciter
1892 1445 1969 1482 tolli
2005 1453 2140 1494 potest.
2183 1447 2270 1484 Uno
2307 1449 2446 1494 modo,
2485 1461 2552 1498 per

1493 1495 1683 1533 defectum
1703 1497 2004 1535 deliberationis:
2033 1506 2075 1535 ut
2101 1507 2204 1547 patet
2221 1499 2259 1536 in
2278 1501 2437 1548 furiosis,
2458 1513 2551 1550 quo-

1494 1560 1578 1586 rum
1605 1556 1698 1586 vota
1726 1562 1804 1587 non
1829 1558 1916 1587 sunt
1934 1551 2167 1598 obligatoria‚
2187 1559 2228 1588 ut
2246 1553 2406 1590 habetur
2424 1555 2551 1601 Extra,

1493 1602 1539 1638 de
1556 1602 1813 1652 Regularibus
1840 1609 1876 1640 et
1891 1609 2094 1641 transeunt.
2120 1605 2171 1641 ad
2191 1605 2329 1655 Relig„
2351 1618 2432 1655 cap.
2453 1607 2555 1643 Sicut

1493 1660 1611 1692 tenor.
1655 1656 1704 1692 Et
1732 1656 1868 1693 eadem
1901 1664 1957 1693 est
1989 1657 2081 1694 ratio
2121 1658 2168 1694 de
2200 1658 2327 1706 pueris
2368 1658 2432 1708 qui
2459 1671 2553 1696 non-

1494 1709 1587 1746 dum
1616 1708 1757 1746 habent
1793 1709 1962 1747 debiturn
1995 1722 2108 1747 usum
2138 1711 2312 1758 rationis,
2340 1724 2410 1760 per
2437 1724 2552 1760 quem

1493 1769 1580 1798 sunt
1597 1766 1613 1789 Υ
1643 1761 1719 1798 doli
1747 1774 1925 1811 capaces:
1955 1775 2072 1812 quem
2092 1764 2249 1811 quidem
2272 1764 2379 1813 pueri
2398 1765 2551 1811 habent,

1492 1822 1534 1851 ut
1561 1815 1814 1862 frequentius,
1851 1815 1949 1852 circa
1982 1817 2354 1864 quartumdecimum
2390 1829 2550 1864 annum,

1493 1868 1642 1916 puellae
1679 1879 1772 1904 vero
1810 1868 1908 1905 circa
1945 1869 2240 1917 duodecimum,
2278 1870 2342 1918 qui
2379 1870 2553 1907 dicuntur

1492 1922 1586 1957 anni
1596 1921 1805 1969 pubertatis
1813 1920 1844 1958 ²⁸.
1867 1923 1908 1958 In
1923 1922 2154 1970 quibusdam
2169 1930 2298 1959 tamen
2318 1922 2550 1972 anticipatur,

1494 1981 1530 2010 et
1563 1973 1600 2010 in
1640 1974 1869 2023 quibusdam
1898 1975 2084 2022 tardatur,
2121 1976 2332 2013 secundum
2362 1975 2551 2013 diversam
2576 1988 2646 2036 ›332⁸-

2576 449 2584 457 “
2598 448 2667 470 Num.
2679 453 2768 475 praece<

2576 1195 2649 1218 ‘An-t.
2664 1202 2684 1223 2,
2699 1197 2727 1218 ad
2742 1202 2758 1218 ι.

2581 1932 2589 1939 ·
2612 1929 2647 1951 Cf.
2670 1935 2695 1950 ca
2714 1945 2719 1950 .
2742 1929 2768 1950 Ρι

2580 1956 2660 1981 heres,
2736 1955 2768 1976 de<

2626 2025 2631 2030 .
2649 1982 2718 2029 xxlx'i
2726 1998 2768 2033 11‚⁴

1494 2026 1782 2076 dispositionem
1821 2035 1988 2065 naturae.
2024 2049 2048 2056 -
2076 2028 2161 2066 Alio
2196 2029 2314 2066 modo
2352 2028 2554 2077 impeditur
2581 2034 2768 2087 Quiteaet‘ffigq

1494 2079 1664 2117 efficacia
1702 2080 1881 2129 simplicis
1918 2080 2019 2127 voti,
2057 2081 2088 2118 si
2124 2081 2258 2130 aliquis
2294 2082 2379 2119 Deo
2411 2089 2554 2120 voveat

1494 2133 1600 2180 quod
1615 2131 1628 2154 ὅ
1647 2145 1725 2169 non
1746 2141 1801 2170 est
1819 2133 1994 2182 propriae
2014 2135 2227 2182 potestatis:
2249 2142 2339 2183 puta
2358 2134 2388 2171 si
2406 2146 2552 2182 servus,

1496 2186 1608 2222 etiam
1628 2197 1741 2222 usum
1761 2186 1916 2223 rationis
1935 2187 2092 2234 habens,
2113 2195 2254 2223 voveat
2273 2199 2313 2223 se
2333 2187 2551 2235 religionem

1494 2238 1648 2286 intrare,
1679 2246 1744 2275 aut
1771 2239 1884 2276 etiarn
1914 2239 2120 2287 ordinetur,
2149 2239 2343 2288 ignorante
2372 2239 2552 2285 domino;

1494 2299 1620 2340 potest
1649 2292 1750 2328 enim
1784 2292 1858 2328 hoc
1891 2292 2068 2330 dominus
2096 2305 2298 2339 revocare,
2327 2299 2368 2328 ut
2395 2293 2554 2330 habetur

1495 2345 1534 2382 in
1562 2344 1750 2392 Decretis,
1780 2344 1863 2382 dist.
1891 2345 1997 2392 LIV,
2027 2357 2108 2393 cap.
2135 2346 2176 2381 Si
2201 2356 2342 2382 servus.
2384 2346 2433 2382 Et
2467 2344 2555 2393 quia

1497 2409 1592 2446 puer
1618 2398 1682 2434 vel
1709 2398 1853 2446 puella,
1882 2397 1977 2434 infra
2005 2398 2210 2447 pubertatis
2238 2409 2378 2444 annos,
2405 2405 2555 2434 natura-

1496 2450 1579 2487 liter
1606 2458 1694 2487 sunt
1721 2451 1759 2487 in
1786 2458 1970 2499 potestate
1999 2450 2113 2499 patris
2141 2458 2325 2500 quantum
2354 2450 2402 2487 ad
2430 2450 2556 2499 dispo-

1497 2503 1674 2541 sitionem
1701 2516 1793 2540 suae
1820 2504 1933 2549 vitae,
1962 2504 2100 2552 poterit
2126 2511 2233 2552 pater
2258 2511 2393 2539 votum
2422 2515 2554 2540 eorum

1497 2568 1680 2594 revocare
1707 2557 1770 2594 vel
1797 2564 2006 2605 acceptare,
2032 2556 2062 2592 si
2090 2556 2160 2593 sibi
2187 2555 2387 2604 placuerit:
2421 2563 2463 2592 ut
2494 2567 2554 2592 ex-

1497 2621 1626 2659 presse
1656 2609 1789 2646 dicitur
1817 2610 1864 2646 de
1891 2609 2060 2654 muliere,
2088 2609 2207 2646 Num.
2227 2620 2299 2644 xxx
2316 2607 2347 2644 ³¹⁸.

1551 2662 1614 2699 Sic
1641 2662 1751 2710 igitur
1778 2662 1808 2698 si
1835 2674 1942 2711 puer,
1967 2669 2053 2698 ante
2082 2673 2203 2698 annos
2222 2659 2440 2709 pubertatis,
2469 2660 2555 2697 sim-

1499 2716 1586 2764 plex
1618 2722 1754 2751 votum
1791 2715 1953 2761 emittat,
1989 2721 2192 2763 antequam
2227 2713 2366 2750 habeat
2397 2713 2553 2761 plenum

1498 2780 1613 2805 usum
1633 2767 1798 2815 rationis,
1820 2779 1899 2804 non
1918 2767 2102 2815 obligatur
2121 2779 2165 2803 ex
2185 2774 2290 2803 voto.
2310 2785 2334 2793 -
2364 2765 2403 2802 Si
2427 2773 2553 2802 autern

1499 2821 1637 2858 habeat
1664 2832 1778 2858 usum
1807 2820 1961 2857 rationis
1989 2828 2074 2857 ante
2103 2831 2223 2856 annos
2250 2818 2466 2867 pubertatis,
2488 2818 2555 2854 ob-

1498 2874 1633 2922 ligatur
1660 2873 1814 2922 quidem
1845 2881 2028 2920 quantum
2058 2873 2095 2910 in
2124 2884 2164 2908 se
2189 2879 2255 2919 est,
2277 2883 2322 2908 ex
2349 2883 2419 2908 suo
2440 2878 2553 2908 voto:

1499 2935 1627 2964 tamen
1650 2933 1776 2975 potest
1794 2926 1972 2974 obligatio
1991 2925 2181 2962 removeri
2207 2937 2276 2972 per
2295 2923 2554 2961 auctoritatem

1498 2979 1626 3028 patris,
1654 2979 1693 3016 in
1722 2979 1828 3016 cuius
1855 2985 2040 3027 potestate
2069 2978 2193 3015 adhuc
2221 2977 2360 3022 existit;
2388 2975 2477 3024 quia
2495 2988 2554 3012 or-

1499 3032 1641 3070 dinatio
1671 3032 1772 3079 legis,
1803 3044 1879 3079 qua
1907 3044 2006 3068 unus
2033 3031 2152 3067 homo
2172 3029 2343 3067 subditur
2361 3028 2477 3075 alteri,
2498 3041 2554 3064 re-

1500 3084 1608 3134 spicit
1627 3085 1665 3122 id
1684 3085 1789 3132 quod
1808 3085 1846 3121 in
1865 3084 2035 3132 pluribus
2056 3083 2201 3120 accidit.
2217 3103 2240 3110 -
2262 3082 2301 3118 Si
2319 3093 2412 3118 vero
2433 3093 2554 3117 annos

1498 3138 1704 3187 pubertatis
1725 3137 1893 3184 excedat,
1910 3149 1987 3174 non
2006 3144 2129 3185 potest
2147 3134 2318 3172 revocari
2337 3133 2553 3170 auctoritate

1499 3197 1724 3240 parentum;
1763 3190 1793 3226 si
1829 3197 1956 3226 tamen
1998 3189 2168 3225 nondum
2207 3187 2364 3224 haberet
2398 3187 2552 3234 plenum

1498 3255 1611 3280 usum
1640 3242 1803 3285 rationis,
1833 3254 1911 3278 non
1939 3242 2167 3289 obligaretur
2194 3239 2322 3288 quoad
2350 3240 2490 3275 Deum.

1552 3295 1667 3332 Aliud
1701 3302 1829 3331 autem
1863 3302 1919 3331 est
1945 3302 2079 3330 votum
2115 3293 2305 3339 solemne,
2335 3291 2440 3339 quod
2468 3291 2554 3327 facit

1499 3348 1732 3386 monachum
1747 3348 1808 3384 vel
1828 3347 2055 3395 religiosum.
2077 3345 2194 3392 Quod
2214 3345 2368 3393 quidem
2384 3343 2555 3381 subditur

1500 3400 1727 3438 ordinationi
1747 3400 1951 3446 Ecclesiae,
1967 3406 2122 3448 propter
2140 3397 2417 3435 solemnitatem
2437 3408 2553 3444 quam

1559 3513 1584 3546 β)
1606 3514 1688 3544 Quae.
1700 3527 1720 3532 —
1740 3513 1818 3543 Quod
1837 3513 1889 3542 Pa;
1907 3520 1954 3546 pro
1972 3512 2037 3542 tolli,
2050 3511 2115 3545 fieri
2132 3511 2164 3540 G,
2184 3510 2309 3543 impediri
2327 3510 2354 3535 P.

1557 3550 1584 3583 γ)
1603 3552 1674 3574 sunt.
1686 3562 1705 3567 -
1722 3549 1776 3573 sint
1795 3549 1846 3573 ΡΑ.

1557 3584 1582 3617 δ)
1602 3584 1682 3617 quod.
1693 3597 1712 3603 —
1730 3584 1776 3616 qui
1794 3583 1861 3608 PIsC
1879 3588 1905 3608 et
1922 3590 1947 3608 a.

2580 2068 2637 2109 grid.
2662 2067 2768 2114 agQuai

2580 2114 2610 2136 do
2617 2115 2691 2135 curat.
2703 2113 2740 2134 vel
2745 2115 2768 2135 tu

2580 2146 2632 2162 esse
2640 2140 2757 2166 desinam,
2767 2148 2768 2167 3

2675 2167 2690 2192 δ

2583 2612 2592 2621 ·
2606 2611 2671 2632 vers.
2686 2617 2701 2636 4
2715 2615 2764 2637 sqq.
