2768 4198
921 280 1189 326 QUAESTIO
1220 281 1488 328 CLXXXVII,
1518 281 1814 318 ARTICULUS
1843 281 1893 318 VI

368 360 537 398 Secundo,
566 361 655 401 quod
680 360 862 391 mendicans
891 369 928 390 ex
952 359 1122 399 cupiditate
1147 360 1283 389 habendi
1307 359 1384 389 divi·
1410 361 1412 398 ξ

311 405 381 442 τίεις,
395 405 420 435 si
437 412 483 435 est
499 405 580 435 infra
592 405 793 436 latitudinem
815 414 993 444 pauperum
1008 411 1037 434 et
1056 404 1267 435 mendicando
1281 411 1385 444 sperat
1410 402 1411 442 l

313 450 399 480 dives
422 449 500 486 fieri,
525 457 634 490 peccat
653 450 795 490 quidem,
812 448 953 479 indebito
972 448 1077 478 medio
1095 456 1185 479 utens
1203 449 1242 478 ad
1259 449 1385 488 explen·
1410 445 1411 487 l

313 495 391 524 dum
415 494 601 534 improbum
626 493 817 534 appetitum:
843 493 898 523 sed
921 492 1075 533 quoniam
1100 503 1156 523 nec
1180 500 1288 523 contra
1306 493 1383 523 cari-
1410 489 1411 509 ¹

313 546 411 570 tatem
435 539 494 569 Dei
518 547 573 569 aut
597 538 733 579 proximi
757 538 835 578 agit;
861 538 1087 578 neminemque
1108 537 1233 578 decipit,
1258 548 1294 567 ex
1318 548 1384 578 quo
1410 546 1412 564 i

312 584 394 614 infra
417 583 618 614 latitudinem
642 592 821 623 pauperum
839 589 894 618 est,
919 582 1065 622 quamvis
1089 592 1155 612 non
1179 589 1245 612 tam
1265 592 1386 622 pauper

313 629 353 659 sit
376 635 412 659 ut
436 628 562 658 deberet
586 627 779 663 mendicare;
805 637 822 656 a
846 626 971 657 mortali
996 634 1161 657 excusatur
1184 633 1324 666 peccato.

374 674 492 709 Tertio,
518 672 606 712 quod
631 672 796 702 mendicus
814 681 850 701 ex
866 671 1036 711 cupiditate
1053 671 1244 705 divitiarum,
1261 671 1286 701 si
1302 677 1386 701 extra
1411 684 1412 687 ¹

313 727 494 758 pauperum
508 716 709 747 latitudinem
722 723 777 752 est,
791 723 900 757 peccat
917 716 1100 751 mortaliter,
1112 722 1142 746 et
1158 723 1281 746 tenetur
1297 725 1385 745 men·
1411 736 1413 751 ,η

314 761 454 792 dicatum
472 761 545 791 dare
562 761 765 801 pauperibus.
781 779 802 784 -
815 761 979 791 Probatur.
998 760 1086 790 Talis
1103 768 1234 800 usurpat
1257 759 1386 790 fraudu—
1412 763 1413 798 ᾖ

313 806 414 837 lenter
430 805 488 835 sibi
513 805 731 846 eleemosynas
748 806 835 836 datas
852 805 994 846 pauperi.
1020 805 1105 844 Ergo
1123 812 1231 844 peccat
1246 804 1386 834 mortali·
1412 799 1414 836 ἶ

313 857 369 884 ter,
387 857 418 881 et
433 857 558 880 tenetur
573 850 705 890 pauperi
722 850 893 880 restituere.
909 867 929 872 -
947 849 1185 890 Consequentia
1201 849 1282 879 clara
1298 855 1354 879 est.
1365 866 1386 871 —
1412 847 1414 850 ’

314 895 355 925 Et
377 895 565 925 antecedens
589 895 742 934 probatur
765 895 817 926 sic.
842 895 917 924 Non
941 894 1017 930 sibi,
1039 894 1094 923 sed
1118 893 1249 933 pauperi
1273 893 1387 923 dantur
1413 887 1415 924 ἰ

314 940 536 980 eleemosynae
552 949 632 980 quas
647 939 815 970 mendicat.
834 939 873 969 Et
893 939 961 979 ipse
977 938 1036 968 sibi
1049 944 1181 978 usurpat
1205 947 1266 968 eas.
1291 938 1385 976 Ergo.
1413 942 1415 988 ἰ

371 983 614 1015 Manifestantur
634 990 798 1024 assumpta
822 983 978 1014 intuendo
995 983 1094 1023 quod,
1112 992 1187 1013 cum
1202 982 1273 1022 quis
1290 982 1388 1012 donat
1414 989 1415 1049 1

315 1029 554 1070 eleemosynam
578 1028 726 1059 mendico
751 1027 839 1058 diviti
864 1035 894 1058 et
917 1027 1055 1068 cupido,
1081 1037 1117 1057 ex
1140 1033 1227 1067 parte
1251 1026 1388 1056 mendici
1414 1052 1416 1068 ι

315 1073 475 1104 invenitur
499 1083 564 1103 non
589 1073 657 1103 sola
681 1073 846 1112 cupiditas,
872 1072 926 1102 sed
950 1071 1167 1108 mendacium,
1192 1071 1280 1111 quod
1305 1070 1387 1100 facto
1414 1069 1416 1110 ξ

315 1117 400 1154 dicit,
426 1118 516 1154 dum,
542 1117 753 1148 mendicando
778 1127 837 1158 pro
857 1127 900 1153 se,
921 1116 1035 1147 fatetur
1050 1125 1082 1146 se
1100 1123 1288 1155 pauperem:
1314 1124 1388 1145 cum

315 1162 495 1193 mendicare
519 1169 607 1193 actus
631 1162 671 1192 sit
694 1162 813 1202 egentis
836 1161 937 1192 aliena
962 1170 1033 1200 ope.
1070 1160 1142 1190 Hoc
1169 1166 1275 1189 autem
1301 1168 1390 1189 men-

317 1207 419 1243 dacio,
444 1207 560 1247 primo,
578 1206 695 1247 decipit
714 1207 843 1238 dantem
860 1205 1114 1245 eleemosynam:
1140 1210 1170 1234 et
1193 1203 1266 1233 facit
1289 1204 1389 1233 dona-

316 1251 439 1283 tionem
463 1252 685 1292 eleemosynae
708 1250 955 1282 involuntariam
986 1249 1177 1289 inquantum
1205 1247 1391 1278 terminatur

286 1327 289 1328 ⁷
317 1296 522 1331 damaeta&
536 1293 623 1327 fiune
640 1295 834 1326 mendicum.
858 1295 943 1326 Nam
966 1293 1038 1324 licet
1062 1293 1186 1323 donans
1206 1298 1320 1332 sponte
1337 1292 1393 1321 do-

77 1952 88 1962 ·
101 1949 173 1974 vm·
185 1955 221 1972 ιι.

80 2114 90 2124 ·
105 2111 172 2134 vern.
187 2116 216 2139 ¹⁵-

29 2650 33 2682 ζ
83 2650 184 2702 {lapi-t.
205 2650 254 2677 Lu,
269 2649 298 2671 ιι.

89 3239 100 3252 “
114 3239 182 3261 Vere.
197 3238 229 3261 16.

90 3294 100 3304 ⁸
115 3292 182 3315 Vere.
197 3297 227 3320 ¹7·

92 3454 103 3466 ·
111 3453 162 3476 Lib.
171 3453 200 3480 n,
208 3459 304 3481 mpsu.

259 2297 261 2306 ,
318 2262 494 2303 'diabolus
529 2277 598 2302 nec
631 2276 702 2314 per
738 2268 889 2312 apertas
925 2261 1182 2300 tribulationes
1219 2271 1288 2296 nec
1322 2265 1422 2308 per}

317 1347 381 1376 net,
406 1350 443 1371 ex
466 1340 644 1381 ignorantia
668 1347 774 1371 tamen
798 1339 881 1376 facti,
907 1348 970 1380 qua
995 1336 1150 1377 decipitur
1174 1337 1212 1366 ab
1227 1336 1289 1366 isto
1306 1345 1393 1365 men-

317 1384 454 1424 dicante,
471 1385 619 1426 provenit
641 1385 731 1425 quod
756 1384 809 1415 det
832 1383 907 1414 huic
924 1381 1084 1424 profitenti
1108 1381 1192 1411 facto
1216 1390 1249 1410 se
1273 1389 1392 1420 paupe·
1417 1390 1419 1418 Ι

2431 284 2502 329 519

1439 370 1514 391 rem.
1539 359 1580 390 Et
1603 368 1770 400 propterea
1791 361 1863 391 huic
1880 361 2027 391 mendico
2043 371 2108 391 non
2129 362 2258 402 pauperi
2283 372 2348 392 non
2373 362 2504 403 acquiri-

1439 411 1491 435 tur
1502 405 1682 435 dominium
1696 405 1780 435 illius
1791 406 2027 446 eleemosynae:
2045 406 2175 436 donatio
2189 407 2272 437 enim
2284 406 2504 442 involuntaria,

1439 456 1596 489 quantum
1620 450 1659 479 ad
1683 449 1714 480 id
1738 459 1804 490 quo
1834 457 1879 480 est
1902 450 2126 487 involuntaria,
2144 461 2210 480 non
2235 458 2280 481 est
2303 451 2444 482 donatio.

1495 493 1660 530 Secundo,
1692 493 1816 524 fraudat
1848 505 2019 535 pauperes,
2053 504 2194 535 quorum
2223 505 2391 535 personam
2419 506 2507 525 assu-

1439 537 1507 568 mit.
1532 538 1573 568 Et
1599 538 1690 578 quia,
1717 538 1794 568 dum
1818 539 1940 568 donans
1971 539 2207 580 eleemosynam
2238 539 2383 569 mendico
2416 539 2505 575 huic,

1439 581 1556 612 scilicet
1579 592 1645 612 non
1669 582 1801 622 pauperi
1824 582 1856 612 in
1874 583 2012 619 veritate,
2038 590 2152 623 sponte
2172 584 2270 614 donat
2293 583 2434 624 pauperi,
2453 584 2506 613 sed

1411 619 1413 655 ἴ
1439 636 1504 656 non
1530 626 1619 656 huic:
1651 626 1723 656 ideo
1749 634 1836 657 actus
1860 627 2001 657 donandi
2025 628 2260 668 eleemosynam
2290 628 2322 657 in
2346 628 2407 658 hoc
2432 637 2504 657 casu

1440 677 1486 700 est
1509 678 1705 710 spontaneus
1729 677 1759 701 et
1783 671 1919 701 liberalis
1943 679 1977 701 ut
2002 672 2062 702 exit
2086 682 2103 701 a
2127 672 2265 702 donante
2290 679 2320 702 et
2342 679 2379 702 ut
2401 672 2506 702 termi-

1441 722 1534 745 natur
1556 716 1596 745 ad
1620 725 1803 755 pauperem,
1829 723 1859 746 et
1881 723 1927 746 est
1943 716 2176 747 involuntarius
2201 723 2236 747 ut
2258 716 2444 748 terminatur
2467 716 2506 746 ad

1440 759 1525 790 hunc
1545 759 1739 795 mendicum,
1760 759 1815 800 qui
1839 759 1929 800 fingit
1952 770 1984 790 se
2008 770 2190 800 pauperem.
2213 761 2253 791 Et
2275 761 2347 791 ideo
2372 761 2507 791 donator

1440 804 1660 844 eleemosynae
1684 803 1734 834 hic
1758 814 1822 834 non
1847 803 2080 835 damnificatur:
2116 812 2146 835 et
2172 812 2338 845 propterea
2366 815 2431 835 non
2460 811 2506 836 est

1440 848 1498 878 sibi
1523 848 1715 878 restituenda
1739 848 1950 889 eleemosyna.
1986 849 2046 879 Sed
2071 848 2291 879 damnificatur
2313 857 2448 890 pauper:
2477 857 2507 880 et

1440 900 1604 932 propterea
1630 893 1761 932 pauperi
1785 893 1977 923 restituenda
2000 900 2046 923 est
2069 893 2271 934 eleemosyna
2294 901 2444 933 usurpata
2467 894 2506 923 ab

1441 937 1502 967 isto
1527 937 1685 967 mendico.
1710 937 1750 967 Et
1765 937 1840 977 quia
1859 947 1980 977 pauper
1997 937 2103 967 nullus
2120 938 2326 968 determinate
2345 937 2507 968 fraudatus

1441 988 1504 1017 est,
1529 982 1583 1011 sed
1607 991 1761 1021 pauperes
1784 981 1816 1011 in
1841 982 2021 1012 communi:
2045 981 2136 1018 ideo,
2161 982 2351 1023 cuicumque
2375 982 2506 1022 pauperi

1443 1026 1544 1062 detur,
1570 1025 1765 1056 satisfactum
1790 1032 1845 1056 est.

1499 1070 1540 1100 Et
1563 1080 1600 1100 ex
1622 1070 1684 1100 hoc
1708 1077 1794 1109 patet
1818 1070 1983 1109 responsio
2007 1070 2046 1100 ad
2071 1069 2203 1101 obiecta.

1498 1114 1605 1144 Habes
1636 1113 1732 1144 etiam
1762 1113 1834 1143 hinc
1867 1114 1955 1154 quod
1984 1114 2198 1145 mendicantes
2222 1114 2254 1144 in
2279 1114 2414 1144 aliorum
2439 1123 2507 1154 per-

1443 1169 1522 1188 sona
1546 1158 1776 1194 fraudulenter;
1810 1165 1840 1188 et
1863 1158 2004 1189 similiter
2034 1165 2216 1199 quaestores
2238 1157 2390 1198 fingentes
2415 1159 2506 1188 mira—

1443 1202 1518 1233 bilia
1541 1209 1572 1232 et
1594 1203 1815 1243 promittentes
1839 1209 1887 1232 tot
1910 1210 1941 1233 et
1963 1210 2050 1233 tanta
2078 1213 2142 1232 non
2174 1203 2337 1239 servanda3
2367 1213 2431 1233 non
2457 1213 2507 1233 so-

1444 1247 1513 1277 lum
1543 1254 1675 1287 peccant
1701 1247 1876 1277 mortaliter
1906 1247 2082 1286 pernicioso
2106 1247 2292 1283 mendacio,
2325 1248 2507 1287 usurpando

1445 1301 1527 1331 quae
1550 1290 1608 1321 sibi
1633 1291 1664 1321 in
1689 1291 1790 1321 aliena
1813 1301 1948 1331 persona
1971 1301 2025 1322 seu
2043 1290 2148 1322 officio
2169 1292 2297 1328 dantur;
2323 1291 2377 1322 sed
2401 1300 2508 1322 tenen-

1445 1342 1496 1365 tur
1520 1334 1641 1365 efficere
1670 1342 1705 1365 ut
1728 1335 1766 1365 ad
1791 1335 1999 1366 intentionem
2023 1336 2107 1375 piam
2133 1336 2322 1366 donantium
2352 1345 2433 1376 quae
2460 1346 2507 1366 ac-

1446 1385 1537 1419 cepta
1559 1386 1634 1409 sunt
1657 1379 1879 1420 perducantur.

1140 1524 1460 1567 ARTICULUS
1491 1524 1700 1566 SEXTUS

643 1621 800 1652 UTRUM
826 1619 986 1651 LICEAT
1011 1617 1248 1650 RELIGIOsls
1271 1616 1515 1648 vnaomaus
1538 1616 1744 1647 VESTlssus
1767 1616 1841 1647 tm
1867 1616 1992 1653 QUAM
2017 1615 2198 1646 carmus

965 1698 1058 1731 Supra,
1079 1705 1123 1730 qu.
1142 1704 1226 1726 cam,
1246 1701 1292 1722 art.
1315 1705 1343 1726 ι,
1362 1697 1394 1721 ad
1414 1703 1443 1726 2;
1465 1696 1542 1721 Cant.
1561 1695 1681 1728 impugn.
1701 1695 1798 1728 Relig„
1818 1703 1875 1728 cap.
1894 1702 1948 1720 vm.

504 1811 506 1816 s
534 1795 557 1820 1)
590 1794 734 1820 SEXTUM
759 1793 814 1818 SIC
843 1791 1084 1818 PRocem‘rua.
1104 1779 1264 1816 Videtur
1289 1778 1394 1827 quod

536 1849 614 1873 non
648 1836 757 1872 liceat
785 1834 970 1883 religiosis
998 1832 1196 1870 vilioribus
1224 1831 1394 1869 vestibus

339 1924 347 1935 ,
379 1887 385 1897 ”
477 1888 588 1931 ’(ὐῐί
609 1901 724 1938 quam
742 1888 876 1925 ceteris
886 1893 914 1924 α.
937 1886 1039 1934 Quia
1060 1886 1273 1931 secundum
1289 1887 1394 1933 Apo—
1420 1899 1421 1914 ι

378 1940 438 1971 *⁷5³-
455 1961 463 1970 ν
491 1936 523 1979 K
536 1944 688 1988 stolum,
720 1944 733 1979 l
754 1942 806 1980 ad
827 1942 953 1979 Thess.
975 1941 1038 1977 ult.
1058 1939 1090 1986 *,
1120 1940 1168 1976 ab
1188 1939 1293 1976 omni
1314 1950 1393 1987 spe-

320 1997 377 2035 cie
395 1996 499 2034 mala
527 1997 715 2034 abstinere
743 1996 943 2033 debemus.
974 1994 1051 2031 Sed
1078 1993 1202 2030 vilitas
1228 1993 1393 2029 vestium
1419 1993 1422 2035 ξ

321 2052 437 2089 habet
465 2051 634 2099 speciem
656 2049 757 2087 mali.
788 2048 888 2086 Dicit
908 2048 1010 2084 enirn
1033 2047 1235 2089 Dominus,
1258 2046 1392 2082 Matth.
1420 2045 1421 2048 ’

320 2117 370 2142 vn
389 2103 430 2141 *ε
459 2104 647 2141 Attendite
674 2115 697 2140 a
714 2102 831 2151 falsis
854 2101 1058 2152 prophetis,
1089 2100 1155 2149 qui
1172 2100 1328 2137 veniunt
1345 2102 1396 2136 ad
1420 2123 1421 2142 ἶ

321 2170 388 2196 vos
403 2158 445 2195 ‘in
460 2157 688 2195 vestimentis
706 2157 845 2193 ovium.
869 2156 918 2192 Et
937 2167 1052 2204 super
1071 2154 1161 2190 illud
1180 2152 1392 2202 Apoc.V1*,
1420 2154 1421 2160 ’

320 2213 422 2249 Ecce
449 2223 566 2262 equus
589 2211 756 2262 pallidus
779 2217 871 2256 etc.,
902 2208 990 2246 dicit
1023 2208 1160 2245 Glossa
1181 2206 1223 2243 *τ
1260 2206 1394 2243 Videns

322 2325 474 2368 apertas
509 2320 683 2356 haereses
723 2329 763 2354 se
795 2328 906 2367 posse
942 2315 1151 2365 proficere,
1188 2313 1422 2366 praemittit}

318 2373 439 2421 falsos
455 2374 618 2422 fratres,
647 2371 714 2421 qui
738 2368 842 2408 sub?
870 2370 999 2407 habitu
1019 2368 1213 2418 religionis
1233 2367 1398 2403 obtinent

323 2433 503 2464 naturam
539 2426 645 2476 nigri
678 2430 714 2462 et
749 2425 825 2472 rufi
856 2424 962 2472 equi,
990 2421 1241 2471 pervertendo
1258 2420 1394 2468 fidem.

323 2481 428 2529 Ergo
456 2480 609 2518 videtur
636 2479 740 2527 quod
771 2477 934 2526 religiosi
958 2488 1036 2513 non
1067 2476 1233 2513 debeant
1254 2473 1396 2510 vilibus
1422 2473 1423 2514 ζ

324 2534 497 2571 vestibus
525 2533 590 2570 uti.

381 2599 416 2624 2.
446 2588 684 2632 PRAETEREA,
715 2584 978 2632 Hieronymus
1008 2582 1107 2626 dicit,
1136 2581 1188 2618 ad
1213 2581 1394 2628 Nepotia-
1422 2591 1423 2628 ᾗ

325 2653 417 2678 num
436 2639 477 2676 *2
513 2640 637 2676 Vestes
658 2638 798 2687 pullas,
819 2637 915 2674 idest
949 2636 1085 2683 nigras,
1106 2646 1226 2683 aeque
1252 2634 1328 2670 vita
1359 2639 1399 2670 ut
1422 2631 1423 2634 ’

325 2694 517 2732 candidas.
561 2693 726 2730 Ornatus
753 2697 790 2727 et
814 2691 943 2727 sordes
966 2689 1058 2739 pari
1083 2688 1195 2725 modo
1217 2687 1399 2736 fugiendi
1422 2696 1424 2716 1

324 2753 432 2786 sunt.-
461 2747 550 2796 quia
578 2746 741 2782 alterum
770 2743 932 2789 delicias,
962 2743 1123 2779 alterum
1151 2741 1318 2791 gloriam
1338 2752 1396 2776 re-
1423 2747 1424 2778 ἓ

325 2801 434 2840 dolet.
471 2802 574 2848 Ergo
603 2799 753 2836 videtur
781 2797 907 2845 quod,
938 2808 1026 2832 cum
1056 2794 1178 2831 inanis
1206 2794 1322 2841 gloria
1351 2793 1398 2831 sit
1423 2795 1425 2823 ἱ

326 2855 479 2904 gravius
507 2860 711 2903 peccatum
741 2863 859 2899 quam
890 2849 1110 2887 deliciarum
1139 2860 1252 2895 usuS,
1291 2847 1398 2895 quod

327 2907 511 2957 religiosi,
551 2906 615 2956 qui
653 2906 795 2943 debent
832 2903 880 2941 ad
918 2903 1144 2952 perfectiora
1168 2906 1182 2929 Υ
1221 2900 1396 2948 tendere,

327 2962 449 3011 magis
478 2961 620 2999 debent
643 2959 763 2996 vitare
782 2965 908 2994 vestes
927 2956 1023 2994 viles
1051 2966 1169 3005 quam
1198 2954 1398 3003 pretiosas.

383 3017 418 3053 3.
448 3016 690 3060 PRAETEREA,
723 3011 883 3060 religiosi
913 3009 1079 3047 maxime
1108 3007 1304 3045 intendere
1327 3007 1398 3044 de-

329 3070 420 3106 bent
448 3068 629 3118 operibus
649 3064 917 3116 poenitentiae.
949 3063 1026 3100 Sed
1047 3062 1085 3099 in
1106 3061 1287 3110 operibus
1305 3072 1398 3109 poe-

329 3122 509 3160 nitentiae
538 3134 618 3159 non
639 3128 694 3157 est
721 3119 908 3156 utendum
938 3115 1182 3153 exterioribus
1202 3114 1316 3162 signis
1336 3113 1397 3150 tri-

330 3175 463 3222 stitiae,
493 3176 562 3212 sed
590 3174 711 3222 magis
740 3173 853 3221 signis
877 3170 1059 3208 laetitiae:
1090 3167 1178 3206 dicit
1198 3168 1298 3204 enim
1318 3168 1397 3204 Do-

1449 1777 1619 1814 maxime
1645 1776 2021 1813 animadvertendum
2045 1781 2099 1812 est
2125 1787 2199 1812 non
2229 1776 2266 1812 in
2285 1776 2364 1812 solo
2384 1788 2511 1813 rerum

1448 1841 1721 1879 corporearum
1755 1830 1876 1866 nitore
1908 1835 2019 1877 atque
2047 1840 2210 1877 pompa,
2243 1830 2309 1865 sed
2334 1830 2445 1866 etiam
2474 1829 2511 1866 in

1448 1885 1535 1933 ipsis
1553 1884 1726 1920 sordibus
1744 1882 1920 1919 luctuosis
1939 1894 2016 1918 esse
2029 1894 2139 1930 posse
2158 1882 2391 1919 iactantiam:
2416 1889 2452 1919 et
2469 1894 2511 1919 eo

1420 1941 1421 1954 ¹
1441 1937 1765 1986 periculosiorem,
1795 1948 1870 1984 quo
1896 1936 1965 1972 sub
1988 1936 2139 1972 nomine
2157 1936 2342 1972 seruitutis
2360 1937 2435 1972 Dei
2452 1937 2511 1972 de-

1448 1991 1546 2039 cipit.
1588 1991 1689 2038 Ergo
1723 1989 1873 2026 videtur
1909 1989 2015 2037 quod
2048 1988 2209 2036 religiosi
2242 2001 2319 2025 non
2349 1989 2513 2026 debeant

1420 2059 1421 2084 ς
1447 2044 1644 2082 vilioribus
1672 2043 1842 2080 vestibus
1872 2042 1988 2079 indui.

1504 2098 1578 2134 SED
1594 2108 1741 2134 CONTRA
1756 2108 1822 2133 EST
1838 2096 1954 2144 quod,
1974 2096 2074 2132 Heb.
2086 2094 2162 2141 xi*,
2182 2096 2389 2143 Apostolus
2406 2095 2511 2132 dicit:

1453 2151 1694 2188 Circuierunt
1716 2150 1752 2186 in
1783 2150 1936 2196 melotis,
1957 2149 1994 2185 in
2010 2148 2169 2197 pellibus
2197 2149 2379 2196 caprinis:
2404 2149 2512 2186 Glos-

1420 2211 1421 2214 ’
1449 2217 1491 2241 sa
1505 2204 1545 2241 *τ
1568 2210 1606 2241 ut
1623 2203 1730 2240 Elias
1748 2209 1784 2240 et
1799 2203 1875 2241 alii.
1897 2204 1945 2239 Et
1965 2202 2002 2239 in
2022 2202 2205 2248 Decretis,
2221 2203 2323 2248 XXI,
2341 2214 2403 2250 qu.
2415 2201 2511 2249 1v**,

1450 2258 1603 2295 dicitur:
1643 2258 1685 2294 Si
1710 2257 1851 2293 inventi
1868 2257 2022 2305 fuerint
2046 2255 2252 2292 deridentes
2280 2267 2342 2291 eos
2369 2256 2434 2302 qui
2458 2256 2512 2292 vi-

1448 2312 1545 2348 libus
1572 2316 1609 2347 et
1634 2310 1820 2360 religiosis
1848 2310 2008 2346 vestibus
2036 2309 2165 2346 amicti
2189 2314 2287 2354 sunt,
2316 2309 2513 2358 corrigan-

1450 2371 1522 2402 tur.
1551 2365 1690 2401 Priscis
1708 2362 1722 2385 δ
1750 2364 1849 2400 enim
1879 2362 2107 2411 temporibus
2129 2362 2250 2398 omnis
2267 2367 2438 2398 sacratus
2456 2362 2516 2398 vir

1450 2431 1536 2455 cum
1565 2417 1748 2455 mediocri
1774 2429 1820 2454 ac
1847 2416 1914 2453 vili
1940 2421 2038 2452 veste
2066 2415 2371 2452 conversabatur.

1504 2473 1731 2509 RESPONDEO
1770 2482 1953 2507 mcENDUM
1992 2469 2118 2517 quod,
2158 2468 2252 2505 sicut
2283 2467 2515 2515 Augustinus

1422 2544 1423 2575 i
1451 2526 1551 2572 dicit,
1582 2525 1620 2561 in
1649 2526 1698 2561 111
1729 2525 1774 2561 de
1801 2525 1909 2560 Doct.
1935 2523 2068 2560 Christ.
2089 2521 2120 2569 ³⁸,
2150 2522 2187 2558 in
2216 2521 2396 2558 omnibus
2416 2529 2514 2557 exte-

1451 2579 1612 2616 rioribus
1642 2578 1755 2614 rebus
1785 2589 1859 2614 non
1890 2588 1977 2612 usus
2005 2587 2146 2620 rerum,
2166 2575 2232 2611 sed
2248 2575 2359 2611 libido
2385 2575 2516 2610 utentis

1451 2634 1487 2670 in
1518 2632 1629 2680 culpa
1657 2637 1720 2668 est.
1750 2631 1811 2667 Ad
1840 2641 1957 2678 quam
1988 2628 2291 2673 discernendam,
2321 2627 2514 2664 attenden-

1451 2687 1544 2724 dum
1576 2693 1630 2722 est
1655 2685 1758 2733 quod
1782 2683 1933 2719 habitus
1951 2682 2036 2719 vilis
2054 2682 2115 2718 vel
2137 2681 2297 2718 incultus
2318 2680 2515 2728 dupliciter

1451 2747 1576 2789 potest
1604 2736 1847 2775 considerari.
1877 2736 1964 2773 Uno
1994 2735 2125 2781 modo,
2155 2742 2267 2783 prout
2286 2742 2341 2770 est
2365 2733 2512 2781 signum

1451 2793 1649 2842 quoddam
1679 2789 1935 2839 dispositionis
1962 2789 2024 2825 vel
2052 2795 2167 2824 status
2195 2786 2373 2824 humani:
2403 2786 2512 2834 quia,

1448 2855 1493 2891 ,ut
1521 2846 1656 2883 dicitur
1682 2843 1799 2881 Eccli.
1818 2855 1878 2880 xix
1896 2842 1927 2888 *,
1957 2842 2115 2879 amictus
2137 2841 2297 2878 hominis
2318 2840 2517 2876 annuntiat

1450 2901 1497 2941 de
1514 2911 1571 2937 e0.
1601 2899 1650 2935 Et
1670 2897 1882 2934 secundum
1903 2897 1989 2942 hoc,
2010 2895 2131 2931 vilitas
2151 2893 2300 2930 habitus
2322 2901 2376 2929 est
2395 2905 2514 2941 quan-

1451 2953 1581 3002 doque
1604 2951 1756 3000 signum
1775 2949 1950 2987 tristitiae.
1981 2949 2091 2986 Unde
2121 2955 2156 2983 et
2184 2946 2360 2983 homines
2389 2946 2427 2982 in
2454 2946 2514 2982 tri-

1452 3006 1550 3044 sti'tia
1587 3006 1788 3042 existentes
1826 3004 1949 3040 solent
1989 3001 2187 3038 vilioribus
2228 2999 2397 3036 vestibus
2439 2999 2511 3035 uti:

1451 3060 1546 3097 sicut
1575 3071 1594 3095 e
1625 3057 1814 3095 contrario
1844 3056 1881 3093 in
1909 3063 2082 3104 tempore
2102 3052 2350 3090 solemnitatis
2371 3059 2407 3088 et
2425 3064 2514 3098 gau-

1453 3113 1503 3150 dii
1527 3119 1684 3149 utuntur
1703 3110 1923 3147 cultioribus
1943 3107 2190 3145 vestimentis.
2219 3107 2331 3144 Unde
2361 3112 2396 3141 et
2423 3117 2514 3153 poe-

1424 3147 1426 3218 ξ
1452 3166 1613 3203 nitentes
1640 3164 1779 3201 vilibus
1807 3162 1978 3199 vestibus
2006 3161 2230 3198 induuntur:
2259 3167 2300 3195 ut
2326 3165 2428 3207 patet
2458 3159 2514 3194 Io-

331 3228 479 3274 minus,
509 3229 644 3265 Matth.
665 3239 702 3264 vt
725 3226 762 3263 *ε
798 3226 893 3263 Cum
921 3223 1111 3268 ieiunatis,
1148 3221 1261 3258 nolite
1281 3221 1396 3269 fieri,
1424 3220 1425 3261 ἶ
1452 3231 1524 3256 nae
1544 3231 1580 3255 111
1599 3217 1636 3264 ²¹⁴,
1667 3218 1714 3254 de
1743 3228 1851 3264 rege,
1882 3215 1946 3263 qui
1975 3215 2123 3251 indutus
2151 3218 2203 3249 est
2228 3223 2361 3256 sacco;
2399 3218 2442 3247 et>
2463 3212 2512 3247 ΙΙΙ

329 3283 426 3319 sicut
451 3282 692 3329 hypocritae,
722 3281 841 3317 tristes
850 3293 863 3324 ,·
898 3286 934 3315 et
961 3284 1095 3326 postea
1113 3275 1134 3296 ’¹‘
1162 3274 1307 3311 subdit:
1342 3275 1396 3309 Tu
1424 3275 1426 3304 ὲ
1451 3274 1550 3321 Reg.
1566 3270 1672 3317 xxi*,
1698 3271 1745 3307 de
1764 3269 1898 3306 Achab
1917 3273 1942 3314 ⁸,
1973 3267 2036 3316 qui
2056 3266 2203 3315 operuit
2223 3265 2341 3302 cilicio
2359 3276 2513 3301 carnem

331 3341 458 3372 autem
487 3346 573 3370 cum
602 3334 763 3379 ieiunas,
799 3344 900 3382 unge
928 3326 1172 3379 caput'tuum
1201 3333 1237 3364 et
1257 3327 1397 3374 faciem
1424 3357 1426 3365 ,
1451 3337 1573 3362 suam.
1596 3345 1620 3351 -
1646 3323 1893 3370 Quandoque
1911 3333 2006 3357 vero
2027 3328 2083 3356 est
2102 3320 2251 3367 signum
2273 3325 2514 3365 contemptus

332 3395 437 3426 tuam
466 3388 565 3424 lava.
597 3387 714 3434 Quod
744 3398 940 3435 exponens
968 3382 1212 3431 Augustinus,
1243 3381 1281 3417 in
1303 3380 1398 3416 libro
1425 3372 1426 3399 l
1454 3377 1670 3416 divitiarum
1701 3383 1736 3412 et
1756 3374 1941 3412 mundani
1961 3374 2089 3410 fastus.
2118 3372 2229 3410 Unde
2254 3371 2515 3418 Hieronymus

332 3443 378 3479 de
397 3442 518 3478 Serm.
539 3441 654 3476 Dom.
676 3440 713 3476 in
732 3440 868 3476 Monte
885 3438 917 3485 *,
945 3438 1052 3475 dicit:
1082 3437 1127 3473 In
1148 3436 1219 3472 hoc
1238 3433 1398 3482 capitulo
1425 3434 1427 3475 ζ
1455 3431 1553 3478 dicit,
1578 3431 1630 3467 ad
1654 3429 1850 3466 Rusticum
1878 3428 2114 3464 Monachum
2133 3425 2170 3462 *ε
2200 3424 2336 3461 Sordes
2359 3424 2513 3461 vestium

1509 3545 1533 3577 δ)
1553 3544 1661 3569 Priscis.
1672 3557 1692 3563 -
1710 3542 1815 3574 Spretis
1834 3542 1866 3570 H.
1879 3539 2038 3565 Pmeteritis
2058 3539 2075 3570 1,
2090 3538 2189 3563 Primis
2208 3538 2237 3567 L,
2253 3537 2379 3562 Pristinis
2398 3537 2450 3564 Pa;
2468 3543 2515 3567 pro

1457 3572 2437 3648 ‘mestisresaisistis2¹:immissas.

387 3557 414 3588 α)
433 3555 537 3581 ceteris.
549 3568 569 3574 —
585 3554 669 3579 ceteri
686 3553 761 3578 PDE.

388 3592 414 3626 β)
433 3591 489 3616 sub.
501 3605 520 3610 —
538 3597 618 3622 super
636 3588 794 3621 ABEleK;
813 3595 861 3620 pro
875 3587 1003 3616 obtinent,
1021 3587 1124 3612 obtinet
1141 3584 1339 3617 ABDEFleK.

386 3629 413 3662 γ)
428 3626 603 3660 perfectiora.
615 3639 635 3644 -
647 3624 840 3658 perfectionem
859 3623 960 3648 PEHL.

808 3766 822 3775 κ

2539 2099 2549 2109 ·
2562 2098 2629 2120 Vera.
2644 2103 2677 2126 37.

2541 2204 2548 2212 ⁸
2565 2202 2650 2223 Lomb.

2541 2230 2561 2239 ’⁸
2583 2229 2638 2250 Can.
2670 2227 2752 2249 Omnis

2539 2255 2665 2277 iactantia.

2542 2531 2550 2539 ·
2565 2529 2622 2556 Cap.
2637 2534 2678 2550 ιιι.

2542 2847 2549 2855 ·
2566 2845 2631 2867 Vera.
2646 2850 2679 2871 ²7·

2539 3215 2551 3227 ⁸
2565 3215 2631 3237 Vera.
2647 3214 2669 3236 6.

2541 3274 2550 3282 “
2568 3272 2632 3294 Vera.
2646 3277 2679 3298 27·

2542 3410 2551 3419 ⁴
2565 3408 2583 3429 E
2601 3408 2636 3429 iut.
2657 3405 2749 3431 CXXV,

2541 3436 2569 3456 al.
2584 3415 2615 3456 fv
