2768 4198
37 449 47 459 ⁸
54 447 162 470 Conclus.
173 454 188 475 ι,
196 454 216 474 2,
227 454 247 476 3.

36 811 78 833 ’In
86 817 159 840 corp„
166 811 247 834 etadz.

935 277 1206 323 QUAESTIO
1237 277 1433 324 CXXXII,
1462 275 1762 314 ARTICULUS
1791 275 1825 312 V

276 359 324 390 nis
347 358 485 399 gloriae,
511 357 752 397 distinguuntur
783 356 887 397 specie
915 366 933 387 a
956 356 1067 397 seipsis
1097 363 1133 387 ut
1156 356 1229 387 filiis
1253 356 1355 387 inanis
1380 365 1383 374 ¹

275 402 410 444 gloriae:
435 401 511 443 quia
535 402 613 432 istae
635 401 753 432 habent
775 401 911 441 gloriam
936 411 994 441 pro
1019 401 1156 438 obiecto,
1181 401 1252 432 illae
1276 411 1353 432 non.
1381 406 1382 419 ³

2436 274 2483 310 85

1409 356 1434 386 si
1459 356 1502 387 sic
1526 356 1775 396 intelligerentur
1797 353 1898 391 filiae,
1923 354 1967 385 sic
1997 354 2099 384 inanis
2128 353 2247 394 gloriae
2277 353 2359 383 filiae
2383 360 2487 384 essent

1410 411 1475 431 non
1498 401 1605 432 solum
1629 400 1688 432 ista
1708 407 1828 440 septem
1846 399 1931 435 vitia,
1948 399 2003 430 sed
2020 398 2130 429 omnia
2146 398 2220 429 vitia
2244 408 2326 439 quae
2350 404 2487 438 possunt

274 448 432 479 Probatur
447 446 474 477 *.
500 446 585 484 Quia
608 452 698 476 actus
721 453 752 477 et
774 445 902 476 habitus
922 455 978 486 per
993 455 1026 475 se
1049 446 1154 476 bonus
1172 454 1226 477 aut
1242 456 1298 486 per
1321 456 1354 476 se
1380 450 1382 484 ξ
1409 445 1546 476 ordinari
1578 444 1791 486 principaliter
1814 444 1853 475 ad
1877 443 2005 474 inanem
2028 443 2164 484 gloriam
2192 450 2228 473 ut
2250 442 2348 473 finem
2372 442 2486 483 princi—

275 493 380 523 malus
404 491 499 522 habet
522 490 620 521 finem
645 497 675 521 et
698 490 875 531 quamlibet
899 490 1169 521 circumstantiam
1194 490 1354 521 exterioris
1380 493 1382 527 ἶ
1408 490 1525 530 palem.
1549 490 1590 521 Et
1613 490 1656 520 sic
1680 489 1805 530 rapina,
1830 488 2035 530 prodigalitas
2060 494 2090 519 et
2114 487 2259 524 saevitia,
2277 494 2354 523 etc.,
2383 494 2486 517 essent

275 544 364 567 actus
394 534 632 566 bonificativam
661 535 711 565 vel
741 534 995 571 maleficativam,
1026 545 1085 577 pro
1117 535 1255 566 obiecto.
1291 535 1354 566 Sed
1379 531 1382 574 Ῐ
1407 533 1491 566 filiae
1513 534 1617 566 inanis
1640 533 1773 575 gloriae.
1804 533 1845 565 Et
1867 533 1912 564 sic
1935 539 2016 564 esset
2046 531 2193 564 confusio
2222 531 2379 562 filiarum:
2411 541 2485 562 cum

275 581 375 622 gloria
399 580 432 610 in
455 579 522 611 istis
547 587 592 611 est
615 578 703 610 finis:
729 579 760 610 in
790 579 851 610 illis
880 589 937 610 nec
961 586 1007 610 est
1034 578 1106 610 finis
1134 590 1191 611 nec
1220 579 1353 611 circum·
1379 575 1382 626 ἶ
1408 578 1575 620 quodlibet
1598 579 1700 620 possit
1723 578 1861 609 ordinari
1885 578 1925 608 ad
1941 577 2117 619 quodlibet.
2142 576 2236 608 Unde
2252 576 2328 607 vitia
2344 576 2403 606 ista
2419 586 2485 606 non

275 625 398 657 stantia.
424 624 532 666 Igitur.

329 670 366 701 ΙΙ.
381 669 431 700 Ad
448 669 591 710 primum
606 669 734 705 horum,
749 669 787 699 de
800 668 955 705 iactantia,
969 669 1083 700 dicitur
1094 669 1184 710 quod
1201 668 1281 699 falso
1297 668 1356 699 im·

275 714 407 756 ponitur
430 713 510 745 illud
533 713 677 744 Auctori.
704 714 869 751 Quoniam
893 713 964 744 licet
989 714 1071 744 dicat
1095 714 1183 755 quod
1207 713 1354 744 iactantia

275 759 311 791 fit
333 758 446 794 verbis,
472 768 538 789 non
562 765 669 789 tamen
695 758 770 789 dicit
793 759 883 799 quod
906 757 940 789 fit
964 766 1090 789 tantum
1104 758 1224 789 verbis:
1250 758 1352 788 immo

276 813 421 844 expresse
438 803 547 838 docuit
563 802 752 844 oppositum
768 803 914 844 superius
934 803 991 839 bis,
1008 803 1041 834 in
1058 811 1114 837 art.
1132 813 1149 833 2
1166 802 1184 821 *
1199 813 1254 843 qu.
1269 813 1351 833 exul.

275 849 337 880 Sed
361 848 502 879 distinxit
524 847 576 878 hic
599 847 781 879 iactantiam
798 855 907 879 contra
923 848 1220 889 praesumptionem
1241 855 1271 878 et
1294 847 1351 888 hy-

275 892 426 934 pocrisim
450 893 628 923 secundum
652 893 746 923 verba
763 900 793 924 et
813 892 903 929 facta,
928 893 1003 934 quia
1026 892 1172 924 iactantia
1197 891 1353 932 principa-

273 938 344 969 liter
367 936 402 968 fit
426 947 482 977 per
505 937 609 968 verba.

330 982 381 1012 Ad
411 982 608 1018 secundum,
634 982 672 1012 de
704 982 893 1023 pertinacia,
919 981 1033 1012 dicitur
1063 981 1152 1022 quod
1183 980 1354 1021 pertinacia
1381 1019 1382 1029 ἢ

275 1033 395 1068 spectat
424 1027 463 1057 ad
492 1027 689 1058 intellectum
712 1026 934 1065 materialiter,
967 1027 1088 1057 ratione
1119 1025 1293 1057 sententiae
1320 1025 1353 1055 in

274 1082 339 1113 qua
362 1071 504 1112 pertinax
527 1070 688 1102 firmatur:
713 1071 786 1102 licet
809 1071 848 1102 sit
862 1071 894 1101 in
911 1071 1054 1112 appetitu
1072 1070 1256 1105 formaliter,
1274 1069 1355 1100 sicut

275 1116 506 1158 perseverantia
530 1123 561 1147 et
584 1116 745 1147 mollities.
775 1116 815 1147 Et
839 1123 1006 1156 propterea
1030 1124 1096 1146 non
1121 1121 1168 1145 est
1195 1115 1354 1145 absonum

275 1161 378 1192 dicere
402 1162 491 1202 quod
515 1161 688 1202 pertinacia
711 1160 846 1201 pertinet
870 1160 908 1190 ad
932 1159 1138 1191 intellectum.

331 1206 382 1237 Ad
405 1206 551 1242 tertium,
577 1206 665 1247 quod
691 1204 878 1236 commixtio
902 1204 1054 1235 vitiorum
1079 1203 1257 1233 multorum
1288 1212 1352 1232 non

275 1250 414 1282 excludit
429 1251 516 1292 quin,
525 1250 627 1281 inanis
643 1250 743 1291 gloria
757 1249 800 1280 ‘sit
816 1248 969 1279 admixta:
994 1248 1163 1289 praecipue
1181 1247 1236 1277 illo
1254 1247 1354 1276 modo

275 1305 343 1338 quo
366 1295 400 1327 in
423 1294 567 1333 litterae*
589 1295 723 1331 dicitur,
747 1293 866 1325 scilicet
895 1293 1055 1324 indirecte.
1088 1291 1244 1330 Quamvis
1268 1291 1355 1321 enim

275 1338 472 1382 quandoque
501 1340 698 1371 contendens
730 1337 945 1379 principaliter
976 1344 1006 1368 et
1037 1337 1153 1368 directe
1183 1336 1355 1367 contendat

275 1391 408 1427 propter
421 1385 559 1422 lucrum,
577 1394 651 1416 cum
675 1383 739 1414 hoc
753 1390 860 1414 tamen
877 1389 937 1413 stat
953 1381 1042 1423 quod
1058 1381 1131 1412 ideo
1149 1381 1264 1411 clamat
1279 1390 1354 1411 con-

275 1429 411 1461 tentiose
435 1439 475 1460 ne
497 1428 642 1460 videatur
674 1427 789 1459 minor.
814 1427 855 1458 Et
879 1426 923 1457 sic
946 1426 1096 1457 indirecte
1120 1424 1284 1456 contentio
1309 1432 1356 1456 est

274 1473 339 1506 filia
361 1474 465 1505 inanis
487 1473 616 1514 gloriae.

331 1519 383 1550 Ad
405 1524 557 1560 quartum
581 1517 696 1548 dicitur
718 1517 819 1558 quod,
836 1516 909 1547 licet
927 1515 1088 1547 distinctio
1113 1515 1152 1545 de
1177 1514 1278 1545 modo
1302 1514 1355 1544 tri-

275 1563 351 1605 plici
374 1563 414 1594 sit
435 1573 510 1594 vera
540 1562 649 1604 quoad
672 1560 771 1592 finem
794 1560 910 1592 directe
938 1559 1153 1601 principaliter
1175 1559 1354 1596 intentum,

274 1607 353 1641 falsa
375 1614 484 1639 tamen
506 1614 554 1639 est
577 1606 776 1638 extendendo
800 1615 984 1636 sermonem
1007 1605 1047 1636 ad
1071 1604 1170 1636 finem
1192 1603 1354 1635 indirecte.

273 1653 316 1684 Et
338 1651 495 1694 quoniam
516 1650 599 1683 filiae
622 1650 726 1682 inanis
748 1650 879 1691 gloriae,
905 1657 940 1681 ut
962 1650 995 1680 in
1019 1650 1121 1681 littera
1144 1648 1269 1686 dicitur,
1288 1658 1353 1679 non

273 1707 388 1728 omnes
416 1696 532 1729 directe
556 1702 587 1728 et
610 1694 825 1738 principaliter
847 1694 1036 1726 ordinantur
1058 1694 1098 1725 ad
1121 1693 1273 1735 gloriam,
1299 1693 1354 1724 sed

274 1741 382 1784 aliqua
405 1741 520 1773 directe
545 1747 576 1772 et
599 1740 704 1782 aliqua
728 1739 894 1776 indirecte;
918 1739 992 1770 ideo
1016 1749 1083 1770 non
1103 1745 1179 1770 sunt
1201 1738 1260 1770 ista
1278 1738 1354 1769 vitia

274 1786 318 1818 sie
341 1786 566 1828 distinguenda
589 1793 626 1817 ut
648 1786 756 1817 solum
776 1785 840 1816 sint
861 1784 946 1815 filiae
960 1784 1063 1815 inanis
1079 1783 1199 1824 gloriae
1222 1783 1353 1825 quando

273 1830 391 1863 directe
421 1831 610 1864 ordinantur
632 1831 673 1862 ad
695 1830 803 1866 illam,
829 1836 866 1861 ut
891 1829 1048 1861 Martinus
1073 1828 1156 1860 fadt.
1189 1827 1354 1866 Quoniam
1380 1850 1381 1855 ,

1408 624 1515 654 solum
1539 623 1564 654 si
1590 624 1776 654 ordinentur
1800 633 1837 653 ex
1861 622 2020 663 operantis
2037 621 2212 653 intentione
2236 621 2276 651 ad
2299 620 2434 661 gloriam
2451 627 2486 651 ut

1408 667 1506 699 finem
1529 668 1747 709 principalem,
1772 668 1827 698 sed
1851 667 2029 698 secundum
2054 666 2156 707 seipsa
2180 673 2255 697 sunt
2277 665 2360 696 filiae
2384 665 2485 695 inanis

1407 713 1542 753 gloriae:
1575 713 1649 754 quia
1674 713 1851 743 secundum
1876 711 1978 752 seipsa
2001 718 2074 742 nata
2097 718 2173 742 sunt
2196 710 2411 742 communiter
2435 719 2485 740 or-

1408 757 1528 794 dinari,
1553 757 1669 788 directe
1697 757 1747 788 vel
1775 757 1943 793 indirecte,
1968 756 2001 786 in
2025 755 2315 786 manifestationem
2339 754 2486 795 propriae

1408 802 1624 838 excellentiae;
1650 802 1714 832 sive
1739 812 1813 832 cum
1838 802 1899 832 hoc
1916 801 2159 831 ordinentur-ad
2175 800 2262 831 aliud
2278 799 2402 836 vitium,
2420 799 2485 829 sive

1409 857 1486 877 non.
1511 847 1551 877 Et
1575 854 1742 887 propterea
1766 846 1824 878 ista
1841 845 2016 886 specialiter
2035 845 2185 876 dicuntur
2199 844 2281 875 filiae
2296 844 2400 875 inanis
2416 844 2486 884 glo—

1408 895 1488 927 riae,
1514 898 1544 922 et
1575 901 1640 921 non
1672 890 1732 921 alia
1762 890 1848 921 vitia.
1880 890 2029 921 Iactantia
2059 889 2218 931 siquidem
2246 889 2424 920 secundum
2452 898 2485 919 se

1409 936 1574 966 ordinatur
1605 936 1643 966 ad
1677 934 1966 965 manifestationem
2000 934 2210 965 excellentiae.
2243 934 2285 964 Et
2317 940 2485 974 propterea

1409 990 1484 1010 cum
1501 980 1573 1020 quis
1593 989 1629 1010 ex
1653 979 1739 1010 malo
1764 979 1884 1015 habitu,
1910 979 1977 1009 sola
2001 978 2165 1010 iactantiae
2189 979 2326 1010 vanitate
2351 978 2485 1008 delecta-

1409 1031 1471 1061 ωε,
1496 1034 1528 1055 se
1552 1024 1656 1059 iactat,
1675 1034 1740 1054 non
1759 1023 1867 1063 effugit
1898 1022 2083 1054 filiationem
2114 1023 2216 1053 inanis
2239 1023 2377 1063 gloriae:
2409 1022 2486 1064 quia

1408 1068 1476 1109 ipsa
1507 1068 1653 1099 iactantia
1684 1067 1862 1098 secundum
1887 1078 1919 1098 se
1943 1068 1981 1097 ad
2011 1067 2099 1097 illam
2130 1067 2303 1098 ordinatur.
2327 1085 2348 1091 -
2373 1067 2485 1097 Inobeu

1381 1120 1382 1123 ’
1409 1112 1526 1144 dientia
1550 1112 1703 1148 similiter,
1722 1112 1889 1148 discordia,
1907 1118 1977 1150 etc.‚
1995 1112 2173 1142 secundum
2197 1122 2230 1142 se
2253 1112 2370 1142 habent
2389 1121 2484 1142 anne-

1409 1167 1482 1187 xam
1506 1156 1724 1187 ostensionem
1749 1156 2067 1192 non-minorationis;
2092 1166 2128 1187 ac
2151 1166 2208 1196 per
2231 1156 2303 1192 hoc,
2323 1156 2484 1193 indirecte,

1410 1201 1620 1232 excellentiae.
1639 1201 1704 1238 Qui
1722 1201 1807 1231 enim
1825 1200 2005 1231 manifestat
2021 1211 2053 1231 se
2070 1211 2136 1231 non
2154 1200 2323 1237 minorem,
2342 1200 2486 1231 aestimat

1409 1245 1631 1286 aequalitatem
1650 1246 1752 1286 ipsam
1772 1253 1924 1286 tanquam
1946 1245 2162 1276 excellentiam
2186 1246 2359 1286 quandam.
2379 1263 2398 1267 —
2415 1245 2486 1285 Ipsa

1410 1298 1624 1332 quoque-met
1652 1290 1748 1328 vitia,
1772 1300 1809 1321 ex
1837 1290 1900 1321 hoc
1930 1290 2020 1330 quod
2052 1290 2168 1320 directe
2197 1289 2279 1321 fiunt
2308 1299 2366 1330 pro
2395 1289 2486 1320 lucro

1409 1342 1465 1366 aut
1488 1335 1598 1376 aliquo
1623 1335 1819 1372 huiusmodi,
1845 1345 1911 1365 non
1935 1334 2091 1374 effugiunt
2115 1334 2193 1375 quin
2221 1334 2358 1364 habeant
2386 1333 2485 1364 admi-

1409 1387 1495 1410 xtam
1526 1379 1654 1411 inanem
1683 1379 1829 1420 gloriam.
1861 1379 1926 1417 Qui
1956 1379 2043 1409 enim
2073 1378 2168 1410 iactat
2198 1388 2230 1409 se
2260 1378 2422 1410 medicum
2451 1385 2487 1409 ut

1409 1424 1558 1461 lucretur,
1588 1434 1653 1455 non
1686 1423 1794 1465 effugit
1822 1423 1900 1465 quin
1931 1423 2008 1454 velit
2038 1422 2238 1454 manifestare
2269 1422 2486 1455 excellentiam

1409 1478 1518 1500 suam:
1543 1468 1691 1510 quamvis
1707 1469 1795 1500 illam
1812 1467 1999 1499 subordinet
2017 1467 2174 1499 avaritiae.
2199 1467 2288 1498 Licet
2307 1467 2392 1498 enim
2416 1467 2487 1498 talis

1409 1514 1449 1546 sit
1479 1513 1581 1554 magis
1611 1523 1724 1544 avarus
1755 1523 1855 1555 quam
1885 1523 2004 1549 vanus,
2028 1519 2075 1543 est
2104 1519 2211 1543 tamen
2243 1512 2338 1543 etiam
2369 1520 2485 1542 vanus:

1408 1558 1491 1590 sicut
1513 1560 1569 1599 qui
1583 1558 1727 1600 fiat-atur
1751 1563 1785 1589 ut
1808 1558 2003 1595 moechetur,
2020 1562 2068 1589 est
2086 1558 2194 1599 magis
2215 1558 2366 1588 moechus
2388 1567 2485 1597 quam

1400 1603 1468 1644 fur
1481 1603 1509 1640 *‚
1534 1610 1581 1634 est
1610 1611 1717 1634 tamen
1747 1603 1843 1634 etiam
1874 1601 1934 1633 fur.
1959 1602 2001 1633 Et
2024 1602 2127 1633 simile
2150 1609 2196 1632 est
2220 1602 2258 1632 de
2283 1601 2487 1632 contentione

1409 1655 1440 1679 et
1462 1648 1531 1679 aliis
1554 1658 1638 1690 quae
1661 1647 1813 1679 indirecte
1837 1647 2025 1678 ordinantur
2048 1647 2088 1678 ad
2111 1646 2214 1677 inanis
2233 1646 2353 1687 gloriae
2373 1645 2485 1676 finem:

1410 1692 1605 1724 contendens
1629 1692 1789 1735 siquidem
1812 1692 1851 1723 de
1874 1692 1964 1723 lucro
1989 1701 2055 1722 non
2086 1691 2196 1732 effugit
2223 1691 2302 1733 quin
2325 1690 2399 1722 ideo
2424 1690 2486 1721 cla-

1409 1744 1476 1769 met
1502 1747 1542 1768 ne
1572 1737 1717 1769 videatur
1744 1737 1861 1773 minor,
1886 1737 1958 1767 licet
1988 1736 2051 1767 hoc
2082 1736 2190 1778 ipsum
2221 1735 2347 1767 ordinet
2374 1735 2412 1766 ad
2436 1735 2485 1766 lu-

1409 1792 1509 1814 crum.
1535 1782 1603 1814 Stat
1626 1792 1703 1822 ergo
1726 1781 1828 1812 solida
1851 1781 1948 1813 huius
1971 1781 2094 1812 articuli
2113 1781 2266 1812 doctrina.

2516 1611 2525 1621 ⁸
2540 1610 2636 1632 Aristot.
2651 1609 2727 1631 Ethic.

2500 1637 2553 1664 ⁸lib.
2580 1636 2608 1664 V,
2630 1642 2681 1664 cap.
2704 1642 2729 1661 u,

2515 1670 2537 1686 n.
2561 1670 2584 1691 4.
2606 1676 2615 1680 -
2635 1663 2659 1686 S.
2683 1662 2727 1685 Th.

2514 1691 2565 1713 lect.
2582 1697 2616 1713 ιιι.
