2768 4198
109 988 121 1000 '⁵
133 987 198 1010 Vers.
214 987 246 1010 ¹6.

110 1196 121 1206 ⁴
138 1194 195 1216 Can.

0 1192 10 1243 ἰ
109 1223 325 1301 fiat-'53⁸³

97 1307 150 1337 ,.,...
164 1306 182 1324 ..

217 1193 322 1216 clericos

211 1226 267 1243 αυιι
305 1220 313 1241 1

114 1736 125 1747 ·
138 1734 204 1758 ναι.
221 1740 253 1757 ιο.

118 2166 129 2177 ·
144 2165 211 2187 ven.
223 2170 256 2194 35.

120 2590 132 2602 ⁸
145 2590 210 2612 ven.
226 2596 249 2619 9.

122 2646 132 2656 ⁸
146 2643 204 2666 ord.
222 2643 334 2666 Anibi-os.

121 2751 132 2762 ⁶
146 2750 212 2772 Vera.
228 2750 250 2773 8.

122 2857 133 2868 ⁴
149 2857 213 2879 νει-ι.
229 2862 251 2884 7.

124 3017 134 3028 ·
149 3016 216 3038 Ver·-
231 3016 270 3038 eit.

125 3070 136 3082 ⁸
149 3069 207 3092 Ord.
226 3069 337 3091 Ambroo.

128 3336 138 3345 ⁴
152 3334 218 3356 Vei-s.
235 3339 263 3362 ¹5·

129 3496 139 3506 ·
153 3495 219 3517 vers.
236 3501 265 3522 ιι,
282 3499 310 3522 ¹3·

962 283 1229 329 QUAEsrlo
1261 284 1525 331 CLxxxvn,
1555 286 1852 323 ART1cuLus
1883 286 1932 322 ιν

2459 291 2531 327 513

346 362 533 401 temporalia
557 363 657 392 bona:
683 369 718 392 ut
741 362 837 392 hodie
856 362 1002 391 videmus
1026 362 1174 393 accidere.
1201 363 1366 399 Quoniam
1390 363 1415 393 si
1441 368 1443 393 l
1470 363 1628 403 stipendio
1652 364 1770 401 victus,
1805 375 1844 395 ne
1868 365 1920 396 alii
1945 367 2159 406 praedicarent
2183 374 2313 407 propter
2335 369 2533 408 temporalia.

347 406 543 436 confessores
575 413 604 437 et
632 406 862 447 praedicatores
886 415 952 435 non
975 406 1188 443 lucrarentur,
1214 407 1307 446 pauci
1331 407 1416 437 inve·
1442 410 1443 433 l
1470 408 1544 438 Non
1569 409 1660 448 exigo
1684 419 1702 439 a
1725 417 1754 439 te
1779 416 1900 440 tantam
1930 411 2176 450 perfectionem:
2209 412 2263 441 sed
2287 419 2322 442 ut
2345 413 2383 442 ab
2407 413 2534 443 ecclesia

348 450 499 481 nirentur.
524 451 618 481 Nunc
642 457 749 480 autem
773 457 939 491 quaerunt,
957 450 1146 490 supplicant,
1165 451 1357 492 solvuntque
1373 451 1417 481 in·
1443 462 1444 487 l
1472 459 1526 482 tua
1550 453 1735 483 huiusmodi
1752 453 1835 484 viros
1856 454 1968 491 eiicias,
1985 463 2015 486 et
2038 465 2157 496 paucos
2174 456 2287 486 habeas
2301 458 2407 497 gratis
2422 458 2535 488 dantes
2564 481 2572 489 .
2586 479 2665 500 munh·
2685 485 2735 506 cap.
2751 485 2768 500 x,

348 495 482 531 terdum,
501 502 536 525 ut
550 495 621 525 loca
639 495 782 525 habeant.
800 494 918 524 Paulus
934 495 1111 534 Apostolus
1127 495 1259 535 privavit
1276 496 1416 536 seipsum

1443 491 1445 525 l
1473 497 1558 536 quod
1581 499 1688 537 gratis
1711 504 1904 538 acceperunt
1919 499 1944 530 *.

1135 632 1453 674 ARTICULUS
1484 632 1758 683 QUARTUS

853 725 1009 756 UTRUM
1033 725 1273 756 RELIGIOSIS
1294 725 1453 756 LICEAT
1477 725 1534 755 DE
1559 726 1857 758 ELEEMOSYNIS
1882 728 2039 759 VIVERE

987 801 1018 825 ΙΙΙ
1040 801 1117 826 Cont.
1139 802 1226 830 Gent„
1246 809 1302 834 cap.
1321 808 1416 831 cxxxv;
1440 801 1515 826 Cont.
1535 801 1653 834 impugn.
1673 802 1769 836 Relig„
1789 811 1843 836 cap.
1862 812 1907 830 vu.

468 891 539 936 qm<
564 883 586 908 D
607 883 782 913 QUAR’ruM
803 883 857 908 Sic
878 883 1119 909 euoenon-un.
1136 872 1297 909 Videtur
1316 872 1421 920 quod

380 914 746 986 Ιῖᾼῑθῧὲὶοὸἰδ
776 937 854 962 non
883 925 993 962 liceat
1013 925 1069 962 'de
1096 925 1347 973 eleemosynis
1366 925 1422 962 vi-

369 978 489 1058 ‘'vg''
506 984 532 1022 ἢ
563 991 688 1038 vere.·
707 979 916 1038 Apostolus
955 978 1077 1024 enim,
1110 980 1122 1015 I
1150 979 1202 1015 ad
1230 979 1324 1038 Tim.
1346 990 1369 1014 v
1387 977 1419 1024 *,

359 1042 367 1052 ⁷
521 1024 553 1067 K
563 1040 748 1080 praecipu
766 1039 807 1068 ut
821 1033 962 1068 viduae
979 1044 1077 1080 quae
1093 1040 1252 1081 possunt
1268 1032 1421 1069 almnde

351 1084 563 1133 sustentari,
593 1097 672 1122 non
701 1085 834 1122 vivant
861 1085 908 1122 de
939 1085 1192 1133 eleemosynis
1228 1086 1421 1132 ecclesiae,

387 887 394 908 ,l

353 1144 392 1175 ut
410 1138 564 1174 ecclesia
582 1138 749 1186 sufficiat
775 1138 847 1175 illis
875 1150 973 1187 quae
991 1150 1080 1175 vere
1098 1139 1235 1175 viduae
1251 1144 1348 1176 sunt.
1375 1139 1424 1175 Et
1448 1149 1450 1152 ·

317 1236 322 1243 ι
354 1191 615 1240 Hieronymus
645 1191 743 1238 dicit,
773 1192 825 1228 ad
850 1192 1063 1229 Damasum
1092 1193 1237 1240 Papam
1256 1191 1287 1238 *,
1318 1192 1422 1241 quod

352 1245 418 1293 qui
444 1245 552 1281 bonis
573 1251 780 1293 parentum
809 1250 844 1282 et
871 1245 1003 1293 opibus
1029 1245 1232 1281 sustentari
1253 1251 1422 1293 possunt,

351 1298 385 1335 si
400 1298 504 1346 quod
523 1304 741 1347 pauperum
770 1304 825 1335 est
850 1298 1049 1347 accipiunt,
1069 1298 1313 1347 sacrilegium
1332 1311 1422 1347 pro-

341 1352 449 1400 fecto
488 1353 740 1397 committunt,
770 1357 804 1388 et
832 1363 905 1400 per
940 1352 1160 1388 abusionem
1199 1351 1331 1387 talium
1367 1352 1422 1388 iu·
1451 1383 1453 1396 ‚

353 1405 492 1441 dicium
529 1405 602 1442 sibi
634 1405 867 1442 manducant
901 1410 937 1441 et
970 1405 1109 1442 bibunt.
1148 1403 1225 1442 Sed
1261 1404 1425 1453 religiosi
1452 1412 1453 1418 ¹

354 1466 515 1507 possunt
552 1459 599 1496 de
637 1459 768 1495 labore
805 1470 992 1495 manuum
1031 1457 1251 1505 sustentari,
1291 1458 1321 1494 si
1354 1458 1427 1495 sint

352 1511 480 1549 validi.
519 1513 622 1560 Ergo
651 1512 804 1549 videtur
836 1513 940 1560 quod
969 1519 1130 1559 peccent
1159 1511 1426 1560 eleemosynas
1453 1511 1455 1538 Ξ

354 1577 572 1614 pauperum
601 1565 857 1602 comedendo.
1358 1607 1360 1609 ¹

410 1630 446 1656 2.
467 1620 706 1664 PRAETEREA,
722 1618 853 1655 vivere
873 1617 920 1654 de
942 1617 1157 1666 sumptibus
1177 1618 1350 1655 fidelium
1373 1626 1428 1655 est

355 1684 504 1709 merces
532 1672 712 1721 deputata
741 1671 1048 1720 praedicantibus
1078 1672 1333 1720 Evangelium
1354 1684 1426 1721 pro

355 1737 426 1763 suo
447 1726 578 1763 labore
597 1725 660 1763 vel
680 1737 818 1774 opere:
848 1725 1062 1774 secundum
1083 1725 1173 1762 illud
1194 1726 1328 1762 Matth.
1350 1737 1372 1762 x
1387 1725 1426 1762 *t

357 1780 509 1830 Dignus
542 1785 598 1816 est
630 1779 827 1828 operarius
859 1779 941 1816 cibo
973 1790 1053 1815 su0.
1094 1778 1170 1816 Sed
1206 1779 1427 1828 praedicare

356 1833 613 1881 Evangelium
642 1845 721 1870 non
749 1833 911 1881 pertinet
939 1832 988 1870 ad
1017 1831 1225 1880 religiosos,
1251 1833 1317 1870 sed
1347 1845 1427 1870 rna-

356 1887 458 1924 xime
488 1886 537 1923 ad
564 1887 767 1935 praelatos,
788 1886 852 1936 qui
874 1893 960 1922 sunt
988 1893 1160 1934 pastores
1181 1894 1217 1922 et
1237 1886 1426 1923 doctores.

357 1941 460 1988 Ergo
489 1939 652 1988 religiosi
681 1951 760 1976 non
789 1947 950 1988 possunt
978 1939 1074 1976 licite
1094 1939 1228 1976 vivere
1258 1939 1305 1977 de
1332 1940 1429 1976 elee-
1455 1935 1456 1975 ἶ
1483 1939 1532 1975 Et
1569 1938 1656 1975 ideo
1693 1938 1855 1986 religiosi
1891 1947 1927 1975 et
1956 1939 2079 1976 clerici
2113 1953 2279 1989 quorum
2309 1943 2548 1980 monasteriis

1455 1994 1456 1997 ’
1482 1993 1545 2029 vel
1575 1991 1752 2038 ecclesiis,
1776 2004 1820 2028 ex
1848 1992 2107 2030 munificentia
2136 1994 2348 2043 principum
2366 1996 2429 2032 vel
2454 2009 2549 2044 quo-

414 2048 449 2084 3.
470 2047 705 2093 PRAETEREA,
723 2045 884 2095 religiosi
900 2053 987 2083 sunt
1001 2045 1039 2082 in
1055 2053 1153 2082 statu
1172 2047 1428 2095 perfectionis
1456 2064 1457 2074 ¹

359 2100 437 2138 Sed
466 2100 668 2150 perfectius
698 2107 754 2136 est
782 2100 873 2137 dare
903 2100 1169 2148 eleemosynas
1197 2112 1314 2148 quam
1334 2101 1430 2138 acci·
1456 2118 1458 2127 ¹

358 2166 469 2204 pere:
500 2154 636 2191 dicitur
665 2154 766 2191 enim
796 2154 878 2190 Act.
899 2165 947 2190 xx
965 2153 1005 2189 *z
1043 2154 1197 2190 Beatius
1225 2160 1280 2191 est
1305 2155 1430 2205 magis
1457 2174 1459 2183 ι

358 2208 452 2245 dare
479 2219 594 2256 quam
623 2208 804 2256 accipere.
844 2207 946 2255 Ergo
977 2218 1054 2244 non
1084 2206 1226 2244 debent
1255 2207 1302 2244 de
1333 2209 1430 2245 elee-
1457 2205 1459 2247 Ξ

359 2261 532 2310 mosynis
560 2260 705 2307 vivere,
736 2261 803 2297 sed
832 2260 954 2309 magis
975 2273 1021 2298 ex
1042 2260 1222 2310 operibus
1243 2273 1431 2299 manuum
1458 2261 1460 2286 ²

358 1993 530 2042 mosynis
558 1992 745 2030 fidelium.

359 2326 515 2352 suarum
547 2315 814 2363 eleemosynas
844 2314 947 2351 dare.

412 2380 450 2415 4.
481 2369 726 2414 paam-enen,
764 2367 813 2405 ad
847 2367 1045 2416 religiosos
1080 2367 1243 2416 pertinet
1271 2368 1433 2417 impedi-

360 2429 490 2460 menta
517 2421 665 2458 virtutis
695 2429 732 2458 et
760 2421 982 2458 occasiones
1011 2421 1155 2470 peccati
1183 2421 1315 2458 vitare.
1356 2422 1434 2459 Sed
1460 2416 1461 2426 ¹

361 2475 532 2524 acceptio
549 2476 884 2523 eleemosynarum
904 2475 1064 2524 praebet
1079 2475 1325 2512 occasionem
1345 2488 1433 2524 pec-

361 2529 445 2576 cati,
461 2536 498 2566 et
517 2528 675 2578 impedit
693 2528 841 2566 virtutis
861 2536 1003 2565 actum.
1023 2528 1136 2566 Unde
1156 2541 1273 2577 super
1291 2528 1383 2566 illud
1400 2531 1432 2566 II

361 2583 414 2619 ad
435 2583 559 2619 Thess.
580 2583 645 2619 ult.
661 2581 692 2627 *,
720 2583 769 2619 Ut
791 2582 1034 2630 nosmetipsos
1049 2582 1227 2630 formam
1257 2582 1434 2619 daremus

362 2636 468 2684 uobis
488 2642 571 2681 etc.,
601 2635 692 2672 dicit
712 2635 849 2672 Glossa
867 2634 908 2671 *ε
941 2635 1017 2677 Qui
1036 2636 1259 2683 frequenter
1276 2636 1327 2672 ad
1344 2636 1433 2672 alie-

363 2701 454 2726 nam
481 2700 652 2725 mensam
681 2688 842 2725 comedit
867 2688 941 2724 otio
970 2687 1134 2734 deditus,
1169 2688 1344 2725 aduletur
1371 2701 1434 2726 ne-

363 2754 464 2779 cesse
491 2747 546 2778 est
564 2742 738 2790 pascenti
761 2753 812 2779 se.
842 2741 989 2778 Dicitur
1018 2741 1133 2778 etiam
1151 2742 1276 2778 Exod.
1296 2741 1432 2780 xx111*:

363 2796 428 2834 Ne
454 2795 619 2843 accipias
646 2806 826 2840 munera,
865 2806 963 2843 quae
994 2800 1202 2832 excaecant
1230 2796 1435 2844 prudentes

363 2855 401 2886 et
425 2854 573 2886 mutant
590 2850 706 2886 verba
725 2849 919 2885 iustorum.
947 2848 995 2884 Et
1013 2849 1126 2885 Prov.
1142 2860 1214 2885 xxii
1229 2847 1250 2870 ²¹³
1278 2848 1432 2887 dicitur:

368 2903 444 2945 Qui
461 2902 597 2951 accipit
613 2907 798 2947 mutuum,
825 2913 958 2938 servus
976 2906 1031 2938 est
1044 2901 1297 2950 faenerantis,
1327 2905 1433 2950 quod

365 2964 422 2993 est
450 2956 620 3004 religioni
649 2955 903 2992 contrarium:
933 2955 1036 2991 unde
1065 2967 1180 3003 super
1207 2954 1299 2992 illud
1329 2957 1359 2992 11
1385 2957 1437 2993 ad

369 3010 494 3047 leess.
516 3021 551 3046 111
570 3009 601 3055 *‚
637 3010 687 3047 Ut
703 3009 946 3057 nosmetipsos
953 3009 1132 3056 formam
1151 3008 1330 3045 daremus
1348 3016 1433 3058 etc.,

366 3062 456 3100 dicit
482 3063 620 3101 Glossa
643 3062 684 3099 *z
716 3062 867 3112 Religio
897 3067 1025 3098 nostra
1053 3062 1105 3098 ad
1129 3061 1337 3098 libertatem
1369 3064 1434 3100 ho-

365 3116 485 3153 mines
511 3116 683 3154 advocat.
722 3117 824 3164 Ergo
840 3115 1004 3152 'videtur
1031 3115 1136 3164 quod
1165 3114 1327 3163 religiosi
1356 3128 1434 3154 non

368 3169 534 3206 debeant
561 3169 609 3206 de
637 3169 893 3218 eleemosynis
921 3168 1065 3205 vivere.

425 3223 458 3259 5.
488 3223 723 3270 PRAETEREA,
743 3221 907 3271 religiosi
935 3221 1138 3271 praecipue
1157 3228 1335 3258 tenentur
1353 3221 1437 3258 imi-

366 3275 436 3312 tari
464 3276 739 3324 Apostolorum
767 3275 1064 3325 perfectionem:
1094 3274 1197 3311 unde
1226 3275 1435 3323 Apostolus

369 3328 469 3375 dicit,
490 3329 542 3365 ad
557 3329 715 3378 Philipp.
737 3341 772 3367 111
786 3329 825 3367 *ε
858 3329 1092 3377 Quicumque
1114 3328 1275 3377 perfecti
1294 3340 1436 3374 sumus,

367 3383 440 3419 hoc
464 3382 680 3419 sentiamus.
711 3383 788 3420 Sed
816 3383 1023 3432 Apostolus
1051 3382 1206 3419 nolebat
1231 3381 1364 3418 vivere
1390 3381 1436 3418 de

369 3435 584 3484 sumptibus
612 3435 798 3483 fidelium,
822 3443 864 3473 ut
883 3436 1126 3473 occasionem
1147 3435 1309 3472 auferret
1326 3446 1437 3483 pseu-

370 3488 617 3538 doapostolis,
639 3488 734 3525 sicut
751 3488 833 3537 ipse
854 3489 954 3536 dicit,
976 3491 1007 3526 II
1028 3489 1080 3526 ad
1101 3489 1188 3526 Cor.
1209 3500 1243 3525 x1
1262 3487 1304 3524 *t
1335 3496 1371 3525 et
1389 3500 1437 3526 ne

424 3604 452 3636 α)
470 3603 641 3629 liberalitate.
653 3616 672 3622 -
689 3603 813 3628 libertate
831 3602 1060 3632 ABDEFHIKLa3
1078 3608 1108 3628 ut
1126 3611 1174 3628 nos
1194 3604 1227 3630 G.

422 3638 450 3672 β)
469 3639 629 3665 communia.
643 3653 663 3658 —
681 3638 743 3664 om.
761 3638 926 3671 ACDEFpK,
944 3638 1008 3671 quia
1025 3639 1056 3664 Β.

514 3693 624 3717 Sumne
643 3692 745 3717 Tuum..
764 3692 796 3717 D.
808 3691 924 3716 Τειοιιᾼε
943 3691 975 3717 T.
994 3692 1048 3717 vn.

1476 873 1697 909 scandalum
1726 881 1934 922 poneretur
1952 875 2125 923 infirmis,
2156 884 2197 913 ut
2224 886 2325 926 patet
2346 880 2357 915 I
2378 881 2430 916 ad
2452 881 2538 918 Cor.

1477 937 1512 962 ix
1529 925 1560 962 ²¹².
1591 926 1693 973 Ergo
1722 926 1874 964 videtur
1902 929 2004 976 quod
2035 937 2190 978 propter
2223 933 2377 968 easdem
2407 946 2540 970 causas

1478 979 1640 1026 religiosi
1670 979 1835 1017 debeant
1863 981 2050 1018 abstinere
2079 995 2126 1019 ne
2148 984 2194 1019 de
2215 985 2466 1034 eleemosynis
2486 988 2540 1024 vi-

1476 1040 1580 1068 vant.
1610 1032 1722 1069 Unde
1752 1041 1788 1069 et
1806 1035 2038 1081 Augustinus
2059 1035 2157 1082 dicit,
2189 1036 2226 1074 in
2255 1038 2350 1074 libro
2379 1039 2425 1076 de
2448 1040 2540 1088 Ope-

1478 1086 1581 1122 ribus
1607 1086 1790 1123 Monach.
1812 1086 1848 1123 *z
1878 1088 2085 1136 Amputetis
2113 1090 2346 1128 occasionem
2376 1094 2540 1141 turpium

1478 1138 1756 1185 nundinarum,
1792 1140 1925 1188 quibus
1963 1142 2186 1179 existimatio
2223 1150 2348 1181 vestra
2380 1145 2540 1183 laeditur

1478 1197 1512 1228 et
1541 1192 1700 1238 infirmis
1728 1192 1995 1242 offendiculum
2018 1196 2189 1243 ponitur:
2219 1203 2254 1232 et
2276 1199 2451 1235 ostendite
2477 1201 2542 1236 ho-

1479 1245 1641 1281 minibus
1670 1257 1744 1282 non
1773 1257 1839 1282 vos
1867 1246 1903 1283 in
1934 1248 2007 1284 otio
2023 1249 2184 1295 facilem
2208 1251 2358 1296 victum,
2386 1253 2452 1288 sed
2473 1264 2544 1300 per

1479 1304 1682 1346 angustam
1711 1304 1747 1334 et
1771 1304 1917 1336 arctam
1937 1301 2038 1337 viam
2068 1313 2229 1351 regnum
2248 1304 2324 1340 Dei
2349 1315 2540 1352 quaerere.

1535 1351 1610 1387 SED
1640 1362 1785 1387 CONTRA
1814 1364 1879 1388 EST
1908 1354 2032 1401 quod,
2072 1354 2167 1392 sicut
2196 1356 2401 1404 Gregorius
2437 1358 2542 1406 dicit,

1481 1403 1519 1439 in
1539 1403 1635 1440 libro
1655 1404 1809 1454 Dialog.
1825 1405 1856 1451 *,
1879 1406 2010 1443 beatus
2038 1408 2266 1445 Benedictus
2286 1409 2404 1446 tribus
2424 1411 2543 1458 annis,

1482 1455 1519 1492 in
1557 1469 1674 1505 specu
1711 1469 1962 1505 permanens,
2004 1460 2049 1496 de
2083 1461 2139 1497 his
2177 1474 2274 1510 quae
2311 1475 2333 1499 a
2366 1464 2544 1501 Romano

1481 1510 1675 1546 monacho
1705 1510 2024 1559 ministrabantur,
2055 1514 2213 1551 refectus
2242 1523 2312 1561 est,
2342 1524 2546 1564 postquam

1454 1570 1455 1588 ³
1483 1563 1644 1600 domum
1665 1571 1920 1612 parentesque
1940 1566 2151 1614 reliquerat.
2174 1568 2224 1604 Et
2241 1576 2382 1615 tamen,
2398 1570 2547 1607 validus

1482 1629 1644 1666 corpore
1675 1617 1848 1663 existens,
1878 1631 1958 1656 non
1980 1619 2113 1668 legitur
2142 1621 2188 1657 de
2209 1621 2339 1658 labore
2360 1635 2547 1660 manuum

1481 1670 1626 1707 victum
1656 1671 1902 1720 quaesivisse.
1941 1673 2044 1721 Ergo
2074 1674 2234 1722 religiosi
2264 1675 2360 1712 licite
2387 1685 2549 1725 possunt

1482 1724 1530 1761 de
1559 1725 1814 1773 eleemosynis
1842 1725 1986 1763 vivere.

1536 1778 1763 1815 RESPONDEO
1792 1790 1976 1816 morannum
2006 1780 2110 1828 quod
2144 1780 2349 1829 unicuique
2381 1782 2467 1819 licet
2493 1783 2548 1819 vi-

1454 1842 1456 1879 ξ
1482 1843 1574 1868 vere
1604 1831 1650 1868 de
1681 1843 1727 1867 eo
1757 1831 1863 1880 quod
1891 1844 2004 1869 suum
2025 1841 2081 1870 est
2100 1835 2160 1870 vel
2181 1834 2251 1871 sibi
2278 1835 2459 1872 debitum.
2491 1837 2549 1874 Fit

1483 1892 1611 1921 autem
1641 1884 1782 1934 aliquid
1811 1885 1968 1922 alicuius
1998 1898 2043 1923 ex
2072 1886 2291 1924 liberalitate
2313 1893 2330 1909 α
2359 1888 2545 1927 donantis.

1484 2057 1738 2094 rumcumque
1767 2045 1951 2093 fidelium,
1982 2054 2068 2083 sunt
2096 2047 2289 2085 facultates
2319 2049 2474 2086 collatae
2505 2062 2548 2086 ex

1484 2099 1621 2148 quibus
1650 2106 1918 2147 sustententur,
1947 2108 2108 2148 possunt
2136 2102 2183 2138 de
2204 2101 2256 2138 eis
2279 2101 2410 2140 vivere
2439 2103 2549 2151 licite,

1485 2153 1630 2202 absque
1666 2153 1740 2189 hoc
1775 2153 1879 2200 quod
1909 2154 2086 2190 manibus
2115 2154 2299 2192 laborent.
2339 2156 2388 2192 Et
2420 2164 2548 2193 tamen

1486 2214 1631 2243 certum
1661 2214 1717 2242 est
1746 2218 1811 2243 eos
1841 2206 1887 2243 de
1918 2207 2172 2255 eleemosynis
2200 2207 2342 2245 vivere.
2373 2209 2484 2246 Unde
2514 2218 2550 2246 et

1487 2259 1675 2307 similiter,
1706 2259 1736 2296 si
1769 2259 1896 2308 aliqua
1924 2260 2080 2297 mobilia
2109 2261 2289 2309 religiosis
2323 2275 2344 2298 a
2372 2263 2551 2300 fidelibus

1488 2314 1740 2359 conferantur,
1770 2321 1931 2362 possunt
1959 2314 2006 2350 de
2028 2313 2080 2350 eis
2099 2314 2195 2351 licite
2215 2315 2366 2352 vivere:
2397 2317 2551 2353 stultum

1487 2375 1543 2404 est
1580 2367 1683 2404 enim
1721 2366 1847 2403 dicere
1884 2367 1989 2416 quod
2027 2367 2161 2416 aliquis
2197 2367 2235 2404 in
2264 2369 2549 2418 eleemosynam

1487 2421 1608 2470 possit
1636 2420 1808 2470 accipere
1836 2432 1994 2469 magnas
2022 2421 2295 2469 possessiones,
2321 2434 2399 2459 non
2426 2431 2552 2460 autem

1486 2487 1630 2523 panem
1657 2475 1720 2511 vel
1741 2486 1901 2522 parvam
1921 2474 2136 2523 pecuniam.
2167 2497 2190 2503 -
2220 2475 2296 2515 Sed
2317 2476 2404 2524 quia
2424 2476 2552 2513 huius-

1488 2527 1595 2565 modi
1624 2527 1812 2564 beneficia
1840 2527 2022 2575 religiosis
2050 2527 2226 2565 videntur
2249 2541 2330 2565 esse
2351 2530 2485 2566 collata
2505 2530 2553 2566 ad

1487 2582 1562 2618 hoc
1591 2582 1695 2630 quod
1723 2580 1878 2617 liberius
1906 2580 2087 2629 religiosis
2107 2581 2252 2618 actibus
2271 2581 2440 2620 insistere
2464 2595 2553 2631 pos-

1488 2635 1573 2682 sint,
1602 2646 1769 2684 quorum
1799 2634 1954 2682 cupiunt
1977 2646 2017 2671 se
2037 2634 2118 2671 sore
2136 2634 2336 2683 participes
2365 2636 2430 2683 qui
2458 2643 2551 2672 tem-

1487 2688 1632 2738 poralia
1661 2687 1966 2734 subministrant,
1996 2687 2218 2725 redderetur
2246 2688 2298 2725 eis
2326 2701 2417 2726 usus
2445 2701 2553 2737 prae-

1487 2742 1676 2780 dictorum
1707 2741 1898 2778 donorum
1919 2740 2066 2778 illicitus
2086 2741 2114 2778 si
2135 2741 2183 2778 ab
2205 2741 2350 2778 actibus
2370 2741 2552 2790 religiosis

1489 2795 1730 2833 desisterent:
1760 2794 1850 2842 quia
1878 2793 1941 2841 sic,
1971 2802 2156 2843 quantum
2176 2802 2232 2831 est
2255 2794 2302 2832 de
2322 2807 2375 2842 se,
2405 2795 2553 2832 defrau-

1489 2851 1623 2887 darent
1642 2847 1891 2885 intentionem
1914 2860 2046 2885 eorum
2067 2847 2131 2896 qui
2152 2847 2238 2884 talia
2258 2848 2444 2886 beneficia
2465 2861 2554 2886 con-

1487 2903 1665 2940 tulerunt.

1542 2954 1725 2992 Debitum
1759 2961 1887 2991 autem
1926 2962 1982 2990 est
2018 2953 2160 3002 aliquid
2196 2954 2303 2991 alicui
2342 2954 2551 3003 dupliciter.

1488 3009 1576 3046 Uno
1592 3008 1725 3055 modo,
1742 3015 1897 3056 propter
1912 3007 2185 3054 necessitatem,
2203 3019 2301 3056 quae
2318 3007 2404 3045 facit
2423 3007 2552 3046 omnia

1489 3061 1712 3099 communia
1727 3059 1754 3108 β,
1770 3069 1812 3098 ut
1825 3060 2052 3098 Ambrosius
2067 3060 2087 3083 *
2101 3060 2190 3098 dicit
2207 3060 2258 3097 *³¹2
2275 3061 2324 3097 Et
2337 3060 2438 3108 ideo,
2450 3060 2480 3097 si
2496 3073 2553 3098 re-

1488 3115 1609 3164 ligiosi
1624 3114 1885 3151 necessitatem
1897 3114 2097 3163 patiantur,
2109 3114 2205 3150 licite
2220 3122 2380 3162 possunt
2394 3114 2441 3151 de
2459 3114 2554 3150 elee-

1490 3168 1661 3216 mosynis
1693 3167 1838 3204 vivere.
1868 3167 1978 3215 Quae
2006 3167 2161 3216 quidem
2200 3166 2402 3204 necessitas
2429 3174 2555 3216 potest

1491 3234 1574 3258 esse
1593 3226 1621 3268 Υ,
1650 3220 1775 3270 primo
1805 3220 1981 3269 quidem,
2015 3228 2171 3270 propter
2199 3221 2368 3269 corporis
2395 3220 2553 3258 infirmi-

1490 3282 1628 3322 tatem,
1665 3286 1710 3310 ex
1739 3286 1815 3323 qua
1845 3273 2025 3322 contingit
2059 3274 2161 3323 quod
2194 3286 2273 3310 non
2299 3273 2446 3322 possint
2485 3274 2556 3312 sibi

1490 3327 1622 3364 labore
1650 3339 1836 3364 manuum
1864 3326 2007 3363 victum
2031 3339 2227 3376 quaerere.
2257 3347 2281 3354 -
2312 3327 2503 3373 Secundo,
2524 3327 2555 3364 si

1491 3381 1581 3418 illud
1610 3379 1715 3428 quod
1745 3392 1789 3423 ex
1818 3392 1934 3428 opere
1963 3380 2130 3416 manuali
2159 3379 2397 3428 conquirunt,
2425 3380 2478 3417 eis
2507 3380 2554 3417 ad

1491 3434 1636 3471 victum
1665 3445 1744 3470 non
1773 3433 1944 3470 sufficiat.
1981 3433 2092 3470 Unde
2122 3433 2354 3481 Augustinus
2383 3433 2488 3479 dicit,
2518 3433 2555 3470 in

1492 3488 1589 3524 libro
1618 3487 1663 3524 de
1696 3486 1876 3535 Operibus
1903 3486 2086 3523 Monach.
2106 3485 2143 3534 ²¹²,
2173 3486 2279 3535 quod
2313 3487 2412 3524 bona
2441 3498 2555 3535 opera

1543 3602 1571 3636 γ)
1590 3609 1654 3628 esse.
1665 3615 1684 3621 ·-
1702 3601 1844 3634 tripliciter
1862 3600 1932 3626 addit
1950 3601 1978 3631 P.
1996 3600 2208 3633 quadrupliciter
2226 3600 2295 3625 addit
2313 3600 2346 3625 H.

2379 3686 2411 3711 65

2565 512 2622 527 vers.
2638 506 2659 527 8.

2569 945 2576 952 ·
2591 942 2657 964 vers.
2674 948 2702 964 ιι.

2570 1104 2576 1112 ⁶
2592 1102 2647 1130 Cap.
2664 1108 2743 1123 xxvui.

2571 1420 2581 1429 ⁴
2597 1418 2647 1439 Lib.
2662 1418 2690 1445 11,
2704 1424 2754 1445 cap.
2766 1424 2768 1438 1

2582 3102 2590 3110 ¹
2605 3100 2711 3122 Basilius.

2581 3128 2601 3137 ⁸⁸
2616 3127 2690 3149 Serm.
2710 3126 2768 3148 LXI*

2580 3154 2608 3175 al.
2634 3153 2739 3178 LXXXI,
2763 3161 2768 3173 4

2583 3181 2660 3208 Temp.
2688 3190 2699 3195 -
2733 3180 2767 3200 lnt

2581 3207 2642 3234 Opp.
2658 3206 2767 3228 Ambros.

2582 3493 2592 3503 ·
2605 3492 2660 3519 Cap.
2676 3497 2732 3512 xvn.
