2768 4198
0 352 7 447 vnvm—-
0 257 6 341 ›0-—-
0 223 2 226 v
0 195 1 198 „

0 521 5 538 Ι

0 558 7 594 ᾗ*

0 611 2 621 v

0 642 3 655 Ι

77 500 86 510 ·
99 498 170 521 Num.
185 504 211 520 n.

942 277 1212 324 QUAESTIO
1243 276 1494 322 cxxxvm,
1526 274 1822 313 ARTmULth
1853 274 1883 310 11

317 360 364 391 nis
381 359 421 390 sit
444 358 618 389 divertendi
634 368 652 388 a
668 357 776 388 medio
800 357 949 398 proprio:
974 357 1029 387 sed
1046 363 1093 387 sat
1109 363 1156 387 est
1171 356 1260 397 quod
1281 356 1389 396 ipsum
1415 360 1417 391 ξ

315 404 429 435 vitium
458 413 495 434 ex
522 402 651 443 propria
678 409 791 432 natura
820 401 859 432 sit
885 401 991 442 primo
1019 400 1210 431 recessivum
1239 411 1256 431 a
1280 400 1389 431 medio
1415 403 1417 431 ἶ

315 447 463 489 propriae
479 446 612 478 virtutis.
630 446 775 477 Medium
790 453 898 477 autern
914 446 947 476 in
962 445 1203 487 perseverantia,
1218 452 1254 476 ut
1267 445 1388 476 dictum
1415 461 1417 477 ι

315 500 362 524 est
376 492 404 529 *‚
421 498 468 523 est
490 491 655 532 persistere
679 490 712 522 in
737 490 901 522 sententia.
924 490 1071 521 Pertinax
1093 497 1201 521 autem
1225 499 1263 521 ex
1286 489 1389 520 inten-

315 537 402 568 tione
426 536 546 567 excedit
576 535 654 566 hoc:
687 534 843 577 quoniam
872 535 1027 565 immanet
1057 535 1229 566 sententiae
1257 534 1388 575 quando

316 592 382 613 non
408 587 545 622 oportet,
562 580 612 611 vel
630 579 680 611 cui
709 590 774 611 non
799 586 937 620 oportet.
962 580 1034 610 Hoc
1059 586 1165 610 autem
1183 586 1229 611 est
1245 579 1388 610 recedere

316 637 334 657 a
353 625 551 667 persistentia
566 625 744 655 secundum
761 625 850 666 quod
878 631 1021 665 oportet:
1046 623 1112 654 sive
1136 623 1301 655 molestiae
1317 623 1390 654 diu-

316 670 474 702 turnitatis
505 669 621 701 faciant
649 669 735 700 hunc
766 679 937 706 recessum,
969 669 1034 699 sive
1064 678 1141 700 non.
1174 669 1215 700 Et
1245 668 1389 699 similiter

317 714 423 746 mollis
447 721 503 752 est,
528 714 755 755 undecumque
773 714 846 755 quis
862 724 900 744 ex
923 713 1100 744 intentione
1124 723 1189 744 non
1215 719 1332 754 perstet
1354 712 1389 742 in

317 759 472 791 sententia
491 759 670 790 secundum
694 759 783 800 quod
805 765 942 799 oportet,
961 765 991 789 et
1006 768 1072 788 non
1089 758 1196 788 solum
1217 757 1242 788 si
1259 763 1390 798 propter
1415 760 1417 762 “

316 805 460 836 laborem
495 803 711 835 diuturnitatis
742 813 808 834 non
841 810 958 844 perstet
988 803 1020 833 in
1052 802 1225 833 sententia:
1258 808 1389 843 propter

317 849 452 880 eandem
484 848 658 885 rationem,
688 848 806 879 scilicet
833 848 909 889 quia
936 857 973 878 ex
1000 854 1112 878 natura
1140 857 1198 878 sua
1223 846 1295 877 talis
1322 856 1388 877 non

317 900 460 934 perstans
481 893 596 924 recedit
612 903 630 923 a
646 892 845 934 persistentia
862 892 1040 923 secundum
1055 892 1144 933 quod
1161 897 1308 932 oportet;
1325 891 1389 921 iam

317 937 404 970 enim
428 937 551 969 dictum
567 944 614 969 est
629 937 720 979 quod
736 937 768 968 in
784 937 982 978 persistentia
1008 936 1165 968 clauditur
1187 935 1389 966 diuturnitas.
1415 931 1417 966 Ξ

374 983 415 1014 Et
438 993 494 1023 per
518 982 579 1014 hoc
599 989 685 1023 patet
701 982 868 1024 responsio
886 982 925 1012 ad
939 982 1129 1019 secundum,
1146 980 1282 1012 dicendo
1299 980 1389 1021 quod

2438 282 2508 318 117

1444 365 1585 386 recessus
1619 365 1636 385 a
1669 353 1867 395 persistentia
1898 352 2032 383 includit
2065 361 2223 382 recessum
2256 361 2275 381 a
2307 350 2511 382 diuturnitate

1443 400 1621 431 secundum
1646 399 1736 440 quod
1759 404 1896 439 oportet.

1416 483 1417 486 Ἴ
1499 445 1540 475 Et
1563 454 1619 485 per
1642 444 1704 474 hoc
1728 450 1814 484 patet
1838 441 2003 483 responsio
2027 441 2068 472 ad
2084 441 2224 471 tertium.
2249 439 2347 470 Aliud
2364 448 2410 470 est
2426 439 2511 469 enim

1415 491 1418 526 ᾗ
1442 489 1534 530 loqui
1550 489 1589 519 de
1604 498 1727 520 recessu
1739 487 1807 519 vitii
1824 498 1841 518 a
1857 486 1981 518 medio:
1998 493 2034 523 et,
2044 485 2141 521 aliud,
2156 485 2195 515 de
2211 494 2335 515 recessu
2352 484 2511 525 operantis

1415 537 1417 555 ¹
1442 533 1566 564 vitiose.
1592 532 1757 571 Quoniam
1781 541 1876 563 causa
1898 540 2033 562 movens
2055 529 2333 570 vitiosum'potest
2347 538 2414 559 esse
2431 528 2512 559 mul-

1443 578 1550 618 tiplex.
1574 578 1615 608 Et
1639 588 1705 608 non
1722 577 1805 608 tollit
1828 583 1975 608 naturam
1997 574 2083 606 vitii:
2107 573 2250 615 pertinax
2277 573 2362 604 enim
2388 580 2434 603 est
2458 572 2513 614 qui

1415 641 1417 656 ι
1443 623 1538 654 nimis
1563 632 1600 653 ex
1623 621 1799 653 intentione
1823 627 1956 662 perstat,
1981 620 2207 660 undecumque
2230 618 2287 649 iste
2318 618 2419 649 homo
2444 627 2513 648 mo-

1442 674 1553 698 veatur
1582 667 1622 697 ad
1653 666 1897 697 immanendum
1931 664 2104 696 sententiae
2130 663 2261 704 quando
2291 662 2342 693 vel
2372 661 2422 693 cui
2448 672 2512 692 non

1415 742 1417 750 ,
1443 718 1579 753 oportet.

1499 757 1551 787 Ad
1577 760 1729 797 quartum
1759 754 1886 791 dicitur,
1912 764 1986 785 cum
2014 756 2168 789 Auctore,
2194 752 2283 794 quod
2311 751 2453 792 pertinax
2477 760 2514 781 ex

1444 808 1533 841 parte
1566 799 1786 831 delectationis
1819 799 1976 840 appetitae
2007 805 2054 829 est
2084 797 2195 828 similis
2228 795 2448 832 incontinenti,
2480 805 2501 826 u

1444 845 1630 876 Aristoteles
1650 844 1742 875 dixit:
1768 844 1946 875 secundum
1961 850 2069 874 tamen
2085 842 2118 873 id
2132 842 2223 883 quod
2238 841 2354 872 directe
2369 840 2514 876 intendit,

1444 890 1562 921 scilicet
1584 889 1760 920 immanere
1783 888 1932 929 propriae
1962 887 2146 924 sententiae,
2169 885 2347 928 opponitur
2371 894 2515 927 perseve-

1445 934 1581 970 rantiae;
1606 940 1637 964 et
1653 933 1831 964 secundum
1854 931 1953 963 finem
1976 931 2152 972 opponitur
2175 928 2438 972 magnanimitati,
2456 938 2515 970 pro

1415 973 1417 1012 Ι
1445 985 1568 1020 quanto
1592 984 1639 1009 est
1661 977 1763 1008 inanis
1787 976 1897 1017 gloria.
