2768 4198
61 1243 72 1254 ⁸
83 1242 181 1265 Arintot.
197 1242 263 1265 Meta

56 1269 126 1318 5¹¹2:
135 1269 213 1318 31¹2}

222 1276 248 1292 0⁸
267 1286 272 1291 .

59 1312 100 1344 nb.
120 1322 161 1350 v1,
180 1276 272 1345 ιοαῖῖιὲιῖ

61 1560 73 1572 ·
85 1559 143 1588 Cap.
157 1565 196 1588 xx,
210 1566 259 1583 xxi.

62 1643 72 1655 ⁸
81 1643 225 1672 Desmne,
233 1644 273 1666 lib,

61 1669 155 1726 533:
170 1677 187 1693 ¹·

106 1727 163 1747 Ιὶοῐ.

170 1703 274 1752 ¹31,¹¹c¹.,‚.

64 2581 75 2591 ⁸
87 2578 158 2602 Num.
174 2585 223 2602 xxv.

64 2624 75 2636 ⁴·
101 2623 138 2645 De
166 2623 278 2645 Generat.

62 2649 164 2672 Αιὰιιαι.
192 2649 232 2671 lib.
271 2665 277 2675 ‚

64 2681 262 2725 3⁹e5¹¹3112¹332
283 2712 286 2715 -

70 3458 80 3468 ⁸
94 3458 129 3480 Ct‘.
143 3459 240 3481 Aristot.
252 3459 281 3480 de

68 3483 280 3507 GeneratAnrmal.

69 3510 107 3532 lib.
123 3511 152 3538 V,
164 3517 216 3539 cap.
229 3518 279 3533 vni.

71 3542 78 3550 '
94 3542 128 3563 Cf.
144 3548 208 3564 num.
223 3549 264 3564 ιιι.

961 276 1229 322 QUAESTIO
1260 277 1396 324 CLIV,
1426 276 1725 314 ARTICULUS
1754 276 1822 313 XII

300 357 442 387 cundum
465 365 498 386 se
522 361 644 391 totum,
669 355 724 385 sed
747 355 854 384 solum
878 354 1055 384 secundum
1082 354 1131 384 sui
1162 363 1367 394 supremum:

299 444 468 475 mollitiem
490 449 613 480 totum,
639 443 738 483 magis
766 449 873 474 tamen
905 443 1082 473 secundum
1108 442 1157 472 sui
1181 452 1369 482 supremum

299 498 398 529 quam
420 487 580 518 infimum.

299 621 420 651 veniale
444 631 462 650 a
486 620 624 651 mortali.

356 665 408 696 IV.
434 665 469 694 In
493 665 608 695 eodem
632 663 825 694 duodecimo
849 663 993 699 articulo,
1011 662 1148 693 dubium
1172 662 1309 693 occurrit
1327 672 1373 692 ar-

298 753 443 783 lieribus:
469 763 533 793 qua
556 753 673 784 scilicet
695 752 817 783 ratione
841 758 964 783 constat
987 751 1063 782 tales
1087 758 1175 783 actus
1198 751 1371 782 mulierum

299 842 434 872 mortale
458 848 586 882 oportet
608 841 696 882 quod
721 841 760 872 sit
783 847 892 872 contra
916 842 1041 871 bonurn
1064 840 1210 871 divinum
1234 847 1289 871 aut
1312 840 1372 871 hu-

299 984 366 1004 non
391 974 493 1015 agitur
516 981 625 1005 contra
649 975 773 1005 bonum
802 975 963 1011 divinum,
987 980 1023 1004 ut
1046 980 1145 1013 patet;
1174 983 1232 1004 nec
1262 981 1371 1005 contra

299 1019 424 1049 bonum
443 1019 634 1059 angelicum,
651 1026 687 1050 ut
702 1025 806 1059 patet;
830 1029 888 1050 nec
905 1025 1014 1050 contra
1037 1018 1163 1048 bonum
1174 1018 1369 1057 humanum.

299 1063 465 1094 Probatur.
495 1063 580 1101 Quia
604 1063 629 1094 si
648 1063 711 1094 hoc
735 1070 825 1100 esset,
849 1063 922 1093 ideo
946 1069 1028 1093 esset
1050 1062 1127 1103 quia
1157 1070 1238 1093 esset
1262 1070 1372 1094 contra

300 1108 424 1138 bonum
447 1108 659 1148 generationis
692 1108 865 1138 humanae:
900 1114 936 1138 ut
958 1107 991 1137 in
1022 1107 1156 1137 mollitie
1178 1107 1236 1137 viri
1267 1114 1297 1138 et
1320 1118 1371 1138 so-

300 1152 408 1182 domia
425 1153 644 1184 masculorum
660 1158 755 1192 patet.
780 1152 842 1182 Sed
858 1152 920 1182 hoc
936 1161 1003 1182 non
1023 1158 1083 1182 est:
1108 1151 1184 1192 quia
1203 1152 1370 1183 seminatio

300 1291 468 1327 propterea
484 1284 527 1315 {ri
551 1291 639 1315 actus
659 1285 831 1315 mulierum
854 1295 921 1315 non
945 1290 1061 1315 exeunt
1083 1285 1199 1316 limites
1227 1292 1371 1326 peccato-

300 1339 374 1359 rum
397 1339 479 1370 quae
503 1336 578 1360 sunt
593 1329 673 1360 circa
696 1335 798 1360 tactus
821 1336 851 1360 et
875 1330 1050 1370 amplexus,
1066 1329 1099 1359 in
1115 1330 1243 1370 quibus,
1263 1340 1372 1361 secun-

301 1373 380 1404 dum
404 1383 452 1410 se,
477 1380 601 1404 constat
623 1383 690 1404 non
714 1373 884 1404 consistere
907 1381 1074 1414 peccatum
1107 1374 1239 1415 aliquod
1263 1381 1372 1406 contra

301 1424 464 1454 naturam,
489 1418 579 1459 quod
602 1417 805 1449 constituitur
833 1428 869 1448 ex
891 1418 954 1449 hoc
977 1419 1066 1459 quod
1089 1418 1173 1450 tollit
1201 1418 1300 1450 finem
1323 1429 1372 1450 se-

300 1462 484 1493 minationis
508 1462 678 1499 humanae,
703 1462 820 1494 scilicet
842 1462 1080 1503 generationem
1104 1463 1253 1494 hominis.

357 1507 456 1545 Quod
479 1514 587 1538 autem
611 1507 749 1538 feminae
773 1517 882 1538 semen
905 1517 972 1538 non
994 1508 1173 1549 requiratur
1195 1518 1252 1548 per
1275 1518 1308 1539 se
1332 1509 1372 1539 ad

301 1551 550 1592 generationem,
573 1558 706 1582 testatur
727 1552 924 1588 Aristoteles,
943 1551 976 1582 in
994 1552 1006 1582 1
1023 1553 1063 1583 de
1087 1552 1166 1584 Gen.
1189 1553 1331 1585 Animal.
1344 1553 1371 1590 ¹¹⁸,

302 1596 383 1627 circa
404 1595 516 1627 finem:
541 1606 640 1637 quem
663 1596 808 1637 sequitur
830 1599 962 1633 Auctor,
986 1596 1020 1626 in
1044 1597 1084 1627 III
1109 1597 1209 1634 Parte,
1227 1608 1282 1639 qu.
1302 1608 1373 1628 xxxr

301 1647 358 1672 art.
387 1641 414 1677 5,
439 1641 480 1671 ad
505 1641 533 1671 3.
562 1641 604 1672 Et
622 1640 698 1682 quia
722 1640 862 1672 Galenus
878 1641 905 1677 *,
930 1647 961 1671 et
983 1641 1145 1672 Avicenna
1169 1642 1202 1672 in
1227 1643 1270 1673 IX
1285 1642 1320 1662 ¹¹*
1343 1649 1374 1673 et

302 1685 451 1716 Albertus
474 1684 507 1715 in
530 1685 589 1716 XV
603 1685 620 1704 '⁸‘
642 1685 683 1716 de
704 1686 857 1722 Animal„
881 1692 990 1716 tenent
1013 1687 1211 1726 oppositum,
1228 1693 1323 1718 restat
1338 1694 1375 1718 ut

303 1729 438 1760 dubium
462 1729 575 1760 saltem
590 1730 630 1760 sit
645 1739 685 1760 an
702 1729 734 1760 hi
751 1736 839 1761 actus
863 1730 1036 1761 mulierum
1059 1731 1122 1761 sint
1144 1738 1272 1771 peccata
1288 1741 1373 1762 mor-

301 1773 392 1805 talia:
425 1773 506 1804 sicut
524 1774 659 1805 dubium
682 1780 786 1811 restat,
810 1781 941 1815 propter
962 1775 1145 1806 varietatem
1169 1776 1373 1816 opinionum,

301 1829 343 1849 an
365 1827 475 1849 semen
497 1818 640 1849 mulieris
663 1828 720 1858 per
743 1829 776 1849 se
799 1818 976 1860 requiratur
999 1819 1039 1849 ad
1062 1820 1309 1859 generationem.

358 1863 396 1894 V.
417 1863 469 1893 Ad
485 1863 675 1894 evidentiam
691 1863 886 1903 quaestionis
901 1863 1007 1899 huius,
1025 1863 1190 1894 sciendum
1207 1871 1254 1894 est
1273 1864 1372 1904 quod,

301 1907 375 1938 licet
397 1916 463 1937 non
483 1907 523 1938 sit
545 1907 596 1938 hic
620 1907 764 1948 quaestio
789 1917 828 1937 an
853 1907 885 1937 hi
909 1914 996 1938 actus
1020 1908 1193 1938 mulierum
1217 1908 1278 1938 sint
1301 1918 1373 1948 pec-

302 1957 371 1982 cata
393 1951 540 1981 mortalia
563 1950 732 1994 (quoniam
751 1951 814 1981 hoc
837 1961 896 1991 pro
920 1951 1076 1982 constanti
1101 1952 1302 1992 supponitur,
1323 1959 1373 1983 ut-

303 2001 379 2036 pote
402 1996 441 2025 ab
465 1995 611 2026 universa
634 1995 775 2026 Ecclesia
798 2001 1013 2036 acceptatum:
1038 1996 1146 2026 nullus
1166 1996 1252 2027 enirn
1275 2007 1372 2037 appa-

302 2046 349 2070 ret
382 2038 568 2070 catholicus
600 2038 851 2082 contradicens);
876 2049 933 2070 nec
957 2040 996 2070 sit
1025 2040 1170 2081 quaestio
1197 2051 1236 2071 an
1265 2050 1373 2072 semen

303 2083 444 2114 mulieris
468 2093 524 2124 per
547 2093 580 2114 se
603 2091 770 2115 concurrat
793 2085 832 2114 ad
855 2084 1092 2124 generationem
1116 2083 1205 2127 (quia
1228 2086 1372 2126 quaestio

303 2129 380 2159 haec
404 2128 443 2158 ad
471 2128 649 2159 naturalem
681 2135 801 2168 spectat
829 2127 1098 2171 philosophiam);
1123 2130 1178 2159 sed
1208 2129 1248 2160 sit
1276 2140 1372 2171 quae-

303 2172 364 2204 stio
389 2173 428 2202 de
451 2172 638 2204 certitudine
670 2183 726 2204 seu
751 2173 906 2204 evidentia
937 2173 1066 2204 rationis
1097 2173 1247 2204 naturalis
1275 2184 1372 2215 quare

303 2217 492 2248 huiusmodi
508 2223 596 2247 actus
620 2224 694 2248 sunt
710 2223 839 2258 peccata
861 2217 1026 2248 mortalia:
1051 2217 1126 2258 quia
1145 2224 1252 2248 tamen
1275 2229 1372 2259 quae-

304 2262 366 2293 stio
392 2261 468 2292 haec
491 2262 609 2301 pendet
639 2271 676 2292 ex
698 2261 811 2292 notitia
833 2261 1020 2292 huiusmodi
1050 2268 1181 2292 actuum
1204 2262 1236 2292 in
1259 2272 1373 2303 genere

305 2313 445 2342 naturae,
470 2306 626 2346 quoniam
648 2312 815 2346 peccatum
839 2313 948 2337 contra
971 2313 1118 2337 naturam
1146 2305 1299 2338 fundatur
1322 2317 1374 2338 su-

303 2360 360 2391 per
382 2350 444 2380 hoc
467 2350 557 2390 quod
580 2356 668 2381 actus
692 2357 739 2380 est
762 2356 871 2380 contra
899 2356 1029 2381 naturae
1056 2351 1220 2388 ordinem,
1247 2359 1277 2383 et
1299 2362 1372 2392 pec-

304 2401 411 2426 catum
434 2394 568 2425 mortale
584 2394 616 2425 in
633 2404 746 2435 genere
771 2404 884 2425 eorum
900 2405 982 2436 quae
1001 2402 1111 2426 contra
1126 2402 1273 2427 naturam
1289 2404 1373 2434 sunt,

303 2439 456 2470 fundatur
478 2448 574 2479 super
605 2439 692 2469 malo
720 2439 863 2470 humano
887 2439 919 2470 in
939 2439 1003 2475 his,
1028 2439 1170 2481 alioquin
1195 2450 1261 2471 non
1293 2448 1375 2472 esset

304 2490 413 2514 contra
436 2483 614 2520 caritatem
637 2483 710 2514 ideo
735 2483 801 2514 duo
825 2483 967 2514 facienda
984 2490 1068 2515 sunt.
1092 2485 1211 2522 Primo,
1228 2486 1373 2517 tractabi-

303 2535 356 2559 tur
378 2528 447 2568 ipsa
475 2527 625 2558 naturalis
648 2528 807 2568 quaestio;
832 2529 990 2565 secundo,
1016 2529 1131 2560 directe
1158 2530 1302 2570 quaesito
1326 2541 1374 2561 re-

305 2570 515 2612 spondebitur
529 2572 555 2602 *.

361 2616 414 2647 VI.
439 2616 558 2653 Quoad
581 2615 734 2655 primum,
758 2616 935 2647 Aristotelis
950 2616 968 2635 *
990 2617 1143 2648 sententia
1167 2618 1263 2649 est**
1286 2620 1375 2660 quod

305 2670 415 2691 semen
437 2659 575 2691 feminae
598 2670 665 2690 non
683 2666 729 2691 est
744 2660 862 2690 humor
885 2660 1055 2697 seminalis,
1073 2662 1128 2692 sed
1144 2669 1190 2693 est
1206 2663 1375 2703 superflui-

305 2711 351 2735 tas
375 2705 505 2745 propria
535 2705 634 2735 uteri:
666 2714 725 2735 nec
749 2704 908 2735 concurrit
930 2705 970 2735 ad
992 2706 1229 2745 generationem
1259 2708 1375 2748 quovis

305 2750 416 2785 modo,
431 2749 506 2790 quia
523 2759 580 2780 nec
593 2755 629 2780 ut
641 2758 736 2788 agens
753 2759 811 2779 nec
823 2755 859 2780 ut
872 2749 1011 2780 materia.
1029 2750 1146 2781 Probat
1161 2758 1268 2782 autem
1285 2753 1375 2793 quod

305 2793 381 2824 dicit
407 2793 547 2830 ratione,
572 2800 603 2824 et
625 2794 819 2834 quibusdam
851 2793 956 2833 signiS.
989 2794 1082 2824 Ratio
1110 2801 1156 2825 est
1179 2796 1255 2836 quia
1286 2806 1375 2827 men-

305 2843 431 2868 struum
454 2845 501 2869 est
523 2838 613 2879 quod
636 2838 669 2868 in
693 2837 812 2868 femina
836 2837 1117 2878 proportionaliter
1140 2840 1312 2880 respondet
1327 2851 1375 2872 se-

305 2881 385 2912 mini
401 2882 434 2912 in
449 2883 529 2913 viro.
549 2883 635 2922 Ergo
652 2882 705 2912 ille
721 2883 802 2913 alius
817 2882 946 2918 humor,
963 2883 1053 2922 quod
1069 2893 1178 2914 semen
1193 2884 1226 2914 in
1243 2885 1375 2916 muliere

306 2926 451 2963 dicimus,
476 2937 543 2957 non
567 2933 613 2957 est
636 2927 716 2957 illud
740 2927 829 2968 quod
853 2927 1080 2966 correspondet
1102 2927 1135 2957 in
1158 2928 1277 2959 femina
1299 2939 1375 2970 pro-

305 2971 524 3012 portionaliter
546 2971 660 3001 semini
681 2971 750 3002 viri.
774 2989 793 2994 -
815 2973 1029 3011 Assumptum
1061 2973 1214 3012 probatur
1245 2983 1282 3004 ex
1309 2984 1376 3004 sen-

305 3015 457 3046 sibilibus.
491 3015 576 3054 Quia
604 3015 721 3046 scilicet
751 3015 1030 3056 proportionaliter
1057 3016 1215 3056 incipiunt
1242 3024 1273 3049 et
1296 3019 1375 3049 desi-

305 3066 387 3090 nunt
409 3069 518 3091 semen
541 3060 599 3090 viri
623 3067 654 3091 et
676 3067 878 3091 menstruum
901 3060 1052 3096 mulieris,
1077 3061 1194 3092 scilicet
1212 3061 1245 3091 in
1261 3063 1375 3102 puber-

305 3109 368 3134 tate
399 3110 430 3134 et
459 3111 633 3141 senectute;
664 3115 727 3135 vox
759 3105 792 3135 in
823 3111 961 3145 utroque
993 3105 1274 3145 proportionaliter
1299 3113 1376 3138 tunc

306 3154 463 3185 mutatur;
485 3148 520 3178 in
543 3155 681 3190 utroque
705 3149 760 3189 pili
784 3155 973 3189 generantur
996 3156 1085 3186 tunc;
1111 3156 1141 3180 et
1163 3151 1307 3181 membra
1329 3162 1376 3182 re-

307 3191 430 3231 ceptiva
461 3193 628 3234 utriusque
661 3193 805 3224 humoris
834 3194 1065 3226 distenduntur.
1089 3211 1110 3217 —
1138 3193 1377 3236 Consequentia

307 3236 469 3276 probatur.
494 3237 579 3274 Quia
603 3237 628 3268 si
651 3245 851 3269 menstruum
869 3245 915 3269 est
929 3238 1008 3269 illud
1032 3239 1280 3279 proportionale,
1302 3250 1376 3280 ergo

307 3289 374 3309 non
397 3289 525 3311 semen:
550 3288 580 3312 et
603 3282 629 3312 si
653 3291 771 3319 semen,
797 3293 872 3323 ergo
896 3293 963 3313 non
987 3289 1197 3314 menstruum.
1226 3284 1376 3324 Impossi-

307 3323 369 3354 bile
393 3323 550 3364 siquidem
575 3332 622 3356 est
644 3326 711 3356 dari
731 3327 844 3357 semini
859 3327 940 3357 virili
965 3327 1030 3358 duo
1047 3328 1298 3367 proportionalia
1322 3339 1375 3358 na-

308 3367 421 3398 turalia
444 3367 477 3398 in
501 3369 626 3400 eodem.
655 3370 754 3407 Quod
776 3378 886 3411 posset
907 3371 1034 3412 probari
1057 3379 1128 3402 tum
1152 3382 1188 3403 ex
1211 3379 1298 3412 parte
1322 3383 1375 3403 na-

308 3418 406 3448 turae,
431 3411 507 3452 quia
529 3413 612 3443 sicut
635 3423 697 3445 non
721 3414 827 3456 deficit
849 3417 882 3446 in
907 3417 1107 3454 necessariis,
1124 3417 1169 3447 ita
1193 3426 1255 3447 non
1277 3417 1375 3448 abun-

308 3456 364 3486 dat
387 3457 419 3486 in
443 3457 618 3496 superfluis
632 3457 667 3487 *z
691 3464 762 3489 tum
785 3469 821 3490 ex
844 3460 965 3491 ratione
988 3461 1135 3501 propriae
1159 3471 1280 3498 causae,
1301 3461 1375 3502 quia

308 3500 334 3530 si
358 3506 533 3540 utrumque
557 3506 604 3531 est
625 3501 705 3532 illud
721 3504 977 3543 proportionale,
998 3511 1147 3536 neutrum
1172 3511 1218 3536 est
1240 3505 1329 3536 illud.

365 3544 482 3574 Indicia
505 3551 612 3574 autem
633 3552 707 3576 sunt
721 3546 822 3577 multa
834 3546 862 3578 ²¹¹.
885 3548 1031 3579 Primum
1052 3556 1098 3580 est
1120 3550 1210 3590 quod
1226 3550 1374 3580 mulieres

309 3598 402 3629 saepe
434 3588 619 3629 concipiunt
648 3589 715 3620 sine
746 3589 799 3620 illa
829 3590 1036 3624 delectatione
1067 3603 1149 3634 quae
1180 3594 1214 3624 in
1245 3594 1373 3625 seminis

310 3632 478 3663 emissione
510 3632 651 3663 sentitur.
685 3651 706 3656 —
738 3633 918 3665 Secundum
953 3643 999 3667 est
1029 3637 1134 3677 quod,
1168 3645 1373 3670 concurrente

451 3694 561 3718 Summa
580 3693 682 3718 Tuon.
702 3694 733 3719 D.
749 3693 864 3719 Tnomn
883 3694 915 3720 T.
928 3695 981 3720 VII.

2415 290 2490 327 249

1395 357 1397 394 j
1423 362 1561 396 utroque
1585 354 1705 385 semine
1721 354 1787 384 sine
1807 360 1982 390 menstruo,
2000 363 2065 384 non
2086 354 2270 395 concipiunt
2289 355 2447 387 mulieres.
2470 375 2490 379 —

299 401 388 441 quod
411 406 518 430 tamen
547 401 669 430 Auctor
693 409 730 429 ex
752 398 920 439 proposito
950 398 1098 434 intendit,
1123 408 1247 438 ponens
1275 408 1370 438 supra
1396 405 1397 440 ξ

1428 400 1569 429 Tertium
1587 406 1634 430 est
1649 400 1738 439 quod
1754 398 1942 430 huiusmodi
1966 408 2074 428 semen
2094 408 2161 428 non
2178 399 2326 430 convenit
2342 400 2492 431 omnibus

1424 443 1623 473 mulieribus:
1649 444 1704 473 sed
1727 443 1833 474 nitidis
1858 449 1888 473 et
1911 442 2127 479 feminaribus,
2152 450 2188 474 ut
2211 444 2401 483 plurimum,
2426 455 2493 475 non

670 523 675 528 ι
1396 520 1398 522 ,
1425 493 1532 517 autem
1562 487 1657 518 fuscis
1687 494 1718 518 et
1747 497 1830 528 quae
1860 494 1934 518 sunt
1956 487 2120 527 viragines
2145 506 2163 510 -
2192 487 2352 525 Quartum
2382 495 2429 519 est
2457 499 2493 519 ex

355 532 502 564 obiectio
526 539 634 563 autern
656 531 800 572 procedit
818 531 857 561 de
876 531 976 561 modo
996 537 1118 571 praeter
1141 536 1297 566 naturam,
1315 530 1370 570 qui
1396 527 1398 547 ³,

299 586 366 607 non
394 576 529 617 impedit
560 575 807 616 generationem.
838 575 938 612 Quod
965 575 1058 605 distat
1082 585 1099 605 a
1129 574 1263 605 mollitie
1291 574 1371 604 sicut
1397 592 1398 610 3

1424 532 1610 571 quantitate.
1635 532 1719 569 Quia
1742 531 1859 562 scilicet
1883 532 2022 562 multum
2042 532 2162 563 excedit
2184 532 2345 563 interdum
2368 534 2493 573 quanti-

1425 582 1522 606 tatem
1546 576 1686 606 seminis.
1711 576 1751 606 Et
1767 576 1904 606 variatur
1923 576 1956 606 in
1971 576 2044 616 plus
2061 583 2091 607 et
2107 576 2213 607 minus
2237 578 2414 608 secundum
2434 578 2494 608 cibi

1397 619 1399 653 ἶ,
1425 619 1597 650 rationem:
1623 630 1697 650 nam
1721 620 1854 660 quidam
1878 620 1938 651 cibi
1955 621 2036 651 aerei
2060 621 2181 661 saporis
2205 628 2322 662 augent
2340 622 2457 662 ipsum.
2475 639 2493 645 -

1397 663 1399 700 ζ
1429 664 1583 700 Quintum
1608 671 1654 694 est
1678 674 1714 694 ex
1737 674 1849 703 genere
1874 664 2080 696 feminarum:
2106 666 2180 706 quia
2204 666 2322 697 scilicet
2345 667 2414 697 talis
2438 666 2496 697 hu-

299 709 403 739 duum
427 709 507 739 circa
530 709 687 739 rationem
720 707 866 739 mollitiei
891 714 921 738 et
944 707 1125 738 sodomitici
1151 706 1219 737 vitii
1242 707 1274 737 in
1298 717 1371 737 mu·
1398 708 1399 727 ³

1426 718 1497 738 mor
1516 718 1582 738 non
1608 708 1755 739 convenit
1778 709 1928 740 omnibus
1948 709 2083 740 feminis.
2109 727 2130 732 -
2153 710 2285 742 Sextum
2302 718 2348 743 est
2364 711 2438 754 quia
2458 721 2495 742 ex

1398 789 1399 794 ¹
1426 759 1573 784 contactu
1598 763 1664 784 non
1688 753 1837 785 emittunt
1860 753 1996 787 feminae
2020 766 2128 787 semen
2152 767 2208 797 per
2230 756 2298 788 illas
2321 765 2433 798 partes.

300 807 367 827 esse
390 803 519 837 peccata
541 797 698 828 mortalia.
729 797 770 827 Et
798 803 845 827 est
874 796 954 827 ratio
978 796 1066 827 dubii
1096 796 1171 837 quia
1203 802 1371 836 peccatum
1397 804 1399 834 ζ

1483 798 1551 828 VII.
1568 798 1641 828 Divi
1658 805 1766 829 autem
1782 799 1928 831 Thomae
1940 800 1956 819 *
1979 802 2132 832 sententia
2143 802 2178 821 **
2201 802 2358 833 consentit
2374 803 2495 833 Aristo-

1397 858 1399 876 ἴ
1424 842 1477 872 teli
1494 842 1527 872 in
1542 842 1604 872 hoc
1620 843 1708 882 quod
1725 852 1833 873 semen
1848 845 1989 875 mulieris
2004 856 2070 876 non
2095 853 2141 877 est
2159 846 2371 878 necessarium
2387 847 2427 877 ad
2441 857 2494 888 ge-

300 895 449 924 manum,
473 895 529 916 seu
554 892 712 916 creaturae
742 885 981 916 intellectualis:
1013 885 1171 926 alioquin,
1200 895 1266 915 non
1290 892 1372 916 esset
1397 895 1399 915 ὲ

300 936 408 961 contra
432 930 604 961 caritatem.
634 930 669 960 In
695 929 883 960 huiusmodi
907 936 1015 960 autem
1045 929 1165 960 actibus
1198 929 1371 960 mulierum
1397 929 1399 958 ἕ

1424 886 1632 917 nerationem.
1650 889 1701 917 An
1714 894 1821 917 autem
1837 889 1876 919 sit
1891 890 1968 920 utile
1981 891 2020 919 ad
2032 891 2279 930 generationem,
2293 898 2347 922 aut
2359 892 2494 922 omnino

1425 938 1618 967 extraneum,
1643 937 1679 961 ut
1702 931 1886 963 Aristoteles
1910 934 2015 970 sensit,
2041 945 2107 964 non
2131 935 2215 966 dicit.
2240 936 2312 972 Sed,
2333 946 2407 966 cum
2423 937 2493 967 Ari-

1424 976 1552 1006 stoteles
1569 975 1646 1006 dixit
1662 985 1770 1005 semen
1787 977 1928 1007 mulieris
1945 988 2006 1008 non
2025 988 2091 1010 esse
2107 980 2271 1010 humorem
2295 981 2493 1020 seminalem,

1424 1021 1479 1050 sed
1503 1030 1570 1051 esse
1592 1020 1849 1061 superfluitatem
1878 1023 1963 1052 uteri
1985 1032 2039 1052 seu
2064 1023 2211 1060 matricis,
2236 1024 2327 1055 divus
2350 1025 2495 1056 Thomas

1425 1064 1500 1095 dicit
1522 1064 1630 1105 ipsum
1654 1073 1721 1094 esse
1745 1065 1967 1106 imperfectum
1991 1068 2069 1107 quid
2092 1069 2124 1098 in
2147 1078 2268 1108 genere
2291 1070 2429 1101 seminis.
2455 1070 2496 1101 Et

1425 1119 1462 1139 ex
1484 1109 1546 1139 hoc
1569 1108 1677 1139 intulit
1699 1110 1788 1149 quod
1819 1119 1885 1140 non
1916 1118 1962 1141 est
1985 1112 2114 1142 materia
2146 1113 2317 1143 necessaria
2344 1113 2376 1143 in
2400 1124 2494 1154 gene-

1397 1167 1399 1192 5
1424 1153 1557 1184 ratione.
1583 1153 1668 1190 Quia
1692 1153 1778 1183 enim
1798 1164 1906 1184 semen
1931 1156 2107 1186 secundum
2124 1157 2244 1196 generis
2268 1158 2316 1187 sui
2340 1158 2495 1189 rationem

300 1196 441 1227 mulieris
465 1206 531 1227 non
556 1196 714 1227 concurrit
737 1196 777 1226 ad
792 1195 1029 1236 generationem
1052 1196 1112 1226 nisi
1136 1206 1192 1237 per
1211 1196 1370 1233 accidens;
1397 1196 1399 1219 ῐ

300 1250 337 1271 ea
356 1247 464 1271 autem
487 1250 569 1281 quae
590 1247 667 1282 sunt
690 1250 746 1281 per
769 1240 912 1271 accidens
937 1240 1131 1271 omittuntur
1147 1241 1186 1271 ab
1203 1248 1268 1272 arte
1279 1241 1306 1271 *.
1331 1242 1372 1272 Et
1397 1243 1399 1252 '

1425 1204 1471 1228 est
1494 1197 1526 1228 in
1550 1207 1663 1238 genere
1688 1207 1800 1228 causae
1825 1198 1993 1236 effectivae,
2019 1207 2053 1230 ut
2076 1207 2162 1240 patet
2185 1201 2217 1231 in
2245 1202 2418 1233 seminibus
2441 1213 2494 1233 ve-

1424 1242 1620 1283 getabilium,
1638 1249 1668 1272 et
1685 1252 1828 1282 expresse
1848 1244 2002 1284 scriptum
2017 1251 2064 1275 est
2077 1245 2109 1274 in
2125 1245 2154 1275 V
2170 1247 2354 1287 Metaphys.
2371 1247 2396 1283 *‚
2422 1254 2453 1277 et
2469 1248 2494 1278 11

1423 1287 1565 1328 Phssic„
1581 1297 1648 1326 cap.
1662 1287 1702 1317 de
1717 1287 1843 1318 Causis.
1859 1287 1893 1324 *;
1915 1298 2114 1330 consequens
2132 1296 2178 1320 est
2194 1297 2238 1327 ut,
2255 1291 2281 1320 si
2297 1301 2405 1321 semen
2423 1302 2494 1322 mu-

1424 1332 1507 1362 lieris
1531 1331 1571 1361 sit
1593 1331 1626 1361 in
1649 1341 1763 1371 genere
1787 1332 1925 1369 seminis,
1942 1334 2088 1374 quamvis
2113 1341 2148 1364 ut
2166 1335 2243 1375 quid
2262 1335 2494 1375 imperfectum,

1425 1377 1514 1417 quod
1538 1385 1604 1406 non
1635 1376 1674 1407 sit
1697 1387 1754 1416 per
1776 1387 1809 1407 se
1840 1377 2024 1409 ordinatum
2048 1388 2066 1408 a
2096 1385 2207 1409 natura
2238 1386 2274 1409 ut
2297 1381 2336 1410 sit
2366 1381 2496 1411 materia

1424 1420 1647 1461 generationis.
1681 1421 1779 1458 Quod
1803 1422 1888 1452 enirn
1913 1429 1959 1453 est
1982 1422 2165 1453 ordinatum
2195 1433 2251 1463 per
2274 1434 2306 1454 se
2330 1431 2366 1454 ut
2389 1425 2428 1455 sit
2451 1435 2497 1455 se-

1425 1475 1510 1502 men,
1528 1475 1594 1496 non
1619 1471 1666 1495 est
1688 1476 1744 1506 per
1767 1476 1799 1496 se
1816 1466 1998 1498 ordinatum
2023 1474 2058 1498 ut
2081 1467 2121 1498 sit
2144 1468 2273 1498 materia
2293 1469 2436 1499 seminis:
2462 1479 2498 1499 ac

1425 1520 1481 1551 per
1503 1510 1575 1546 hoc,
1593 1519 1659 1540 non
1683 1517 1729 1541 est
1753 1511 1882 1542 materia
1902 1512 2075 1542 necessaria
2091 1513 2130 1542 ad
2146 1513 2393 1552 generationem,
2418 1523 2498 1554 quo-

1425 1555 1512 1585 niam
1534 1554 1605 1585 talis
1629 1561 1675 1585 est
1698 1555 1826 1595 propria
1850 1556 1980 1586 materia
2003 1556 2141 1587 seminis.

1480 1599 1563 1630 VIII.
1588 1599 1750 1630 Avicenna
1773 1610 1859 1636 vero,
1876 1600 1909 1630 in
1934 1611 2002 1640 cap.
2019 1611 2053 1631 111
2078 1601 2120 1631 IX
2143 1601 2183 1631 de
2205 1602 2365 1639 Animal.‚
2392 1609 2421 1632 et
2444 1602 2498 1632 Al-

1426 1644 1542 1680 bertus,
1560 1644 1593 1673 in
1607 1643 1670 1674 fine
1686 1645 1745 1675 XV
1760 1645 1800 1675 de
1814 1645 1955 1676 Animal.
1969 1645 1995 1681 *‚
2020 1651 2134 1685 putant
2157 1655 2266 1675 semen
2286 1646 2427 1676 mulieris
2443 1656 2499 1686 per

1425 1698 1458 1719 se
1473 1698 1660 1719 concurrere
1676 1689 1715 1719 ad
1731 1689 1978 1729 generationem,
1995 1699 2060 1720 non
2080 1697 2114 1720 ut
2130 1699 2238 1720 semen
2256 1690 2329 1732 (nisi
2349 1690 2499 1731 aequivo-

1426 1742 1460 1763 ce
1477 1733 1605 1763 seminis
1630 1733 1762 1763 nomine
1785 1734 1905 1764 utendo
1921 1732 1969 1776 *),
1994 1735 2049 1764 sed
2066 1744 2252 1764 concurrere
2268 1741 2304 1764 ut
2319 1735 2498 1774 proximam
2526 1746 2534 1755 ·

1426 1778 1591 1807 materiam
1607 1778 1836 1817 generationis:
1857 1778 1900 1808 ita
1917 1778 2006 1819 quod
2022 1779 2150 1818 sanguis
2173 1785 2355 1809 menstruus
2372 1787 2418 1810 est
2433 1790 2498 1810 ma-

1426 1821 1502 1851 teria
1525 1821 1661 1861 impura,
1679 1832 1774 1862 egens
1798 1822 1901 1853 adhuc
1926 1823 2112 1853 decoctione
2128 1823 2167 1852 ad
2183 1823 2245 1853 hoc
2265 1824 2353 1863 quod
2371 1824 2410 1854 sit
2426 1834 2499 1864 pro-

1424 1865 1509 1896 xima
1533 1866 1664 1896 materia
1687 1866 1912 1906 generationis;
1938 1874 1969 1897 et
1992 1875 2159 1907 propterea
2178 1874 2224 1897 est
2247 1867 2334 1898 velut
2357 1868 2445 1898 cibus
2461 1869 2497 1899 il-

1425 1910 1487 1940 lius
1503 1910 1642 1947 seminis,
1659 1920 1715 1941 seu
1733 1911 1894 1951 sanguinis
1910 1911 1982 1948 albi,
2000 1912 2089 1952 quod
2105 1917 2151 1941 est
2166 1911 2310 1951 proxima
2330 1912 2459 1942 materia
2471 1913 2496 1944 *.

1483 1954 1622 1985 Galenus
1638 1955 1655 1974 *
1678 1962 1796 1992 autern,
1821 1965 1919 1996 quern
1943 1956 2086 1996 sequitur
2109 1956 2233 1992 Scotus‚
2249 1956 2282 1986 in
2305 1966 2337 1986 1v
2361 1956 2430 1987 dist.
2456 1957 2496 1987 111

1426 1999 1512 2029 Sent.
1529 1999 1555 2035 *,
1581 2000 1705 2040 opinari
1728 2000 1852 2030 videtur
1871 2000 1960 2041 quod
1977 2010 2085 2030 semen
2109 2000 2251 2030 mulieris
2274 2008 2440 2032 concurrat
2463 2008 2499 2032 ut

1426 2053 1550 2074 semen:
1576 2044 1722 2085 quamvis
1751 2045 1858 2075 minus
1881 2044 2071 2086 principale,
2107 2051 2137 2075 et
2166 2045 2349 2085 dependens
2377 2045 2408 2075 in
2441 2056 2498 2076 sua

1427 2088 1608 2119 causalitate
1633 2099 1650 2119 a
1673 2089 1793 2119 semine
1817 2089 1884 2119 viri.
1905 2089 1946 2120 Et
1968 2089 2048 2120 ratio
2073 2089 2184 2119 Galeni
2208 2096 2255 2119 est
2273 2089 2349 2129 quia
2373 2099 2408 2120 ex
2432 2100 2498 2130 quo

1425 2133 1531 2172 proles
1555 2133 1752 2174 quandoque
1783 2133 1973 2164 assimilatur
1997 2133 2078 2173 patri
2103 2140 2133 2163 et
2161 2134 2357 2174 quandoque
2389 2134 2498 2171 matri,

1427 2177 1519 2207 debet
1542 2187 1608 2208 esse
1634 2187 1697 2207 una
1721 2178 1904 2208 communis
1933 2178 2012 2208 ratio
2036 2177 2223 2208 huiusmodi
2252 2177 2499 2210 assimilationis.

1426 2221 1487 2252 Sed
1511 2221 1591 2252 ratio
1615 2221 1851 2252 assimilationis
1875 2223 1914 2252 ad
1938 2229 2060 2261 patrem
2084 2229 2130 2252 est
2154 2231 2272 2252 semen.
2298 2222 2396 2262 Igitur
2419 2223 2499 2253 ratio

1425 2265 1661 2296 assimilationis
1693 2267 1731 2296 ad
1755 2273 1890 2297 matrem
1923 2272 1969 2296 est
1993 2276 2112 2296 semen.
2136 2284 2157 2289 —
2181 2266 2222 2296 Et
2253 2265 2459 2297 confirmatur
2483 2278 2500 2297 a

1426 2310 1539 2341 Scoto:
1565 2310 1639 2351 quia
1664 2311 1832 2351 proprium
1848 2311 1969 2351 agentis
1994 2317 2040 2341 est
2063 2310 2236 2340 assimilare
2261 2310 2319 2340 sibi
2343 2310 2499 2348 effectum,

1427 2364 1492 2385 non
1516 2354 1675 2385 materiae.

1483 2399 1535 2430 IX.
1557 2399 1640 2430 Inter
1662 2399 1718 2429 has
1738 2406 1845 2430 autem
1871 2399 2040 2439 opiniones
2056 2409 2138 2439 quae
2162 2399 2202 2429 sit
2219 2409 2302 2435 vera,
2320 2409 2386 2429 non
2410 2399 2500 2430 facile

1427 2450 1566 2484 apparet.
1591 2444 1674 2474 Nam
1698 2444 1778 2474 ratio
1802 2443 1980 2474 Aristotelis
2002 2444 2019 2462 *
2043 2444 2219 2483 plurimum
2245 2444 2440 2475 auctoritatis
2464 2454 2500 2474 ex

1426 2488 1629 2519 sensibilibus
1653 2488 1757 2519 habet.
1783 2488 1825 2519 Et
1848 2498 1914 2518 non
1939 2487 1999 2519 nisi
2023 2498 2126 2518 unum
2158 2488 2216 2518 sibi
2240 2488 2364 2518 obstare
2387 2488 2498 2519 video:

1427 2533 1546 2564 scilicet
1561 2533 1651 2574 quod
1667 2539 1779 2563 natura
1803 2532 1913 2573 posuit
1929 2533 2035 2568 talem,
2054 2532 2171 2563 scilicet
2192 2542 2370 2568 veneream,
2388 2539 2418 2563 et
2432 2539 2499 2563 tan-

1425 2584 1492 2608 tam
1515 2577 1760 2608 delectationem
1779 2577 1811 2607 in
1836 2577 2030 2607 resolutione
2047 2586 2102 2607 seu
2127 2577 2296 2607 emissione
2321 2577 2449 2607 seminis
2466 2577 2497 2607 in

1427 2622 1569 2652 muliere.
1596 2621 1681 2652 Cum
1707 2621 1793 2652 enim
1817 2628 1928 2652 natura
1957 2628 2027 2661 agat
2050 2627 2181 2662 propter
2204 2620 2318 2656 finem,
2342 2621 2385 2651 ita
2409 2621 2498 2661 quod

1428 2677 1465 2697 ex
1488 2676 1583 2697 causa
1605 2665 1692 2696 finali
1717 2666 1840 2706 optima
1863 2665 2000 2696 sumitur
2022 2665 2101 2696 ratio
2129 2665 2162 2695 in
2186 2665 2397 2701 naturalibus;
2423 2675 2498 2695 con-

1428 2720 1564 2752 sequens
1588 2717 1635 2741 est
1658 2717 1694 2741 ut
1717 2716 1827 2740 natura
1852 2709 2035 2750 apposuerit
2053 2709 2295 2740 delectationem
2318 2709 2350 2739 in
2374 2709 2427 2739 tali
2452 2719 2497 2740 se-

1427 2755 1603 2786 minatione
1633 2761 1763 2795 propter
1786 2755 1910 2784 bonum
1941 2754 2055 2794 speciei
2086 2754 2336 2789 conservandae,
2362 2753 2441 2784 sicut
2464 2754 2496 2783 in

1428 2799 1637 2830 seminatione
1660 2799 1728 2829 viri.
1753 2799 1794 2828 Et
1817 2799 1972 2839 quoniam
1995 2798 2161 2828 manifeste
2184 2804 2314 2838 apparet
2340 2798 2427 2838 quod
2453 2805 2499 2828 est

1428 2843 1594 2875 delectatio
1618 2853 1685 2873 non
1709 2843 1790 2873 sicut
1813 2843 1845 2873 in
1870 2843 2149 2873 confricationibus
2170 2849 2224 2873 aut
2246 2842 2497 2872 alleviationibus

1428 2895 1567 2924 naturae,
1588 2887 1643 2917 sed
1665 2897 1809 2925 venerea,
1830 2887 1909 2918 adeo
1934 2894 1970 2917 ut
1993 2887 2178 2917 sensibiliter
2201 2887 2321 2927 quietet
2345 2886 2497 2926 concupi-

1428 2932 1581 2963 scentiam
1604 2941 1771 2962 veneream
1795 2932 1827 2962 in
1852 2931 2056 2967 mulieribus;
2082 2941 2146 2961 non
2172 2938 2218 2962 est
2247 2938 2497 2961 consentaneum

1428 2977 1542 3007 rationi
1566 2977 1656 3017 quod
1679 2976 1865 3006 huiusmodi
1889 2975 2056 3006 seminatio
2081 2975 2120 3006 sit
2147 2982 2381 3006 excrementum
2406 2975 2496 3011 uteri,

1429 3021 1484 3052 sed
1507 3021 1596 3061 quod
1613 3021 1652 3051 sit
1675 3031 1693 3050 a
1716 3027 1828 3051 natura
1848 3021 1992 3050 ordinata
2015 3021 2055 3050 ad
2071 3019 2343 3050 conservationem
2367 3019 2496 3059 speciei:

1429 3065 1595 3096 delectatio
1619 3065 1703 3095 enim
1725 3074 1857 3095 venerea
1881 3075 1918 3096 ex
1941 3064 2069 3104 propria
2092 3064 2212 3094 ratione
2232 3064 2270 3093 ad
2294 3070 2381 3093 actus
2404 3073 2497 3103 gene-

1429 3109 1542 3140 rationi
1566 3109 1774 3139 deservientes
1798 3115 1934 3149 spectat,
1959 3115 1990 3139 et
2012 3108 2085 3138 illos
2108 3108 2194 3138 solos
2219 3107 2432 3148 consequitur.
2457 3108 2498 3138 Et

1428 3154 1505 3184 haec
1528 3153 1607 3183 ratio
1632 3153 1790 3183 convincit
1812 3153 2008 3184 intellectum
2031 3162 2151 3188 meum,
2174 3162 2240 3182 non
2264 3152 2303 3181 ad
2326 3151 2496 3182 dicendum

1428 3198 1518 3238 quod
1542 3207 1650 3228 semen
1674 3197 1815 3227 mulieris
1839 3197 1879 3227 sit
1900 3207 1972 3227 vere
1996 3206 2103 3227 semen
2128 3195 2300 3238 (quoniam
2328 3196 2403 3225 novi
2427 3196 2496 3226 Ari-

1428 3241 1575 3272 stotelem
1595 3240 1774 3272 confutasse
1790 3241 1852 3271 hoc
1867 3241 1900 3270 *2
1926 3241 2050 3277 scilicet,
2068 3240 2156 3281 quod
2173 3240 2339 3270 delectatio
2355 3240 2414 3270 ista
2430 3249 2496 3270 non

1429 3292 1476 3316 est
1498 3285 1656 3316 sufficiens
1676 3285 1803 3325 signum
1828 3285 1916 3325 quod
1940 3285 1993 3315 illa
2009 3284 2138 3315 emissio
2162 3284 2202 3315 sit
2227 3284 2405 3320 seminatio,
2422 3285 2497 3325 quia

1429 3329 1594 3360 delectatio
1610 3330 1705 3360 etiam
1722 3329 1926 3369 consequitur
1942 3329 1981 3359 ad
1998 3329 2202 3359 emissionem
2217 3329 2355 3369 spiritus,
2369 3335 2404 3359 ut
2421 3338 2496 3359 con-

1428 3373 1549 3405 fricatio
1565 3373 1651 3413 apud
1663 3373 1855 3414 impotentes
1868 3373 1971 3404 adhuc
1992 3373 2145 3403 seminare
2157 3383 2275 3413 pueros
2288 3371 2494 3414 manifestat):

1429 3419 1484 3448 sed
1507 3418 1546 3448 ad
1563 3417 1733 3448 dicendum
1757 3418 1846 3458 quod
1869 3417 2036 3448 seminatio
2051 3417 2104 3447 illa
2128 3423 2174 3448 est
2189 3423 2276 3448 actus
2301 3424 2429 3448 naturae
2446 3427 2496 3447 or-

1429 3462 1555 3493 dinatus
1579 3462 1618 3492 ad
1641 3462 1887 3502 generationem,
1905 3462 1970 3492 sive
1993 3462 2032 3492 sit
2057 3461 2185 3492 emissio
2210 3461 2347 3498 seminis,
2372 3461 2436 3492 sive
2453 3462 2494 3491 al-

1428 3507 1524 3538 terius
1537 3506 1681 3536 humoris
1698 3506 1754 3547 qui
1766 3506 1972 3547 quandoque,
1986 3513 2022 3537 ut
2038 3506 2165 3546 pluries,
2180 3506 2357 3547 appellatur
2369 3514 2493 3540 semem

1427 3550 1582 3592 quoniam
1606 3550 1771 3581 delectatio
1794 3560 1926 3581 venerea
1949 3557 2014 3581 tam
2033 3550 2203 3581 vehemens
2227 3560 2294 3580 non
2317 3550 2430 3580 frustra
2449 3555 2495 3578 est

1428 3606 1445 3626 a
1469 3601 1590 3625 natura.
1615 3595 1655 3625 Et
1675 3595 1747 3625 licet
1770 3595 1889 3636 absque
1913 3595 2122 3625 seminatione
2138 3595 2257 3625 accidat
2280 3593 2444 3624 delectatio
2461 3593 2493 3621 in

1427 3639 1543 3680 pueris,
1561 3646 1630 3676 etc.,
1648 3649 1714 3669 non
1730 3646 1836 3670 tamen
1861 3639 1972 3670 accidit
1995 3639 2180 3670 huiusmodi
2197 3638 2362 3669 delectatio
2386 3636 2445 3666 nisi
2461 3636 2492 3665 in

2317 3697 2347 3721 32

2522 810 2660 832 'Loc.cit.in
2667 816 2730 832 num.

2521 865 2543 875 ⁸*
2557 863 2592 885 Cf.
2608 869 2670 885 num.
2686 870 2733 885 xm.

2522 1249 2531 1260 ”
2542 1249 2565 1271 S.
2576 1249 2620 1270 Th.
2636 1249 2687 1270 lect.
2701 1255 2733 1271 tn.

2522 1275 2732 1303 -Did.1ib.1V‚cap.

2522 1309 2584 1350 1‘I'Crzi'
2599 1308 2654 1354 .7”ιιι,
2668 1335 2690 1350 n.
2701 1335 2734 1357 5.-

2523 1356 2546 1377 S.
2601 1373 2605 1377 .
2619 1356 2670 1377 lect.
2685 1362 2706 1376 v.

2526 1652 2664 1673 ‘Loc.cit.in
2671 1658 2734 1673 num.

2623 1745 2735 1767 Avicenn.

2526 1773 2568 1793 loc.
2585 1772 2633 1799 cit.,
2653 1778 2702 1799 cap.
2718 1778 2734 1793 ι.

2526 1920 2534 1929 ⁸
2549 1919 2584 1940 Cf.
2600 1925 2662 1940 num.
2678 1925 2708 1940 xl.

2526 1963 2733 1985 ⁸Loc.cit.innum.

2524 2017 2534 2026 '⁵
2550 2016 2584 2038 Cf.
2601 2021 2663 2037 num.
2678 2022 2700 2037 x.

2528 2453 2535 2460 ·
2556 2451 2625 2473 Num.
2642 2457 2670 2472 vt.

2524 3293 2532 3302 ⁸
2547 3292 2600 3313 Loc.
2617 3292 2654 3313 cit.
2670 3292 2733 3318 ibid,

2522 3324 2571 3346 cap.
2589 3324 2627 3339 xx.
