2768 4198
38 509 47 519 ⁸
56 507 107 529 lad
118 507 184 533 Tim„
199 513 250 534 cap.

39 541 74 562 nr,
90 540 148 556 vers.
168 540 180 555 2
198 539 250 561 sqq.

39 1176 134 1200 *Nun
155 1182 174 1205 1,
197 1175 252 1198 Cum

36 1208 135 1253 ⁹5⁰4...
149 1235 171 1251 v.

36 1437 61 1458 -d
78 1439 108 1458 ,Μ’
135 1438 162 1458 in
194 1440 203 1458 ὲ

77 1469 86 1476 .
151 1467 179 1480 f..

47 3005 59 3016 ⁴
71 3004 260 3059 maffia&

49 3057 83 3081 ad
110 3063 155 3080 on.
168 3063 260 3086 apat,

47 3091 108 3107 ven.
123 3090 135 3107 a
150 3090 202 3113 uqq.

936 295 1204 341 QUAESTIO
1234 295 1465 342 CLXXXV,
1494 297 1790 334 ARTICULUS
1821 299 1833 333 1

279 373 355 404 titus
379 374 418 404 ad
435 374 574 413 speciem
589 373 858 414 praesumptionis
874 380 1009 413 spectet:
1035 384 1108 404 cum
1133 375 1349 414 praesumptio

279 418 430 448 consistat
457 418 490 448 in
518 418 580 448 hoc
611 419 700 458 quod
729 417 843 458 aliquis
872 418 992 458 appetit
1015 418 1047 448 id
1071 419 1159 459 quod
1185 426 1231 449 est
1254 429 1349 459 supra

279 462 464 502 dignitatem
488 472 589 493 suam.
625 462 760 493 Constat
789 462 874 492 enim
907 463 1025 493 multos
1049 463 1195 493 homines
1220 473 1286 493 esse
1316 464 1348 493 in

279 506 395 547 quibus
427 506 632 537 inveniuntur
656 506 855 536 conditiones
879 507 918 536 ab
942 507 1102 547 Apostolo
1126 508 1143 527 *
1158 508 1280 547 positae
1311 508 1349 538 de

279 551 442 591 episcopo,
479 551 520 581 Et
553 557 721 590 propterea
752 561 817 580 non
842 550 966 581 videtur
997 551 1212 582 universaliter
1238 562 1349 582 verum

279 595 367 635 quod
379 601 527 635 appetere
544 594 730 624 huiusmodi
743 595 963 626 celsitudinem
980 596 1019 626 sit
1034 605 1348 637 praesumptuosum.

333 639 384 668 Ad
408 639 470 669 hoc
493 639 628 669 breviter
660 639 774 670 dicitur
801 641 889 680 quod
914 641 1055 681 implicat
1078 641 1350 681 incompossibilia

279 682 381 713 dicere
405 682 546 723 aliquem
565 683 679 714 habere
696 684 894 715 conditiones
912 685 1077 726 requisitas
1094 686 1133 716 ad
1150 686 1349 726 episcopum,

279 733 310 757 et
334 726 436 757 dicere
467 728 556 768 quod
586 735 715 768 appetat
743 729 964 770 episcopatum
994 730 1115 761 ratione
1145 730 1349 761 celsitudinis.

279 771 336 802 Est
359 771 445 801 enim
469 781 664 812 praeponere
688 773 719 803 in
745 774 885 814 appetitu
911 785 971 805 suo
995 775 1027 805 id
1045 775 1134 815 quod
1150 782 1196 805 est
1219 781 1349 815 postpo-

279 815 432 852 nendum,
458 816 575 847 scilicet
598 817 701 857 ipsam
721 818 951 850 celsitudinem.
976 821 1023 849 Ac
1039 829 1095 859 per
1110 819 1171 849 hoc
1187 819 1351 850 manifeste

280 859 480 891 convincitur
512 862 601 902 quod
636 862 756 902 appetit
788 863 1006 894 celsitudinem
1041 874 1135 903 supra
1165 864 1351 903 dignitatem

279 914 382 935 suam.
419 905 512 936 Unde
541 916 607 936 non
637 907 771 938 dicimus
803 909 891 948 quod
921 908 1136 939 universaliter
1161 918 1274 938 verum
1306 915 1352 939 est

279 956 428 989 appetere
452 951 674 982 celsitudinem
697 952 913 993 episcopalem
937 963 1004 983 esse
1028 960 1350 993 praesumptuosum:

278 994 335 1024 sed
359 994 494 1026 dicimus
514 996 603 1036 quod
618 1003 765 1037 appetere
782 997 1003 1037 episcopatum
1020 997 1140 1028 ratione
1158 997 1352 1028 celsitudinis

280 1048 406 1078 semper
430 1046 476 1070 est
498 1047 815 1081 praesumptuosum.
848 1041 889 1072 Et
912 1041 955 1072 ita
979 1048 1024 1072 est
1048 1041 1251 1081 intelligenda
1275 1042 1353 1073 haec

278 1082 391 1114 littera.
416 1102 438 1107 -
460 1085 536 1114 Non
560 1091 667 1115 tamen
691 1085 762 1116 dico
787 1086 874 1127 quod
890 1096 1015 1126 semper
1038 1093 1084 1116 est
1108 1087 1260 1116 mortale:
1286 1087 1351 1124 sed,

280 1127 392 1157 eadem
415 1129 555 1165 ratione,
584 1129 670 1159 idem
698 1129 800 1160 sentio
829 1130 861 1160 in
889 1130 951 1160 hoc
976 1140 1049 1160 casu
1083 1130 1164 1161 sicut
1187 1131 1291 1162 sentio
1319 1131 1352 1162 in

280 1173 479 1212 praecedenti
494 1174 521 1204 *.
540 1174 638 1211 Quod
663 1175 776 1205 clarius
799 1174 831 1205 in
857 1181 968 1215 quarta
988 1175 1197 1205 conclusione
1220 1176 1353 1206 manife-

280 1217 415 1248 stabitur
428 1217 455 1248 *.

338 1261 390 1292 IV.
411 1262 520 1293 Tertia
545 1262 707 1297 conclusio
729 1270 786 1301 est,
803 1263 890 1294 iuxta
906 1263 1049 1304 primum
1065 1264 1263 1294 membrum:
1287 1265 1352 1304 Ap-

254 1304 578 1347 „peeere‘⁷prox‘imis
604 1307 761 1349 prodesse
789 1313 835 1338 est
862 1307 1038 1339 secundum
1068 1317 1104 1338 se
1132 1308 1294 1338 laudabile
1323 1314 1354 1340 et

280 1350 471 1381 virtuosum.
496 1351 560 1382 Ubi
576 1353 708 1388 Auctor,
732 1352 843 1383 volens
860 1352 1022 1392 complere
1038 1351 1163 1391 singula
1177 1352 1235 1382 tria
1252 1362 1354 1383 mem-

279 1394 336 1425 bra
359 1395 557 1434 singillatim,
584 1396 623 1426 de
646 1395 708 1426 hoc
731 1396 837 1437 primo
862 1403 892 1427 et
915 1396 1081 1437 principali
1105 1397 1271 1433 membro,
1297 1397 1354 1427 sci-

279 1438 354 1469 licet
377 1439 551 1480 episcopali
579 1441 776 1480 operatione,
801 1451 867 1471 non
892 1441 978 1478 dixit,
1003 1441 1085 1471 sicut
1107 1441 1140 1471 in
1164 1442 1355 1481 praeceden-

280 1483 376 1520 tibus,
395 1490 548 1525 appetere
564 1486 780 1526 episcopatum
796 1487 926 1516 ratione
942 1485 1131 1526 episcopalis
1146 1487 1353 1526 operationis,

279 1529 434 1569 ponendo
466 1529 689 1570 episcopatum
712 1540 771 1571 pro
795 1540 828 1560 re
847 1530 987 1571 appetita
1015 1537 1046 1560 et
1068 1529 1148 1560 illud
1171 1531 1354 1561 membrum

279 1583 340 1615 pro
363 1573 486 1604 ratione
510 1574 694 1615 appetendi:
728 1575 783 1605 sed
807 1574 884 1606 dixit
907 1575 997 1615 quod
1019 1580 1170 1615 appetere
1194 1576 1355 1616 episcopa-

279 1616 342 1649 lem
366 1619 583 1659 operationem
609 1617 723 1661 (quam
739 1618 925 1659 significavit
947 1629 1004 1659 per
1026 1619 1058 1660 ly
1076 1621 1238 1660 proximis
1255 1620 1354 1661 prod-

280 1660 370 1705 esse)
394 1668 443 1694 est
463 1663 639 1694 secundum
662 1673 698 1694 se
721 1664 903 1702 laudabi1e‚·
934 1663 989 1694 ubi
1013 1664 1116 1694 solam
1140 1665 1355 1705 episcopalem

280 1707 503 1748 operationem
531 1707 642 1748 posuit
671 1715 702 1739 et
725 1715 762 1739 ut
785 1718 852 1739 rem
875 1708 1051 1749 appetitam
1081 1716 1113 1739 et
1139 1716 1176 1739 ut
1198 1709 1355 1740 rationem

280 1752 468 1794 appetendi,
493 1753 688 1793 apponendo
717 1753 750 1794 ly
772 1754 949 1784 secundum
973 1763 1016 1784 se.
1048 1753 1136 1784 Fecit
1158 1762 1267 1785 autem
1292 1754 1355 1786 hoc

281 1806 348 1829 non
371 1807 457 1834 casu,
481 1797 537 1828 sed
552 1807 589 1828 ex
603 1798 773 1829 industria:
799 1798 956 1839 quoniam
971 1797 1004 1828 in
1020 1805 1132 1839 quarta
1148 1799 1354 1830 conclusione

280 1848 472 1874 tractaturus
495 1849 561 1873 erat
583 1842 623 1873 de
647 1842 820 1883 episcopali
844 1842 1030 1883 operatione
1055 1850 1091 1873 ut
1113 1843 1235 1874 ratione
1259 1854 1355 1884 appe-

280 1886 368 1918 tendi
384 1887 481 1917 relata
497 1887 537 1917 ad
553 1887 775 1928 episcopatum
792 1893 828 1918 ut
843 1897 910 1918 rem
927 1887 1110 1930 appetitam.
1131 1888 1172 1918 Et
1188 1895 1355 1928 propterea

280 1937 479 1962 transeamus
503 1931 543 1962 ad
566 1938 713 1972 quartam
738 1932 990 1963 conclusionem.
1023 1931 1145 1963 Sufficit
1169 1932 1254 1962 enim
1272 1933 1355 1964 haec

281 1975 457 2007 declarasse
480 1975 513 2006 in
537 1976 637 2007 tertia.

338 2021 376 2052 V.
397 2021 525 2059 Quarta
542 2021 704 2052 conclusio
728 2021 848 2052 litterae
871 2027 932 2052 est:
955 2022 1114 2062 Appetere
1137 2022 1354 2062 episcopatum

282 2070 319 2096 ut
333 2067 440 2107 prosit
453 2065 600 2103 subditis,
614 2070 917 2106 praesumptuosum
935 2065 1081 2097 videtur:
1103 2067 1166 2097 nisi
1180 2066 1354 2108 manifesta

283 2111 472 2142 necessitate
502 2111 706 2149 imminente,
732 2111 925 2151 praesertim
958 2121 1029 2142 cum
1061 2110 1179 2151 aliquis
1209 2112 1356 2143 caritatis

281 2155 350 2197 zelo
373 2155 527 2187 divinitus
549 2155 594 2186 ad
615 2155 675 2186 hoc
697 2156 862 2186 incitatur.
887 2155 979 2186 Circa
998 2165 1097 2196 quam
1113 2155 1354 2187 conclusionem

282 2199 408 2240 singula
431 2199 537 2240 primo
562 2200 748 2230 declaranda
772 2206 856 2231 sunt.

338 2245 459 2282 Primo,
473 2245 563 2286 quod
577 2247 700 2275 Auctor
715 2254 781 2275 non
798 2244 882 2280 dicit,
893 2249 1200 2285 praesumptuosum
1218 2250 1282 2275 est:
1302 2245 1355 2275 sed

283 2289 376 2326 dicit,
404 2294 711 2330 praesumptuosum
743 2289 882 2320 videtur.
917 2289 1090 2329 Tanquam
1121 2289 1203 2320 nolit
1227 2288 1357 2320 definire

283 2334 471 2366 huiusmodi
504 2333 683 2375 appetitum
716 2343 783 2365 esse
812 2340 1138 2374 praesumptuosum,
1168 2334 1224 2364 sed
1254 2333 1357 2364 dicere

283 2379 373 2421 quod
403 2379 499 2409 habet
529 2378 799 2420 praesumptionis
829 2378 984 2419 speciem:
1018 2385 1070 2414 ut,
1095 2378 1120 2408 si
1145 2388 1211 2408 non
1235 2378 1356 2415 malus,

247 2444 257 2455 ‚
283 2424 396 2455 saltem
426 2424 540 2454 habeat
569 2423 708 2464 speciem
735 2422 821 2454 mali.
854 2422 1015 2463 Scriptum
1046 2429 1092 2453 est
1122 2422 1280 2453 autem*:
1308 2422 1357 2453 Ab

251 2471 256 2476 ”
283 2469 372 2500 omni
393 2469 498 2509 specie
521 2468 609 2499 mala
632 2467 788 2498 abstinete
811 2477 876 2499 vos.

340 2513 506 2550 Secundo,
537 2513 629 2554 quod
651 2515 775 2543 Auctor
804 2522 871 2543 non
894 2511 987 2553 ponit
1009 2512 1092 2543 hanc
1116 2511 1358 2542 conclusionem

284 2557 506 2594 universalem,
524 2557 580 2588 sed
594 2567 703 2587 veram
719 2563 756 2587 ut
770 2557 803 2588 in
819 2556 981 2597 pluribus:
1005 2563 1036 2587 et
1055 2563 1223 2597 propterea
1243 2556 1358 2596 excipit

285 2603 324 2633 ab
347 2601 426 2642 ipsa.
457 2601 499 2632 Et
528 2602 601 2632 licet
630 2611 668 2632 ex
695 2602 795 2632 modo
819 2601 974 2642 loquendi
998 2611 1097 2631 unam
1120 2607 1246 2632 tantum
1270 2611 1357 2631 exce-

285 2646 431 2688 ptionem
455 2645 599 2676 videatur
621 2645 736 2682 facere,
760 2645 793 2676 in
815 2645 946 2676 veritate
970 2651 1076 2676 tamen
1101 2652 1175 2676 sunt
1199 2645 1281 2676 duae
1305 2655 1358 2675 ex-

286 2690 459 2731 ceptiones,
484 2700 622 2731 quarum
646 2696 782 2731 utraque
805 2697 851 2720 est
873 2699 929 2730 per
953 2699 985 2720 se
1010 2689 1168 2720 sufficiens
1192 2690 1231 2720 ad
1255 2689 1358 2720 exclu-

286 2735 425 2767 dendam
447 2733 742 2775 praesumptionem
766 2735 805 2764 ab
829 2733 1017 2764 huiusmodi
1040 2734 1194 2775 appetitu.

341 2780 446 2816 Unde,
470 2781 583 2817 tertio,
609 2779 687 2809 scito
711 2779 800 2819 quod
823 2778 927 2819 prima
951 2779 1093 2819 exceptio
1118 2785 1179 2809 est:
1205 2778 1269 2809 nisi
1291 2788 1357 2809 ma-

285 2825 406 2866 nifesta
429 2826 618 2855 necessitate
641 2824 834 2854 imminente.
859 2823 922 2854 Ubi
946 2829 1022 2854 nota
1045 2823 1078 2864 ly
1101 2822 1295 2863 manifesta:
1317 2833 1357 2854 ne

285 2870 427 2911 teipsum
450 2870 601 2905 seducas,
633 2868 842 2899 existimando
867 2867 1086 2898 necessitatem
1108 2867 1276 2898 imminere
1302 2867 1358 2898 ubi

286 2914 454 2946 necessitas
479 2913 561 2944 forte
585 2923 650 2943 non
675 2919 730 2943 est.
764 2913 831 2943 Nec
855 2912 973 2942 mirum
997 2912 1022 2942 si
1047 2919 1081 2942 tu
1109 2911 1248 2952 teipsum
1271 2911 1359 2942 fefel-

286 2959 375 2991 leris:
401 2968 476 2990 cum
498 2958 585 2988 Elias
609 2958 760 2998 deceptus
785 2956 879 2987 fuerit
903 2963 1018 2997 putans
1042 2967 1075 2987 se
1093 2956 1199 2986 solum
1224 2955 1358 2986 evasisse

286 3003 320 3035 in
344 3003 453 3034 divino
477 3002 566 3034 cultu
584 3002 611 3033 ³⁸.
648 3002 680 3033 Si
704 3001 799 3042 igitur
822 3001 989 3032 manifesta
1013 3000 1178 3031 immineat
1200 3000 1359 3031 Ecclesiae

288 3047 473 3084 necessitas,
502 3046 661 3078 sufficiens
689 3046 828 3077 exclusio
859 3045 1128 3086 praesumptionis
1158 3045 1293 3075 habetur
1320 3045 1358 3075 ab

289 3092 433 3133 appetitu
458 3092 661 3132 episcopatus
685 3098 721 3122 ut
745 3090 855 3131 prosit.

346 3136 505 3173 Similiter,
529 3141 657 3177 quarto,
678 3136 757 3166 scito
774 3135 864 3176 quod
887 3134 1026 3166 secunda
1041 3133 1184 3174 exceptio
1201 3140 1260 3164 est:
1286 3143 1358 3164 cum

290 3180 408 3221 aliquis
430 3182 578 3212 caritatis
592 3181 660 3222 zelo
680 3181 833 3211 divinitus
849 3179 892 3210 ad
907 3180 966 3210 hoc
981 3179 1144 3209 incitatur.
1169 3178 1257 3208 Haec
1274 3177 1360 3208 enirn

290 3225 359 3255 sola
389 3234 483 3255 causa
512 3224 777 3256 sufficientissima
800 3231 847 3255 est
875 3224 914 3254 ad
943 3223 1159 3254 excusandum
1182 3222 1361 3263 appetitum

291 3279 309 3299 a
332 3269 608 3309 praesumptione:
640 3269 794 3310 quoniam
825 3275 949 3300 constat
979 3267 1119 3298 divinam
1141 3266 1361 3298 incitationem

291 3313 331 3343 ad
361 3312 440 3343 nihil
473 3313 717 3353 reprehensibile
741 3324 817 3344 esse.
843 3313 905 3344 Sed
929 3311 1167 3352 diligentissime
1196 3310 1362 3342 considera

290 3358 324 3399 ly
346 3357 509 3388 divinitus.
546 3357 712 3394 Quoniam
735 3358 869 3389 caritatis
892 3358 999 3388 zelum
1025 3356 1118 3387 multi
1142 3362 1278 3397 possunt
1301 3355 1360 3386 sibi

2390 300 2468 347 469

1405 375 1588 414 promittere
1612 386 1644 406 se
1668 375 1862 413 incitantem,
1887 377 1966 407 dum
1986 376 2104 413 dicunt,
2130 376 2201 407 Scio
2225 377 2310 417 quod
2334 387 2396 408 non
2420 387 2469 408 me

1404 425 1508 450 movet
1530 420 1621 450 aliud
1643 430 1739 461 quam
1763 421 1851 462 zelus
1874 421 2079 452 animarum:
2102 421 2156 450 sed
2176 422 2264 461 quod
2283 421 2470 452 huiusmodi

1403 463 1545 494 incitatio
1570 464 1720 495 divinitus
1743 465 1864 502 veniat,
1890 475 1985 496 nemo
2010 472 2114 505 potest
2138 475 2328 505 cognoscere
2352 466 2411 496 nisi
2436 474 2471 497 ut

1404 518 1499 547 supra
1514 508 1531 527 ‘⁸‘
1554 508 1675 539 dictum
1691 516 1738 539 est
1761 510 1799 539 de
1814 510 1990 550 prophetia.
2015 510 2056 540 Et
2074 517 2241 550 propterea
2256 510 2314 540 ista
2329 511 2469 551 exceptio

1405 597 1482 627 ciale
1497 597 1641 627 divinum
1661 598 1880 629 testimonium
1897 599 2055 629 evidenter
2071 599 2165 629 adsit:
2191 606 2226 629 ut
2242 599 2281 629 de
2301 599 2379 629 Isaia
2394 609 2470 629 con-

1405 648 1465 671 stat
1488 642 1576 681 quod
1599 641 1677 672 vidit
1701 652 1733 672 se
1764 642 1850 682 prius
1874 650 2045 683 purgatum
2061 643 2105 679 *μ
2127 650 2156 674 et
2180 643 2218 673 de
2242 643 2373 683 Equitio
2401 654 2471 674 mo—

1405 685 1507 715 nacho
1531 685 1564 716 in
1588 686 1669 716 libro
1693 687 1824 728 Dialog.
1841 687 1858 706 *
1881 687 2014 718 habetur
2037 687 2126 728 quod
2149 687 2228 718 vidit
2251 698 2284 718 se
2306 688 2339 718 in
2362 688 2471 728 lingua

1405 730 1500 769 tangi,
1525 730 1568 760 ita
1591 731 1680 770 quod
1704 741 1770 760 non
1794 738 1918 771 poterat
1935 731 2081 772 deinceps
2099 732 2259 762 continere
2275 742 2308 763 se
2323 742 2342 762 a
2357 732 2471 763 divinis

1405 774 1540 814 eloquiis
1564 784 1618 804 seu
1644 775 1885 815 praedicatione.

1461 818 1508 848 Ex
1532 819 1647 859 quibus
1676 819 1825 850 omnibus
1854 820 1931 850 scire
1956 821 2068 856 debes,
2093 821 2221 861 quinte,
2252 821 2341 861 quod
2363 821 2472 862 regula

1405 863 1558 902 generalis
1582 863 1621 893 sit
1649 864 1738 904 quod
1761 871 1849 894 actus
1880 865 2074 905 quandoque
2097 865 2200 895 licitus
2224 871 2255 895 et
2277 866 2472 907 quandoque

1405 907 1551 943 illicitus,
1577 917 1642 938 non
1667 915 1713 938 est
1741 917 1777 938 ex
1802 918 1862 938 suo
1886 918 1999 948 genere
2026 908 2168 939 illicitus:
2201 910 2355 950 quoniam
2383 917 2493 952 actus-

1406 961 1443 981 ex
1467 961 1526 982 suo
1550 961 1663 991 genere
1685 952 1812 983 illicitus
1837 953 1923 983 nulla
1940 960 2045 993 potest
2067 952 2134 984 fieri
2149 954 2270 984 ratione
2293 954 2407 986 licitus.
2432 955 2473 986 Et

1405 1003 1586 1036 propterea,
1612 996 1687 1037 quia
1709 1003 1856 1036 appetere
1881 997 2102 1038 episcopatum
2125 1005 2161 1028 ut
2184 998 2284 1038 prosit
2313 999 2471 1030 Ecclesiae

1406 1041 1601 1081 quandoque
1631 1047 1677 1070 est
1707 1040 1829 1072 licitum
1860 1048 1889 1072 et
1924 1042 2119 1082 quandoque
2150 1050 2470 1083 praesumptuosum,

1408 1094 1606 1125 consequens
1631 1091 1677 1115 est
1701 1085 1789 1125 quod
1814 1095 1849 1115 ex
1874 1096 1932 1116 suo
1949 1096 2061 1126 genere
2087 1096 2151 1116 non
2169 1093 2215 1117 est
2230 1094 2318 1117 actus
2334 1087 2471 1124 illicitus,

1407 1129 1463 1158 sed
1486 1136 1521 1159 ut
1544 1129 1576 1159 in
1601 1129 1745 1169 pluribus
1768 1129 1894 1160 illicitus
1918 1137 1948 1160 et
1971 1137 2266 1170 praesumptuosus.

1462 1173 1503 1203 Et
1527 1183 1601 1204 cum
1625 1173 1656 1203 in
1681 1174 1823 1213 appetitu
1854 1174 1940 1205 licito
1965 1175 2166 1215 episcopatus
2195 1176 2358 1206 claudatur
2384 1176 2473 1207 celsi-

1407 1217 1527 1248 tudinis
1557 1218 1672 1257 gradus
1701 1218 1864 1249 ordinatus
1893 1219 1932 1249 ad
1956 1219 2171 1259 episcopalem
2194 1220 2414 1260 operationem
2437 1227 2473 1251 ut

1407 1262 1447 1291 ad
1470 1261 1578 1298 finem,
1604 1263 1715 1292 eadem
1739 1263 1859 1293 ratione
1884 1273 2082 1305 consequens
2107 1271 2153 1295 est
2176 1271 2212 1295 ut
2235 1264 2394 1304 appetitus
2414 1265 2474 1295 cel-

1408 1305 1554 1336 situdinis
1577 1306 1766 1346 episcopalis
1789 1317 1854 1337 non
1880 1307 1918 1338 sit
1942 1318 1978 1338 ex
2002 1318 2060 1338 suo
2085 1318 2198 1348 genere
2221 1308 2358 1339 illicitus.
2384 1310 2473 1347 Quo-

1409 1350 1494 1379 niam
1518 1350 1543 1380 si
1568 1360 1604 1380 ex
1627 1361 1687 1381 suo
1711 1361 1824 1390 genere
1848 1358 1928 1382 esset
1951 1352 2077 1382 illicitus
2102 1360 2156 1384 aut
2179 1361 2474 1394 praesumptuosus,

1408 1404 1475 1424 non
1498 1402 1606 1434 posset
1629 1395 1662 1424 in
1685 1395 1794 1435 aliquo
1818 1405 1892 1426 casu
1915 1396 1997 1427 licite
2021 1397 2127 1437 appeti
2147 1397 2180 1427 in
2197 1397 2307 1427 ordine
2323 1398 2363 1428 ad
2378 1397 2475 1428 finem

1408 1438 1598 1479 episcopalis
1622 1439 1827 1479 operationis.
1853 1439 1954 1470 Cuius
1971 1441 2160 1480 oppositum
2178 1441 2211 1471 in
2226 1441 2327 1472 littera
2351 1442 2474 1473 dicitur.

1464 1483 1506 1513 Et
1529 1483 1554 1513 si
1579 1483 1627 1513 his
1650 1483 1829 1514 adiunxeris
1853 1485 1942 1524 quod
1966 1492 2054 1516 actus
2078 1496 2115 1516 ex
2130 1495 2190 1516 suo
2206 1495 2319 1525 genere
2342 1496 2408 1516 non
2425 1496 2474 1517 so-

1407 1527 1478 1557 lum
1502 1537 1567 1558 non
1591 1528 1745 1565 mortalis,
1770 1529 1825 1559 sed
1849 1539 1906 1559 nec
1929 1529 2067 1566 illicitus,
2091 1540 2157 1560 non
2181 1529 2271 1560 facile
2290 1540 2327 1560 ex
2342 1531 2476 1561 circum-

1409 1571 1530 1602 stantiis
1554 1572 1743 1603 iudicandus
1767 1581 1813 1605 est
1837 1583 1904 1604 esse
1927 1574 2084 1611 mortalis,
2109 1575 2163 1604 sed
2187 1584 2303 1614 magna
2325 1585 2407 1614 opus
2432 1582 2478 1605 est

1409 1616 1571 1658 diligentia
1595 1627 1631 1648 ac
1655 1617 1938 1658 circumspectione
1962 1619 2092 1649 rationis
2117 1619 2156 1649 ad
2180 1619 2335 1649 iudicium
2359 1619 2478 1659 peccati

1410 1661 1552 1692 mortalis
1577 1671 1613 1692 ex
1637 1662 1712 1692 solis
1733 1663 1974 1694 circumstantiis
1994 1663 2250 1704 particularibus:
2275 1663 2395 1694 videbis
2411 1674 2477 1694 non

1409 1713 1475 1737 tam
1499 1706 1622 1736 malum
1646 1717 1713 1738 esse
1736 1715 1892 1748 quantum
1917 1708 2010 1738 multi
2033 1715 2160 1748 putant,
2184 1715 2332 1748 appetere
2356 1708 2477 1748 episco—

1408 1757 1522 1791 patum
1546 1758 1581 1781 ut
1603 1751 1704 1791 prosit
1727 1752 1896 1783 Ecclesiae.
1929 1753 2028 1790 Quod
2052 1753 2123 1783 dico
2148 1753 2187 1783 de
2211 1759 2379 1793 appetente
2403 1763 2477 1793 pro-

1410 1795 1603 1836 portionato,
1627 1796 1690 1826 hoc
1714 1803 1769 1833 est,
1794 1796 1862 1827 viro
1887 1797 2175 1837 irreprehensibili,
2200 1797 2316 1834 sobrio,
2341 1803 2476 1835 ornato,

1404 1839 1585 1880 prudente,
1604 1840 1743 1881 pudico,
1768 1841 1935 1882 hospitali,
1960 1842 2105 1880 doctore,
2131 1851 2193 1872 non
2218 1843 2388 1879 vinolento,
2413 1852 2476 1872 non

1404 1894 1608 1925 percussore,
1633 1885 1785 1923 modesto,
1802 1896 1864 1916 non
1881 1887 2032 1927 litigioso,
2051 1896 2114 1917 non
2132 1886 2256 1927 cupido,
2273 1886 2384 1917 domui
2396 1896 2477 1917 suae

1408 1930 1487 1960 bene
1503 1931 1701 1970 praeposito,
1726 1940 1784 1961 nec
1808 1930 1875 1960 aliis
1898 1930 2070 1971 impedito:
2095 1931 2171 1961 haec
2196 1931 2282 1961 enim
2305 1936 2379 1961 sunt
2403 1940 2476 1961 con-

1409 1974 1544 2004 ditiones
1568 1974 1690 2014 positae
1713 1975 1752 2005 ab
1776 1975 1945 2015 Apostolo,
1971 1975 2044 2006 lad
2064 1975 2144 2006 Tim.
2156 1985 2191 2005 111
2204 1975 2231 2006 *.
2256 1975 2288 2006 Si
2305 1975 2374 2005 talis
2390 1975 2476 2006 enim

1410 2018 1631 2058 episcopatum
1654 2026 1816 2059 appeteret
1838 2019 1871 2050 in
1886 2019 2015 2050 veritate
2040 2026 2075 2050 ut
2098 2020 2270 2060 prodesset,
2291 2019 2477 2050 crediderim

1409 2073 1469 2103 ego
1484 2064 1584 2104 quod,
1600 2070 1717 2095 attenta
1733 2071 1819 2095 tanta
1839 2064 2021 2095 necessitate
2037 2064 2194 2095 Ecclesiae
2210 2064 2342 2095 carentis
2361 2064 2477 2095 talibus

1409 2107 1499 2144 viris,
1524 2118 1591 2138 non
1615 2115 1767 2149 peccaret.
1802 2109 1843 2139 Et
1872 2109 1897 2139 si
1927 2108 2114 2140 huiusmodi
2144 2108 2336 2140 necessitatis
2363 2109 2478 2140 oculus

1410 2152 1574 2189 deficeret,
1599 2163 1664 2184 non
1690 2153 1749 2184 nisi
1774 2153 1935 2184 venialiter
1958 2160 2119 2193 peccaret,
2153 2154 2273 2193 ratione
2304 2153 2478 2184 nonnullae

1410 2198 1696 2237 praesumptionis,
1727 2208 1791 2239 qua
1815 2208 1846 2228 se
1870 2198 1903 2228 in
1927 2198 2035 2228 animo
2060 2208 2119 2228 suo
2144 2197 2211 2228 aliis
2235 2197 2386 2238 praefert,
2411 2197 2478 2228 aliis

1410 2248 1518 2272 autem
1541 2252 1608 2272 non
1632 2243 1739 2273 solum
1763 2242 1879 2283 quibus
1903 2252 2047 2282 praeesse
2071 2242 2235 2278 desiderat,
2256 2242 2311 2272 sed
2325 2242 2381 2283 qui
2397 2242 2478 2273 forte

1410 2286 1526 2317 melius
1549 2296 1648 2327 quam
1670 2287 1738 2327 ipse
1760 2287 1871 2318 locum
1894 2286 1979 2317 illius
1995 2287 2196 2327 episcopatus
2213 2293 2414 2327 occuparent.
2438 2287 2480 2317 Et

1411 2337 1597 2371 propterea,
1629 2338 1751 2372 quanto
1775 2331 1875 2371 magis
1903 2332 2001 2362 sancti
2031 2331 2148 2362 fuerint
2170 2331 2228 2361 viri
2250 2331 2359 2371 prisci,
2390 2338 2479 2361 tanto

1411 2375 1512 2416 magis
1535 2376 1655 2407 inventi
1679 2383 1753 2407 sunt
1777 2376 1870 2406 alieni
1893 2376 1932 2406 ab
1952 2375 2139 2406 huiusmodi
2155 2376 2307 2416 appetitu.
2331 2375 2373 2406 Et
2388 2375 2481 2406 multi

1411 2430 1525 2451 eorum
1547 2420 1668 2452 inventi
1692 2427 1767 2451 sunt
1790 2420 1923 2461 fugisse:
1949 2427 1984 2451 ut
1999 2427 2086 2460 patet
2105 2420 2143 2453 de
2166 2419 2339 2450 Ambrosio
2353 2419 2380 2456 *,
2397 2421 2480 2450 Mar-

1411 2465 1479 2496 tino
1502 2464 1530 2501 *,
1556 2471 1615 2496 etc.

1467 2509 1522 2541 VI.
1557 2509 1677 2547 Quinta
1707 2510 1879 2547 conclusio,
1912 2509 2042 2540 scilicet:
2077 2509 2218 2546 Quilibet
2240 2509 2359 2549 absque
2385 2518 2480 2548 prae-

1411 2555 1592 2594 sumptione
1610 2560 1717 2594 potest
1739 2560 1888 2595 appetere
1907 2554 1986 2584 talia
2008 2563 2107 2594 opera
2121 2553 2241 2594 facere
2263 2554 2292 2584 si
2315 2558 2396 2583 esset
2418 2554 2502 2593 epi-.

1410 2607 1542 2639 scopus:
1576 2604 1607 2629 et
1630 2600 1726 2630 etiam
1743 2604 1850 2639 potest
1879 2603 2028 2639 appetere
2050 2607 2085 2628 se
2110 2607 2178 2629 esse
2204 2597 2338 2638 dignum
2362 2597 2481 2628 talibus

1411 2643 1560 2683 operibus
1583 2649 1615 2674 et
1637 2645 1829 2684 episcopatu.
1860 2643 1967 2680 Quae,
1992 2642 2067 2683 quia
2099 2642 2264 2673 manifesta
2287 2648 2349 2677 est,
2374 2648 2481 2672 nostra

1412 2697 1479 2718 non
1502 2688 1622 2728 indiget
1645 2698 1746 2718 mora.

1466 2732 1535 2763 VII.
1554 2733 1589 2762 In
1605 2733 1720 2762 eodem
1737 2731 1879 2768 articulo,
1891 2730 1924 2761 in
1944 2730 2151 2771 responsione
2168 2730 2207 2760 ad
2222 2730 2408 2766 secundum,
2423 2730 2480 2760 du-

1412 2777 1503 2807 bium
1519 2777 1599 2807 circa
1614 2777 1693 2807 illud
1711 2776 1862 2807 occurrit:
1879 2776 2184 2815 Praesumptuosum
2201 2779 2248 2805 est
2263 2774 2348 2814 quod
2363 2775 2481 2814 aliquis

1407 2821 1591 2862 perfectum
1615 2831 1650 2852 se
1673 2825 1807 2861 reputet.
1832 2821 1874 2851 Et
1897 2826 1943 2851 est
1965 2819 2045 2850 ratio
2069 2819 2157 2850 dubii
2181 2818 2256 2859 quia
2274 2818 2337 2849 hoc
2355 2818 2480 2848 videtur

1413 2865 1595 2897 contrariari
1618 2865 1779 2896 doctrinae
1802 2864 2022 2905 Apostolicae:
2048 2871 2078 2894 et
2102 2863 2197 2894 etiam
2218 2863 2317 2903 ipsius
2331 2863 2480 2893 Auctoris

1412 2910 1568 2951 superius,
1593 2910 1626 2940 in
1650 2916 1782 2941 tractatu
1807 2910 1846 2940 de
1869 2909 2046 2940 humilitate
2062 2908 2088 2939 *.
2114 2908 2198 2938 Nam
2221 2907 2247 2937 si
2269 2907 2316 2938 vir
2340 2914 2386 2938 est
2409 2917 2479 2947 per-

1413 2955 1523 2991 fectus,
1548 2955 1636 2985 nulla
1660 2953 1878 2995 praesumptio
1903 2960 1948 2984 est
1972 2953 2062 2994 quod
2086 2962 2118 2982 se
2141 2958 2265 2992 reputet
2287 2951 2478 2991 perfectum:
2521 2949 2525 2954 “

1412 3000 1515 3030 immo
1539 2999 1601 3029 hoc
1625 2999 1664 3029 ad
1688 2999 1812 3029 donum
1835 2997 1895 3028 Dei
1919 3004 2054 3038 spectat,
2088 2996 2263 3027 secundum
2287 2996 2368 3026 illud
2392 2998 2480 3036 Apo-

1414 3045 1488 3075 stoli
1502 3042 1537 3073 ἰ
1566 3043 1609 3074 Ut
1630 3044 1771 3074 sciamus
1793 3052 1877 3083 quae
1899 3052 1920 3072 a
1942 3043 2013 3072 Deo
2036 3041 2125 3072 nobis
2147 3041 2267 3071 donata
2289 3045 2375 3071 sunt.

1469 3088 1521 3119 Ad
1544 3088 1606 3119 hoc
1630 3087 1744 3118 dicitur
1776 3087 1865 3128 quod
1889 3087 1965 3117 haec
1988 3086 2083 3116 verba
2106 3084 2254 3116 Auctoris
2277 3084 2480 3124 intelligenda

1414 3139 1489 3163 sunt
1512 3139 1548 3163 ut
1570 3132 1603 3162 in
1617 3131 1776 3172 pluribus:
1801 3131 1956 3172 quoniam
1976 3130 2190 3171 perfectorum
2213 3139 2328 3170 parvus
2351 3136 2397 3159 est
2421 3138 2480 3158 nu-

1414 3187 1530 3208 merus
1565 3177 1606 3207 Et
1636 3183 1813 3216 propterea,
1842 3175 2020 3206 secundum
2044 3184 2172 3204 cursum
2196 3183 2404 3204 communem
2434 3172 2481 3203 lo-

1415 3221 1561 3262 quendo,
1594 3227 1900 3261 praesumptuosum
1923 3226 1970 3250 est
1999 3219 2088 3260 quod
2111 3217 2224 3259 aliquis
2247 3217 2423 3258 perfectum
2447 3227 2480 3247 se

1414 3272 1556 3306 reputet:
1582 3265 1728 3306 quamvis
1751 3264 1785 3294 in
1801 3264 2004 3305 quibusdam,
2029 3262 2084 3303 qui
2107 3262 2198 3292 valde
2213 3261 2307 3302 pauci
2322 3261 2479 3298 videntur,

1415 3309 1534 3341 nullius
1557 3309 1597 3340 sit
1619 3308 1887 3350 praesumptionis
1910 3307 1980 3338 talis
2004 3306 2191 3338 aestimatio.

1471 3354 1513 3384 Et
1535 3352 1612 3384 haec
1636 3354 1674 3384 de
1697 3353 1759 3384 hoc
1782 3352 1915 3383 articulo
1939 3351 2105 3382 sufficiant.

2499 517 2506 523 ⁸
2523 515 2569 542 Qu.
2581 521 2654 539 cmi.
2666 521 2706 538 art.

1377 571 1379 580 2
1404 552 1623 592 amplectenda
1646 563 1712 583 non
1737 561 1791 589 est,
1817 555 2006 594 acceptanda
2022 564 2087 584 non
2104 562 2159 590 est,
2176 554 2234 584 nisi
2251 554 2382 594 aliquod
2401 565 2471 595 spe·
2512 559 2515 562 '

2499 647 2507 655 ⁸
2522 646 2594 667 Isaiae
2612 652 2661 674 cap.
2677 653 2707 671 vi,

2497 678 2555 693 vers.
2571 673 2585 694 6
2603 679 2630 701 sq
2649 688 2654 694 .

2498 700 2507 709 ”
2523 699 2591 726 Greg.
2610 699 2708 727 Dialog.

2498 726 2536 746 lib.
2549 726 2566 750 1,
2582 731 2631 753 cap.
2645 733 2674 747 ιν,

2503 1972 2512 1981 ’
2528 1971 2592 1993 Vers.
2608 1977 2620 1992 2
2637 1977 2686 1999 sqq.

2507 2418 2517 2427 ⁸
2522 2416 2571 2438 Vita
2577 2416 2718 2443 S.Ambros.,

2508 2443 2548 2464 n.6
2558 2449 2617 2471 sqq,
2627 2447 2719 2465 auctore

2507 2469 2609 2491 Paulino.

2507 2496 2553 2518 'De
2558 2495 2718 2517 VitaB.Mart..

2507 2529 2557 2550 n.9‚
2567 2526 2625 2545 auct.
2636 2523 2719 2550 Sulpit,

2507 2550 2601 2571 Severo.

2508 2907 2514 2915 ¹
2533 2906 2580 2932 Qu.
2600 2911 2659 2932 cut,
2677 2909 2718 2926 art.

2508 3042 2517 3050 ⁸
2527 3042 2537 3063 1
2548 3040 2581 3062 ad
2593 3040 2657 3067 Cor„
2668 3046 2718 3068 cap.

2507 3073 2532 3093 ιι,
2547 3073 2598 3089 vers
2621 3073 2649 3088 η.
