2768 4198
91 648 120 668 ⁸1
131 647 194 668 ioan.
205 652 257 675 cap.
268 653 302 674 ιιι,

91 680 150 695 vers.
166 680 193 702 ¹5-

88 1044 98 1053 ·
112 1043 229 1071 imperet?

87 1756 93 1763 ·
110 1754 179 1775 Num.
196 1759 210 1775 ι.

330 376 464 416 imperio
488 375 572 406 illius
596 382 702 410 actus,
727 374 840 415 aliquis
865 380 910 403 est
934 379 964 402 ει
992 370 1105 401 dicitur
1127 370 1196 400 talis
1221 369 1399 399 secundum
1425 371 1427 418 Ξ

330 421 422 459 quid:
448 430 484 450 ex
500 420 570 450 solo
595 426 702 449 autem
725 418 781 448 illo
805 418 888 447 facto
913 415 1083 450 actualiter,
1101 421 1148 444 est
1167 421 1198 444 et
1213 413 1327 443 dicitur
1343 413 1398 443 ali·
1425 423 1427 428 ·

330 465 402 506 quis
425 464 495 495 talis
518 463 700 504 simpliciter
724 470 754 492 et
777 462 929 492 absolute.
960 459 1143 489 Declaratur
1167 458 1274 497 regula
1298 456 1330 486 in
1353 456 1400 486 vi-
1425 463 1427 485 ῑ

331 509 419 539 tiosis
443 515 473 538 et
494 508 641 538 virtuosis
666 506 796 536 actibus.
822 505 906 542 Quia
922 503 1007 534 enim
1030 502 1241 533 homicidium
1257 500 1400 531 consistit

330 554 362 583 in
387 552 469 583 facto
493 562 558 592 quo
583 550 723 582 aufertur
745 550 807 580 vita
830 547 983 582 hominis,
1008 547 1080 577 ideo
1105 546 1301 587 quicumque
1325 554 1399 586 pro-

331 598 422 637 ponit
445 596 588 626 occidere
612 595 751 635 aliquem
775 601 821 624 est
840 592 999 622 homicida
1023 591 1200 621 secundum
1224 590 1311 630 quid,
1338 589 1399 619 hoc

331 649 378 672 est
401 640 563 671 mentalis:
588 640 673 669 iuxta
696 638 775 668 illud
790 637 820 666 *:
848 636 912 673 Qui
935 635 1001 666 odit
1013 634 1162 676 fratrem
1179 644 1274 665 suum
1298 634 1398 663 homi·

330 685 402 717 cida
422 690 477 715 est.
502 684 542 714 Et
558 682 700 713 similiter
715 681 911 722 quicumque
926 679 1064 710 extendit
1080 678 1242 709 actualiter
1255 677 1399 718 gladium
1424 703 1427 718 ;

329 730 370 760 ad
394 728 604 759 occidendum
621 726 769 766 aliquem,
793 724 847 765 qui
869 731 975 755 tamen
992 733 1058 754 non
1074 723 1219 758 moritur,
1237 722 1399 752 homicida
1424 721 1427 769 1

330 780 376 804 εει
398 773 574 803 secundum
597 771 691 811 quid:
716 769 833 800 scilicet
855 768 1034 799 inchoative
1057 774 1088 798 et
1111 773 1269 808 quantum
1292 773 1340 797 est
1362 775 1399 796 ex
1425 779 1426 782 ¹

329 827 371 848 se.
396 817 570 856 Nunquam
595 822 701 845 tamen
725 820 771 844 est
794 813 978 853 simpliciter
1000 819 1031 842 et
1054 812 1198 842 absolute
1221 810 1398 846 homicida,
1424 816 1426 842 ζ

329 862 387 892 nisi
404 871 474 891 vere
498 859 611 890 inferat
633 858 816 898 passionem
833 857 954 888 mortis.
980 857 1072 888 Unde
1088 863 1119 887 et
1133 865 1302 896 nunquam
1318 861 1400 885 esset

327 904 514 945 irregularis,
539 903 599 933 nisi
623 902 704 933 actio
724 912 780 933 sua
804 902 931 933 inferret
955 901 1066 932 mortis
1090 901 1283 941 passionem.
1306 917 1328 922 -
1351 898 1399 929 Si·
1424 901 1426 903 '

329 949 458 985 militer,
483 948 558 989 quia
581 947 737 978 restitutio
762 954 808 978 est
831 954 919 978 actus
943 946 1077 977 exterior
1091 945 1245 981 iustitiae,
1271 951 1301 975 et
1325 953 1399 974 con-

327 993 407 1024 sistit
430 993 462 1023 in
487 992 570 1023 facto
602 1001 669 1033 quo
693 991 779 1022 alteri
811 992 900 1032 quod
923 1001 1019 1022 suum
1043 997 1090 1021 est
1117 990 1274 1026 redditur;
1299 997 1398 1029 quan-

326 1045 537 1078 tumcumque
560 1037 632 1077 quis
651 1043 813 1077 proponat
833 1035 1005 1072 restituere,
1026 1042 1081 1066 aut
1104 1041 1265 1076 proponat
1278 1033 1296 1053 *
1312 1032 1399 1064 resti—

326 1083 495 1117 tutionem,
520 1081 579 1111 nisi
603 1088 754 1122 sequatur
772 1081 834 1111 hoc
854 1080 983 1116 factum,
1004 1080 1093 1121 quod
1113 1079 1230 1110 scilicet
1253 1078 1399 1114 domino,

325 1127 376 1157 vel
403 1126 447 1157 illi
477 1126 534 1167 qui
562 1125 702 1156 succedit
732 1135 791 1166 pro
815 1125 960 1161 domino,
985 1125 1077 1155 detur
1099 1125 1189 1166 quod
1213 1133 1310 1154 suum
1334 1130 1399 1158 est,
1425 1156 1426 1162 1

326 1181 494 1213 nunquam
517 1170 632 1212 aliquis
656 1177 702 1200 est
725 1170 910 1210 simpliciter
932 1169 1034 1200 iustus
1054 1169 1172 1200 iustitia
1196 1178 1278 1210 quae
1302 1177 1400 1208 penes
1425 1169 1426 1206 ξ

326 1215 557 1246 restitutionem
582 1215 770 1250 attenditur,
795 1215 850 1244 sed
875 1223 1000 1254 semper
1022 1213 1207 1254 imperfecta
1232 1212 1398 1247 restitutio,

326 1271 361 1291 ac
385 1270 440 1301 per
463 1260 525 1290 hoc
548 1259 632 1290 illius
656 1259 783 1300 propria
807 1259 926 1290 iustitia
940 1258 1124 1299 imperfecta
1141 1265 1196 1294 est,
1217 1264 1331 1298 utpote
1347 1257 1400 1287 de-
1425 1250 1427 1278 !

325 1304 445 1336 fectum
476 1303 599 1345 patiens
629 1303 662 1334 in
697 1313 757 1334 suo
781 1303 912 1344 proprio
937 1311 1018 1334 actu.
1043 1321 1064 1326 -
1088 1303 1129 1334 Et
1159 1302 1261 1332 simile
1285 1309 1331 1332 est
1361 1301 1399 1331 de
1424 1289 1428 1331 Ι

327 1349 493 1391 martyrio:
519 1349 608 1389 quod
631 1348 704 1379 licet
727 1358 764 1378 ex
788 1348 955 1388 proposito
979 1354 1010 1378 ει
1033 1357 1070 1378 ex
1089 1347 1224 1388 imperio
1241 1346 1400 1377 executio·
1425 1356 1427 1383 ς

326 1394 384 1430 nis,
410 1401 440 1425 et
464 1403 539 1424 cum
562 1393 671 1433 aliquo
695 1392 796 1429 facto,
821 1395 898 1433 puta
922 1393 1070 1432 passione
1093 1392 1293 1423 cruciatuum
1318 1391 1400 1421 mul·
1425 1387 1428 1450 ᾗ

325 1445 433 1469 torum
461 1437 661 1469 tendentium
691 1438 730 1468 ad
754 1444 905 1474 mortem,
931 1447 996 1468 non
1021 1444 1127 1468 tamen
1151 1436 1238 1467 illam
1262 1435 1398 1466 inferen-
1425 1455 1427 1478 1

325 1483 407 1514 tium
435 1482 618 1518 efficaciter,
648 1482 770 1513 dicatur
798 1489 828 1512 et
859 1482 898 1513 sit
928 1481 1042 1523 aliquis
1071 1488 1191 1522 martyr
1221 1481 1399 1511 secundum
1425 1482 1427 1523 ξ

325 1527 418 1569 quid,
442 1534 520 1568 puta
545 1526 690 1557 mentalis
713 1533 769 1557 aut
792 1526 987 1563 inchoative;
1023 1535 1191 1567 nunquam
1223 1533 1328 1556 tamen
1354 1531 1401 1556 est

325 1571 439 1612 aliquis
461 1570 646 1611 simpliciter
669 1578 700 1601 et
724 1572 868 1602 absolute
893 1577 1011 1612 martyr
1034 1570 1093 1601 nisi
1114 1569 1276 1601 actualiter
1300 1576 1400 1610 ponat
1425 1604 1427 1616 1

323 1617 422 1647 vitam
441 1626 500 1656 pro
515 1616 595 1646 Deo.
621 1615 662 1646 Et
684 1615 745 1646 hoc
769 1623 900 1656 propter
913 1615 1188 1656 imperfectionem
1203 1621 1302 1650 actus,
1319 1624 1399 1655 quo-

325 1670 426 1702 usque
450 1660 651 1701 perveniatur
673 1660 713 1690 ad
736 1660 854 1691 factum
882 1660 915 1690 in
935 1670 1002 1701 quo
1027 1659 1171 1690 consistit
1193 1659 1399 1700 martyrium:
1426 1679 1427 1687 1

325 1712 361 1736 ut
383 1713 469 1746 patet
492 1715 528 1735 ex
552 1704 724 1735 antedictis.

380 1750 447 1781 Vll.
472 1749 521 1779 Ad
546 1749 688 1788 primurn
713 1759 788 1789 ergo
804 1749 943 1779 duorum
965 1749 1070 1790 primo
1087 1749 1289 1779 obiectorum
1302 1746 1328 1784 *‚
1346 1756 1399 1778 ne·
1425 1762 1427 1796 ³.

323 1800 415 1834 gatur
438 1794 554 1829 minor,
579 1793 712 1829 scilicet,
738 1793 819 1831 Sed,
844 1794 959 1833 positis
982 1793 1130 1823 omnibus
1153 1793 1236 1829 illis,
1261 1793 1400 1832 ponitur
1424 1797 1426 1844 11

316 1837 466 1879 perfecta
482 1838 566 1868 ratio
582 1838 755 1878 martyrii:
773 1836 928 1878 quoniam
946 1838 1034 1868 deest
1049 1837 1155 1877 passio
1172 1836 1294 1867 mortis.
1311 1853 1331 1858 -
1348 1836 1398 1866 Ad
1424 1845 1426 1866 !

322 1882 546 1923 probationem
570 1889 677 1912 autem
701 1881 805 1917 illius,
830 1881 948 1912 scilicet
978 1882 1068 1922 quod
1091 1881 1145 1911 tali
1170 1887 1242 1911 actu
1266 1880 1400 1910 habetur
1424 1872 1426 1916 ἔ

322 1926 408 1967 apud
431 1926 538 1957 Deum
562 1933 594 1956 et
615 1926 702 1966 apud
726 1925 874 1956 homines
899 1925 1058 1956 sufficiens
1082 1924 1305 1956 testimonium
1322 1933 1398 1955 con-

321 1978 461 2012 temptus
485 1969 567 2000 vitae
590 1979 649 2010 pro
666 1969 805 2006 Christo,
825 1969 1039 2011 respondetur
1061 1969 1151 2011 quod
1175 1969 1263 2000 aliud
1279 1975 1326 1999 εει
1348 1968 1400 1999 ha-

321 2014 385 2046 beri
402 2014 626 2046 testimonium
643 2013 815 2045 sufficiens:
841 2022 872 2045 et
887 2014 973 2046 aliud
990 2021 1037 2045 est
1053 2014 1159 2045 haberi
1177 2012 1399 2044 testimonium

321 2069 488 2091 summum
513 2069 549 2090 ex
572 2069 686 2100 genere
710 2059 816 2100 operis
840 2059 921 2090 inter
940 2066 1028 2090 actus
1049 2058 1226 2090 exteriores.
1252 2058 1303 2088 Ad
1319 2067 1399 2088 mar-
1423 2084 1426 2111 1

320 2104 439 2146 tyrium
463 2113 529 2134 non
553 2110 602 2134 sat
624 2111 671 2134 est
694 2103 915 2135 testimonium
931 2103 1102 2140 sufficiens,
1120 2104 1174 2134 sed
1199 2102 1333 2143 exigitur
1355 2109 1399 2133 te·
1424 2113 1426 2172 1

321 2148 512 2180 stimonium
525 2157 706 2178 summum:
720 2147 796 2189 quia
808 2148 998 2190 martyrium
1010 2148 1164 2188 importat
1179 2147 1400 2178 testimonium
1424 2173 1426 2194 1

322 2203 377 2234 per
401 2192 628 2228 excellentiam,
651 2202 706 2223 seu
731 2193 981 2224 antonomasice.
1006 2192 1142 2224 Constat
1165 2191 1250 2223 enim
1274 2191 1399 2233 liquido
1424 2200 1425 2203 ’

321 2238 410 2280 quod
433 2237 495 2269 tale
519 2236 740 2268 testimonium
765 2237 831 2268 sine
856 2237 1004 2278 passione
1028 2237 1141 2268 mortis
1165 2246 1232 2267 non
1247 2243 1295 2267 est
1313 2246 1401 2267 sum·

322 2291 430 2313 mum:
454 2281 609 2323 quoniam
633 2281 836 2312 excellentius
860 2291 960 2322 genus
984 2288 1031 2312 est
1054 2281 1276 2312 testimonium
1300 2281 1400 2322 ipsius
1424 2292 1427 2327 1

985 293 1253 339 QUAEST1O
1284 291 1460 339 cxxw,
1490 293 1789 330 ART1CULUS
1820 292 1871 328 iv

1509 367 1595 400 Cum
1620 369 1668 399 his
1692 377 1798 400 tamen
1822 369 1947 400 adverte
1971 368 2078 410 quod,
2102 368 2177 409 quia
2207 368 2240 398 in
2264 367 2392 398 instanti
2416 366 2529 397 mortis

1454 412 1556 443 homo
1587 414 1683 443 simul
1712 413 1847 444 moritur
1874 421 1905 444 et
1932 420 2080 443 mortuus
2103 420 2165 449 est,
2197 412 2270 443 ideo
2301 419 2459 452 quatenus
2491 411 2529 441 de

1454 463 1590 498 martyre
1620 457 1653 487 in
1676 457 1733 488 illo
1761 458 1873 488 mortis
1896 458 2025 488 instanti
2048 456 2227 488 verificatur
2255 457 2344 498 quod
2373 455 2527 491 moritur,

1453 500 1496 531 ita
1519 499 1698 532 verificatur
1720 502 1810 543 quod
1834 509 1986 533 meretur:
2018 501 2206 542 supposito,
2232 509 2267 532 ut
2290 502 2329 531 de
2353 500 2436 531 facto
2464 506 2528 535 est,

1454 544 1544 585 quod
1567 545 1651 575 mori
1667 546 1813 587 martyris
1833 547 1873 577 sit
1896 546 2107 577 meritorium.
2132 547 2216 576 Nam
2239 555 2298 586 pro
2322 554 2528 586 quacumque

1453 597 1603 619 mensura
1626 589 1802 620 durationis
1825 590 2003 622 verificatur
2030 591 2119 631 quod
2147 597 2267 631 martyr
2291 590 2444 625 moritur,
2469 598 2529 629 pro

1454 633 1566 663 eadem
1589 640 1676 673 patet
1699 634 1864 665 manifeste
1887 636 1977 676 quod
1992 634 2171 666 verificatur
2194 635 2283 676 quod
2303 634 2438 665 moritur
2462 643 2529 664 rne-

1454 677 1571 708 ritorie.
1593 677 1738 714 Qualitas
1754 677 1913 719 siquidem
1930 686 2028 716 actus,
2043 679 2215 720 importata
2234 689 2290 720 per
2304 679 2337 720 ly
2353 679 2528 715 meritorie,

1453 722 1513 751 sub
1538 722 1649 752 eadem
1669 728 1716 752 est
1738 730 1888 753 mensura
1911 733 1975 764 qua
1989 731 2037 754 est
2052 731 2141 755 actus
2164 733 2263 765 quem
2286 723 2456 765 qualificat.
2482 725 2529 753 Ac

1453 775 1510 805 per
1533 766 1605 802 hoc,
1629 765 1706 806 quia
1728 766 1761 796 in
1785 767 1954 807 proposito
1977 768 2138 808 qualificat
2152 769 2245 805 mori,
2270 778 2346 808 ergo
2370 778 2430 809 pro
2451 777 2530 808 qua-

1453 819 1593 852 cumque
1617 819 1767 840 mensura
1789 820 1903 841 verum
1924 818 1973 842 est
1991 813 2082 852 quod
2105 820 2224 854 martyr
2246 813 2392 850 moritur,
2416 821 2529 842 verum

1452 854 1548 885 etiam
1571 862 1618 886 est
1641 855 1731 896 quod
1750 855 1887 886 moritur
1902 856 2073 893 meritorie,
2088 857 2180 898 quod
2196 864 2243 888 est
2259 857 2381 888 mereri.
2407 857 2529 895 Quem-

1452 899 1632 930 admodum
1650 909 1726 940 ergo
1749 899 1782 930 in
1805 906 1951 940 tempore
1974 900 2159 932 immediate
2183 902 2390 942 praecedente
2408 901 2530 932 instans

1424 945 1425 948 ’
1454 943 1566 974 mortis
1596 950 1716 985 martyr
1746 944 1883 975 moritur
1905 951 1942 975 ut
1964 944 1997 975 in
2020 945 2071 984 via
2101 945 2284 977 immediata
2312 947 2352 978 ad
2376 953 2529 981 mortem;

1454 995 1485 1019 et
1507 988 1540 1018 in
1564 988 1636 1029 ipso
1660 988 1789 1019 instanti
1813 988 1950 1020 moritur
1972 996 2008 1020 ut
2030 989 2063 1019 in
2087 989 2238 1020 termino:
2263 990 2307 1021 ita
2329 991 2528 1032 martyrium,

1424 1036 1426 1040 '
1453 1043 1489 1063 ac
1513 1043 1569 1074 per
1591 1034 1654 1064 hoc
1677 1040 1766 1064 actus
1789 1033 1990 1070 meritorius,
2016 1041 2219 1065 mensuratur
2241 1040 2387 1076 tempore
2415 1035 2530 1066 imme—

1424 1078 1426 1092 ³
1454 1077 1536 1108 diate
1561 1079 1766 1118 praecedente
1795 1085 1831 1109 ut
1853 1085 1943 1109 actus
1972 1078 2102 1109 viatoris
2125 1078 2329 1110 immediatus
2357 1079 2396 1110 ad
2419 1080 2529 1111 termi-

1453 1132 1544 1159 num,
1561 1130 1592 1154 et
1615 1130 1818 1154 mensuratur
1833 1123 1962 1154 instanti
1986 1129 2022 1154 ut
2044 1123 2077 1153 in
2101 1123 2250 1155 termino.
2275 1123 2321 1154 Ita
2339 1124 2430 1165 quod
2452 1133 2531 1165 qua-

1453 1174 1546 1198 tenus
1569 1167 1601 1198 in
1625 1167 1754 1198 instanti
1778 1167 1890 1198 mortis
1913 1174 2032 1209 martyr
2051 1168 2189 1199 moritur
2210 1174 2247 1199 ut
2270 1167 2303 1198 in
2326 1168 2470 1199 termino·
2485 1168 2531 1198 vi·

1425 1210 1427 1223 *
1454 1219 1512 1249 tae,
1537 1219 1668 1243 eatenus
1691 1211 1881 1253 martyrium
1905 1219 2110 1243 consummat
2133 1219 2165 1243 ει
2194 1219 2341 1243 meretur·
2357 1219 2394 1244 ut
2413 1211 2448 1243 in
2471 1219 2532 1244 ter-

1453 1257 1543 1287 mino
1567 1257 1660 1288 v'itae.
1685 1257 1736 1288 Sic
1759 1256 1847 1287 enim
1870 1257 1993 1293 mereri,
2018 1257 2138 1288 scilicet
2159 1264 2196 1288 ut
2217 1257 2252 1288 in
2274 1257 2414 1288 termino
2436 1257 2532 1294 vitae,

1454 1311 1520 1332 non
1541 1308 1696 1342 repugnat
1712 1301 1757 1332 illi
1780 1302 1836 1343 qui
1853 1301 1897 1332 sic
1913 1309 1960 1333 est
1974 1309 2124 1333 mortuus
2147 1302 2238 1343 quod
2261 1308 2340 1333 tunc
2361 1302 2468 1343 primo
2482 1303 2533 1333 εει

1453 1347 1556 1378 viator
1579 1347 1611 1377 in
1643 1347 1797 1378 termino:
1830 1346 1911 1377 sicut
1938 1347 1982 1377 sic
2011 1354 2142 1377 mortuo
2173 1356 2239 1377 non
2270 1353 2428 1388 repugnat
2443 1350 2532 1378 {tunc

1454 1391 1550 1423 etiam
1575 1391 1668 1428 mori,
1694 1399 1730 1422 ut
1753 1398 1839 1431 patet
1862 1391 1895 1421 in
1919 1391 1947 1423 V
1963 1392 2093 1432 Pnysic.
2110 1391 2128 1411 *
2448 1406 2461 1410 >=

1512 1436 1591 1467 V111.
1617 1437 1667 1467 Ad
1686 1436 1828 1477 primum
1845 1443 1953 1467 autem
1975 1433 2144 1479 [secundo]
2161 1435 2363 1468 obiectorum
2379 1436 2397 1455 ¹⁸
2418 1435 2534 1468 dicitur

1454 1481 1543 1522 quod
1563 1487 1789 1520 argumentum
1808 1480 1839 1510 in
1859 1481 1989 1511 duobus
2012 1479 2128 1512 deficit.
2153 1481 2272 1518 Primo,
2291 1479 2325 1511 in
2344 1480 2398 1511 illa
2422 1481 2532 1512 condi-

1453 1525 1541 1556 tione
1560 1525 1593 1556 in
1610 1532 1826 1566 consequente
1845 1525 1959 1565 posita,
1980 1525 2112 1556 scilicet:
2134 1527 2166 1556 in
2182 1526 2242 1557 hoc
2256 1526 2360 1556 solum
2380 1525 2534 1567 differen—

1454 1575 1502 1601 tes
1523 1570 1609 1611 quod
1623 1569 1731 1611 furor
1751 1571 1891 1611 {rr-anm·
1912 1571 2016 1601 saevit
2039 1571 2072 1600 in
2097 1578 2198 1601 unum
2223 1575 2255 1601 et
2277 1580 2341 1602 non
2366 1571 2532 1602 iot-afim

1425 1617 1427 1632 ³
1454 1615 1620 1652 Quoniam
1639 1614 1716 1645 haec
1739 1614 1923 1651 differentia,
1939 1624 2022 1656 quae
2046 1615 2242 1655 exprimitur,
2259 1621 2306 1646 est
2324 1614 2533 1647 occasionalis

1454 1666 1485 1690 et
1503 1659 1717 1690 involuntaria
1741 1669 1778 1690 ex
1802 1666 1890 1700 parte
1913 1666 2108 1690 sanctorum.
2133 1659 2195 1691 Sed
2218 1659 2272 1690 illa
2296 1668 2379 1701 quae
2401 1666 2533 1697 tacetur,

1453 1710 1500 1735 est
1523 1703 1714 1740 voluntaria,
1730 1710 1762 1734 et
1784 1713 1856 1734 vere
1879 1713 1976 1735 causa
1999 1703 2202 1740 differentiae,
2219 1704 2338 1736 scilicet
2356 1705 2446 1746 quod
2464 1713 2533 1736 tam

1453 1755 1523 1780 tum
1541 1758 1624 1779 unus
1640 1748 1736 1779 sentit
1751 1748 1930 1779 voluntarie
1946 1755 2100 1780 mortem:
2124 1758 2162 1780 ex
2177 1749 2236 1780 bac
2247 1749 2339 1779 *enim
2358 1749 2534 1780 differentia

1453 1793 1601 1834 provenit
1622 1793 1711 1834 quod
1735 1802 1820 1823 unus
1843 1799 1891 1824 est
1909 1799 2029 1834 martyr
2043 1800 2075 1824 et
2090 1793 2168 1824 alter
2183 1802 2260 1825 non.
2276 1810 2298 1817 -
2314 1793 2464 1825 Secundo
2477 1795 2532 1826 'de—

1451 1836 1526 1873 ficit,
1551 1837 1627 1878 quia
1643 1846 1844 1878 consequens
1868 1844 1944 1868 tunc
1958 1845 2008 1868 est
2029 1847 2154 1869 verum.
2178 1838 2222 1869 Et
2243 1838 2285 1869 ad
2306 1838 2532 1880 probationem

1451 1881 1567 1912 dicitur
1581 1882 1682 1922 quod,
1700 1887 1802 1912 stante
1817 1881 2009 1922 aequalitate
2022 1881 2223 1920 interiorum,
2239 1882 2427 1915 conceditur
2441 1884 2534 1925 quod

1423 1927 1426 1939 ¹
1452 1926 1626 1967 aequaliter
1646 1933 1786 1957 meretur
1809 1926 1919 1966 quoad
1941 1926 2120 1967 praemium
2138 1927 2314 1959 essentiale.
2338 1927 2534 1960 Sed'ex'hoc

1452 1979 1519 2001 non
1542 1970 1696 2011 sequitur,
1721 1970 1808 2011 Ergo
1832 1978 1967 2012 uterque
1985 1977 2033 2002 est
2056 1978 2192 2013 martyr:
2217 1971 2273 2002 sed
2297 1972 2534 2014 eat'sophisma

1451 2014 1572 2055 figurae
1596 2014 1755 2052 dictionis,
1780 2014 1937 2057 quoniam
1960 2022 2104 2046 mutatur
2125 2015 2204 2057 quid
2217 2014 2250 2047 in
2267 2016 2365 2057 quale
2382 2014 2533 2059 se'fiffl

1453 2060 1556 2091 modo.
1582 2060 1692 2091 Potest
1714 2059 1800 2090 enim
1825 2066 1903 2096 esse',
1927 2066 1959 2090 et
1983 2060 2023 2090 de
2046 2059 2130 2091 facto
2152 2060 2196 2092 ita
2218 2068 2287 2092 esse
2309 2061 2535 2100 credine-,an

1452 2104 1546 2135 multi
1570 2104 1767 2135 confessores
1791 2104 1854 2136 sint
1878 2104 1988 2136 multis
2006 2105 2199 2146 martyribus
2215 2105 2365 2147 aequales
2386 2105 2422 2137 in
2443 2108 2533 2148 pin&-

1452 2148 1520 2179 mio
1543 2149 1718 2181 essentiali:
1744 2158 1809 2180 non
1833 2156 1941 2181 tamen
1964 2157 2134 2191 propterea
2156 2158 2232 2182 sunt
2254 2157 2419 2192 martyres.
2464 2166 2465 2169 ¹
2497 2158 2524 2169 *υ

1509 2194 1560 2224 Ad
1583 2194 1773 2230 secundum,
1799 2202 1932 2235 negatur
1950 2195 2090 2236 sequela.
2115 2195 2158 2226 Et
2179 2195 2220 2226 ad
2244 2195 2531 2237 probationemdi-

1452 2237 1534 2269 citur
1563 2239 1654 2279 quod
1683 2238 1714 2269 in
1739 2246 1843 2270 morte
1867 2246 2043 2281 martyrum
2072 2246 2269 2271 concurrunt
2293 2240 2376 2272 actio
2406 2240 2534 2283 &muni

1452 2289 1484 2314 et
1502 2283 1609 2324 passio
1625 2289 1812 2325 martyrum.
1838 2283 1877 2314 Et
1899 2283 1973 2315 licet
1988 2284 2072 2316 actio
2088 2293 2154 2315 non
2169 2284 2210 2316 sit
2222 2284 2257 2315 in
2277 2291 2437 2326 potestate
2449 2292 2534 2316 mar—

323 2327 479 2368 passionis
496 2326 618 2362 mortis,
640 2336 675 2357 ac
699 2336 755 2367 per
770 2326 842 2363 hoc,
868 2326 947 2358 illud
972 2336 1037 2356 non
1054 2334 1100 2357 est
1116 2335 1283 2356 summum
1299 2336 1401 2367 genus
1425 2340 1427 2372 3
1452 2334 1571 2369 tyrum,
1596 2327 1702 2368 passio
1727 2334 1833 2359 tamen
1851 2333 1898 2359 est
1919 2328 1953 2358 in
1978 2334 2281 2369 potestate-eorum:
2305 2329 2382 2371 quia
2406 2336 2454 2361 est
2475 2331 2532 2361 vok

321 2370 506 2403 testimonii.
532 2370 572 2401 Et
596 2370 685 2412 quod
708 2370 930 2402 testimonium
946 2371 1046 2412 ipsius
1063 2370 1175 2401 mortis
1191 2370 1231 2402 sit
1247 2370 1400 2402 excellen-
1425 2375 1427 2401 i
1451 2372 1588 2404 luntaria
1604 2379 1635 2403 et
1652 2372 1824 2404 meritoria.
1841 2373 1934 2404 Unde
1946 2372 1987 2403 de
1999 2372 2117 2405 Christi
2133 2373 2283 2415 passione
2302 2374 2420 2406 dicitur
2436 2374 2532 2405 iuuat

321 2416 402 2452 tius,
428 2415 576 2457 quamvis
607 2414 778 2446 ridiculum
807 2415 846 2446 sit
869 2416 1030 2452 dubitare,
1056 2425 1092 2446 ex
1116 2425 1155 2446 eo
1186 2423 1293 2446 tamen
1325 2425 1400 2447 con·
1425 2415 1427 2431 ¹
1451 2417 1544 2448 Actio
1559 2417 1733 2458 dispIicuit,
1752 2419 1866 2458 passio
1887 2421 1988 2459 grata
2001 2417 2085 2459 fuit.
2110 2418 2152 2449 Et
2173 2427 2231 2460 per
2250 2418 2438 2450 huiusmodi
2462 2428 2533 2460 paa-

322 2460 457 2491 vincitur
473 2460 562 2502 quod
586 2466 660 2501 post
674 2459 857 2501 imperium,
875 2468 945 2497 etc„
962 2466 1105 2492 remanet
1120 2469 1193 2501 spes
1209 2460 1291 2491 vitae
1311 2470 1400 2501 prae·
1424 2476 1427 2510 Ι

322 2505 429 2536 sentis.
455 2504 548 2536 Multi
565 2503 650 2535 enim
674 2512 748 2546 post
767 2504 954 2536 huiusmodi
970 2505 1103 2546 imperia
1121 2505 1281 2537 vixerunt:
1307 2511 1343 2536 ut
1366 2505 1399 2536 in

322 2550 468 2591 exemplo
493 2559 553 2580 suo
578 2549 616 2580 de
643 2550 726 2580 lsaac
751 2556 846 2590 patet.
872 2550 913 2581 Et
936 2549 1050 2591 procul
1074 2549 1185 2586 dubio,
1202 2550 1278 2591 quia
1294 2550 1399 2581 vivere

321 2601 446 2636 potest,
470 2600 612 2624 remanet
642 2594 820 2625 secundum
851 2604 884 2625 se
907 2594 970 2625 vita
999 2594 1032 2625 in
1060 2603 1132 2634 spe,
1164 2594 1311 2636 quamvis
1341 2595 1399 2626 iste

320 2639 421 2670 horno
445 2648 511 2669 non
532 2645 651 2678 speret:
677 2638 732 2669 sed
756 2638 818 2670 hoc
843 2646 890 2670 est
913 2649 969 2680 per
992 2638 1154 2675 accidens;
1179 2639 1255 2680 quia
1279 2639 1318 2670 de
1343 2649 1398 2670 na·

320 2690 390 2714 tura
413 2683 483 2714 talis
507 2689 595 2714 actus
619 2682 798 2714 secundum
821 2693 855 2714 se
878 2684 1081 2724 loquendum
1105 2690 1162 2714 εει.

377 2728 426 2758 Ad
450 2727 628 2758 secundum
645 2727 760 2758 dicitur
779 2728 878 2769 quod,
897 2728 1025 2769 proprie
1043 2728 1220 2770 loquendo,
1237 2728 1398 2760 distinctio

320 2772 372 2802 illa
396 2779 536 2813 quatuor
559 2781 799 2809 mensurarum,
824 2772 857 2803 in
881 2782 944 2814 qua
975 2780 1021 2804 est
1050 2779 1139 2804 actus
1168 2773 1326 2814 martyrii,
1352 2780 1399 2805 est
1424 2772 1425 2775 ’

319 2815 524 2853 insufficiens,
549 2823 586 2848 ut
608 2817 688 2848 iacet
706 2816 739 2848 in
755 2817 873 2848 littera:
899 2818 991 2848 datur
1005 2817 1165 2858 siquidem
1179 2818 1292 2859 quinta
1309 2827 1398 2849 men·

320 2871 402 2891 sura.
429 2860 469 2892 Et
493 2868 539 2892 est
561 2867 690 2902 tempus
713 2861 895 2892 immediate
920 2862 1111 2902 praecedens
1135 2861 1256 2893 instans
1273 2863 1396 2894 mortis.

319 2907 420 2936 Actus
444 2905 602 2946 siquidem
627 2906 778 2948 martyrii,
803 2906 876 2937 licet
895 2915 967 2938 ante
984 2906 1124 2943 inchoet,
1149 2907 1208 2937 nisi
1234 2914 1341 2938 tamen
1358 2908 1398 2938 ad

319 2949 473 2990 temporis
497 2949 680 2980 immediate
705 2951 920 2990 praecedentis
943 2951 1064 2982 instans
1083 2951 1196 2982 mortis
1211 2961 1397 2983 mensuram
1422 2969 1424 2991 ,

320 2994 497 3035 perveniat,
523 3004 589 3024 non
614 3001 660 3025 est
684 2995 871 3036 martyrium
903 2995 962 3026 nisi
990 2996 1170 3026 secundum
1193 2996 1289 3037 quid:
1321 2997 1398 3038 quia

321 3047 385 3069 non
416 3045 522 3080 potest
550 3039 721 3070 consistere
749 3039 781 3069 in
805 3039 889 3070 facto
913 3040 1032 3070 summi
1058 3040 1231 3071 testimonii
1255 3040 1315 3071 nisi
1340 3041 1396 3072 illo

319 3089 464 3123 ternpore
489 3090 700 3114 mensuretur.
731 3101 752 3106 -
783 3083 823 3115 Et
851 3084 876 3114 si
900 3091 1010 3115 contra
1039 3085 1100 3116 hoc
1130 3084 1296 3122 afferatur,
1321 3085 1396 3127 quia
1421 3114 1423 3126 ,

320 3131 425 3168 potest
454 3137 510 3168 per
534 3127 675 3158 divinam
699 3127 877 3168 potentiam
900 3128 932 3158 in
957 3129 1096 3159 secunda
1119 3129 1287 3161 medietate
1311 3130 1396 3161 illius
1422 3128 1423 3141 ¹

319 3172 472 3212 temporis
487 3171 635 3212 impediri
652 3172 782 3213 sequela
798 3173 919 3209 mortis,
938 3180 1013 3204 etc.:
1034 3191 1054 3197 -
1077 3174 1291 3214 respondetur
1305 3175 1395 3216 quod
1421 3167 1423 3221 1

320 3215 381 3246 hoc
398 3223 444 3247 est
459 3216 719 3257 incompossibile
736 3217 853 3258 posito.
877 3217 961 3248 Nam
978 3218 1086 3258 posito
1101 3218 1190 3259 quod
1207 3225 1296 3250 actus
1313 3229 1395 3250 mar·
1421 3225 1423 3239 ¹

320 3259 391 3300 tyrii
423 3268 623 3292 mensuretur
654 3267 798 3302 tempore
826 3261 1009 3293 immediate
1038 3263 1246 3304 praecedente
1274 3263 1395 3296 instans
1421 3271 1422 3305 1

322 3303 451 3341 mortis,
475 3305 735 3346 incompossibile
759 3314 806 3337 est
828 3306 918 3348 quod
941 3316 1028 3337 mors
1053 3317 1119 3338 non
1143 3307 1183 3338 sit
1210 3307 1242 3338 in
1266 3308 1396 3340 instanti
1420 3333 1422 3339 ,

321 3347 502 3380 immediate
519 3357 669 3390 sequente
685 3350 764 3381 illud
780 3358 927 3392 tempus:
953 3351 1109 3392 quoniam
1129 3351 1190 3383 hoc
1206 3359 1253 3384 est
1275 3363 1395 3394 ponere
1420 3342 1422 3357 ³

322 3392 411 3432 quod
434 3399 560 3433 tempus
584 3393 663 3424 illud
680 3394 719 3426 sit
734 3395 956 3426 immediatum
973 3395 1100 3427 instanti
1117 3396 1238 3434 mortis,
1255 3403 1286 3428 et
1304 3397 1394 3438 quod
1419 3389 1422 3437 Ι

322 3445 388 3466 non
413 3443 459 3466 est
486 3436 706 3468 immediatum
730 3439 850 3475 eidem;
880 3440 969 3480 quod
997 3439 1140 3481 implicat
1170 3441 1394 3472 contradictio-
1420 3439 1422 3454 '

323 3489 406 3515 nem,
432 3490 489 3511 nec
513 3481 653 3512 subiacet
676 3482 799 3514 divinae
823 3484 992 3524 potentiae.
1018 3484 1065 3515 Ex
1081 3494 1120 3516 eo
1141 3493 1286 3526 namque
1304 3485 1394 3527 quod
1419 3476 1422 3545 ὖ

322 3531 410 3555 actus
434 3524 573 3566 martyrii
590 3533 789 3557 mensuratur
812 3534 956 3568 tempore
980 3528 1164 3559 immediate
1187 3529 1393 3570 praecedente

322 3568 441 3599 instans
464 3570 585 3605 mortis,
606 3570 748 3611 sequitur
772 3571 861 3612 quod
877 3582 963 3602 mors
987 3571 1170 3604 immediata
1193 3572 1234 3604 sit
1256 3572 1394 3614 tempori
1418 3546 1422 3602 l

323 3612 380 3643 illi:
407 3622 442 3643 ex
460 3622 498 3643 eo
514 3622 589 3644 vero
613 3614 701 3654 quod
722 3613 852 3655 ponitur
867 3615 1013 3656 impediri
1029 3625 1127 3652 mors,
1145 3616 1288 3657 sequitur
1304 3617 1392 3658 quod

323 3667 410 3687 mors
434 3667 499 3687 non
525 3657 563 3688 sit
586 3657 768 3689 immediata
792 3659 927 3699 tempori
954 3660 1009 3691 illi.

1452 2462 1577 2493 sionem
1600 2462 1815 2493 voluntariam
1843 2462 2003 2494 violentae
2031 2462 2144 2494 mortis
2174 2463 2214 2494 de
2244 2469 2464 2505 non-martyre
2495 2462 2532 2495 fit

1452 2506 1554 2538 homo
1571 2514 1705 2548 martyr:
1726 2514 1757 2538 et
1773 2516 1840 2538 non
1855 2517 1912 2548 per
1926 2507 2087 2539 actionem
2105 2507 2240 2549 tyranni.
2263 2508 2332 2540 Nec
2346 2508 2534 2548 inconvenit

1451 2551 1640 2583 huiusmodi
1663 2557 1789 2582 tantum
1812 2551 1938 2583 bonum
1962 2552 2139 2593 dependere
2164 2551 2405 2584 occasionaliter
2419 2552 2531 2584 exitii>

1452 2606 1516 2638 qua
1540 2596 1665 2627 actione
1689 2596 1825 2638 tyranni.
1850 2596 1891 2628 Et
1907 2596 1980 2633 dixi,
1997 2597 2266 2629 occasionaliter.-
2288 2596 2365 2639 quia
2387 2595 2463 2629 licet
2481 2604 2532 2640 ty—

1451 2650 1570 2672 rannus
1595 2640 1772 2671 occidendo
1797 2639 1836 2672 sit
1859 2651 1915 2681 per
1939 2650 1972 2672 se
1996 2648 2090 2672 causa
2114 2641 2237 2679 mortis,
2261 2651 2327 2674 non
2352 2647 2459 2673 tamen
2483 2647 2532 2674 eat

1452 2686 1511 2717 nisi
1542 2685 1668 2716 occasio
1696 2685 1774 2716 tanti
1805 2686 1900 2722 boni,
1925 2686 2044 2718 scilicet
2066 2686 2264 2719 voluntariae
2295 2694 2326 2719 et
2352 2686 2533 2718 meritoriae

1451 2730 1579 2767 mortis;
1605 2730 1793 2772 martyrium
1809 2740 1951 2772 namque
1966 2741 1984 2761 a
2001 2730 2060 2762 Dei
2075 2731 2173 2772 gratia
2190 2738 2222 2763 et
2237 2739 2375 2774 martyre
2390 2736 2447 2768 eat,
2464 2741 2531 2763 non

1451 2786 1470 2806 a
1530 2785 1641 2806 ranno.

1493 2782 1557 2850 th
1589 2819 1718 2851 tertium
1750 2819 1865 2850 dicitur
1895 2820 1984 2861 quod
2013 2819 2100 2851 dives
2128 2820 2160 2851 in
2188 2819 2375 2852 huiusmodi
2405 2820 2530 2852 casibus

1423 2866 1425 2904 ζ
1450 2874 1516 2895 non
1541 2863 1601 2895 nisi
1625 2863 1810 2906 imperfecte
1833 2871 1880 2895 est
1903 2864 2058 2896 liberalis:
2083 2865 2160 2906 quia
2178 2874 2245 2896 non
2262 2864 2322 2896 nisi
2338 2864 2528 2899 inchoative.

1507 2909 1557 2939 Ad
1581 2915 1749 2950 quartum,
1774 2909 1961 2940 conceditur
1982 2909 2078 2949 gratis
2101 2909 2191 2951 quod
2215 2910 2254 2940 ad
2278 2909 2417 2940 eundem
2441 2909 2529 2942 habi-

1450 2960 1521 2984 tum
1540 2960 1661 2994 spectat
1685 2962 1804 2994 ponere
1820 2953 1961 2984 animam
1978 2963 2037 2995 pro
2055 2955 2135 2991 Deo,
2159 2961 2191 2985 et
2214 2963 2395 2995 proponere
2419 2954 2528 2985 et·eli—

1449 3007 1532 3038 gere,
1558 2998 1647 3039 quod
1670 2998 1744 3039 plus
1763 3006 1811 3030 est
1833 3007 1932 3039 quam
1956 2999 2112 3039 imperare
2134 2998 2207 3030 hoc.
2232 2998 2294 3029 Sed
2318 3005 2384 3030 tam
2408 3006 2528 3040 propo-

1422 3079 1423 3090 1
1448 3043 1547 3074 situm
1572 3052 1670 3084 quam
1692 3042 1805 3074 electio
1822 3049 1868 3074 est
1884 3050 1973 3074 actus
1988 3042 2194 3084 imperfectus
2209 3049 2352 3083 respectu
2370 3042 2527 3084 martyrii:

1449 3087 1606 3128 quoniam
1629 3094 1781 3118 neutrum
1805 3093 1852 3118 est
1875 3087 2064 3129 martyrium
2091 3086 2284 3128 perfectum,
2310 3087 2366 3117 sed
2388 3087 2528 3119 mentale

1450 3137 1505 3162 aut
1523 3131 1713 3163 inchoative.
1739 3131 1780 3163 Et
1801 3131 1875 3162 ideo
1895 3141 1933 3163 ex
1949 3131 2011 3163 hoc
2027 3141 2093 3162 non
2110 3131 2264 3172 sequitur,
2289 3131 2376 3172 Ergo
2392 3138 2439 3163 est
2455 3140 2527 3163 vere

1450 3183 1583 3217 martyr:
1608 3175 1684 3217 quia
1707 3182 1827 3218 martyr
1850 3176 1890 3207 ab
1912 3182 1984 3208 actu
2009 3175 2150 3216 perfecto
2169 3175 2313 3207 exteriori
2338 3176 2459 3207 summi
2481 3182 2527 3208 te·

1449 3220 1591 3252 stimonii
1616 3220 1748 3257 dicitur,
1773 3227 1804 3251 et
1832 3229 1899 3251 non
1922 3221 1961 3251 ab
1986 3220 2095 3251 habitu
2125 3225 2182 3251 aut
2204 3221 2243 3251 ab
2267 3227 2338 3252 actu
2362 3220 2525 3253 inchoato.

1506 3265 1555 3296 Ad
1575 3265 1726 3306 quintum
1742 3264 1857 3296 dicitur
1874 3264 1963 3305 quod
1982 3264 2077 3305 gratis
2093 3264 2278 3295 conceditur
2300 3265 2388 3306 quod
2413 3265 2526 3297 electio

1449 3309 1645 3341 executionis
1669 3309 1781 3340 mortis
1804 3318 1864 3350 pro
1887 3309 1975 3345 Deo,
1999 3318 2082 3350 quae
2106 3308 2218 3340 electio
2242 3316 2289 3340 est
2313 3309 2442 3341 effectus
2466 3310 2525 3341 im-

1449 3354 1537 3395 perii,
1554 3353 1610 3395 qui
1626 3359 1715 3384 actus
1731 3359 1779 3384 εει
1797 3352 1993 3394 prudentiae,
2018 3361 2054 3384 ut
2078 3359 2164 3394 patet
2182 3353 2215 3384 in
2230 3353 2273 3384 vt
2290 3354 2394 3385 Ethic:
2410 3354 2441 3384 *ε
2466 3354 2524 3385 hu-
2553 3356 2562 3365 ‘

1448 3397 1599 3435 iusmodi,
1616 3397 1759 3439 inquam,
1773 3397 1896 3434 electio,
1914 3397 2080 3428 includens
2097 3397 2268 3438 imperium
2282 3405 2352 3435 etc..
2373 3405 2420 3430 est
2435 3404 2524 3430 actus

1419 3460 1422 3472 .
1448 3441 1590 3483 martyrii
1605 3441 1798 3472 inchoative:
1815 3441 1869 3472 sed
1886 3451 1952 3472 non
1969 3440 2063 3473 habet
2078 3441 2250 3483 perfectam
2267 3442 2423 3474 rationem
2435 3449 2524 3474 actus

1448 3485 1606 3526 martyrii,
1631 3485 1707 3526 quia
1730 3484 1835 3516 deficit
1863 3485 1983 3517 factum
2015 3486 2047 3516 in
2071 3496 2139 3528 quo
2163 3486 2307 3519 consistit
2341 3487 2523 3519 excellentia

1447 3529 1631 3560 testimonii.
1658 3529 1698 3560 Et
1721 3529 1848 3560 adverte
1872 3529 1922 3561 hic
1951 3530 2040 3571 quod
2071 3530 2097 3562 si
2126 3531 2158 3562 in
2183 3531 2241 3562 hac
2273 3531 2396 3562 ratione
2425 3540 2522 3572 quae—

1448 3573 1525 3605 ritur
1549 3580 1604 3604 aut
1627 3573 1821 3615 supponitur
1850 3575 1939 3616 quod
1963 3575 2150 3616 martyrium
2175 3575 2216 3607 sit
2238 3575 2380 3613 habitus,
2405 3574 2521 3606 falsum

1447 3618 1609 3659 quaeritur
1632 3625 1686 3648 aut
1709 3618 1912 3659 supponitur.
1942 3618 1973 3651 Si
2002 3626 2110 3651 autem
2135 3626 2192 3660 per
2213 3619 2358 3651 habitum
2380 3619 2522 3661 martyrii

1447 3661 1601 3701 intelligat
1616 3662 1688 3703 quis
1705 3662 1848 3694 habitum
1861 3663 2035 3695 elicitivum
2049 3663 2200 3705 martyrii,
2213 3670 2291 3694 tunc
2306 3663 2420 3695 dicitur
2430 3664 2521 3704 quod

2559 1388 2721 1438 §.sitiat
2730 1394 2768 1436 ἐἰ

2559 1443 2571 1455 ·
2584 1441 2656 1464 Num.
2670 1447 2697 1464 ιι.
