2768 4198
0 3349 3 3354 γ
0 3295 7 3342 υ-ιᾼἼ
0 3283 2 3287 v
0 3268 4 3274 v

0 3800 1 3803 „
0 3685 9 3789 svm-⁷
0 3553 7 3673 aur—m·-
7 3507 8 3510 „
6 3474 7 3477 „
8 3427 9 3431 „

953 292 1222 338 QUAESTIO
1252 293 1464 341 CLXXVI,
1493 293 1791 332 ARTICULUS
1821 295 1853 330 II
2404 294 2481 340 413

293 372 354 403 tiae
378 378 496 409 autem,
514 371 677 412 perceptio
696 368 820 410 signati,
838 369 900 400 hoc
924 376 980 407 est,
998 370 1135 401 veritatis
1151 372 1365 412 intelligibilis.

293 415 460 448 Secundus
484 421 592 446 autem
616 424 761 446 excessus
781 414 862 444 clare
885 420 972 453 patet
999 415 1089 455 quod
1113 416 1256 446 consistit
1278 426 1365 446 corn-

292 460 435 500 parando
452 460 576 491 obiecta
591 459 758 499 utriusque
782 458 859 488 doni
875 458 915 488 ad
938 457 1075 489 invicem
1091 466 1247 499 quatenus
1263 460 1360 491 utrin-

291 514 356 545 que
372 510 419 535 est
441 503 555 535 notitia
570 502 745 543 quaedam:
770 502 850 532 dum
867 502 1035 542 prophetia
1051 509 1097 534 est
1119 504 1231 535 notitia
1246 514 1362 542 rerum,

292 554 323 578 et
346 548 471 578 donum
492 546 676 586 linguarum
699 546 813 578 notitia
834 555 963 577 vocum.

347 591 385 622 II.
410 591 446 621 In
470 590 678 631 responsione
702 591 742 620 ad
773 590 950 621 secundum
980 590 1122 622 eiusdem
1145 592 1280 628 articuli,
1307 593 1363 622 du—

291 635 383 665 bium
414 641 496 666 esset
525 644 593 675 quo
617 640 711 674 pacto
743 634 799 675 qui
822 634 967 675 loquitur
995 635 1105 676 lingua
1128 646 1191 667 non
1222 636 1365 677 loquitur

289 679 480 716 hominibus,
497 678 558 709 hoc
579 683 625 709 est
647 677 691 709 ad
714 679 908 709 intellectum
931 679 1095 710 hominum
1121 681 1171 711 vel
1193 681 1362 711 utilitatem

290 732 415 760 eorum,
432 723 489 754 sed
512 723 556 753 ad
578 722 773 754 intellectum
796 724 898 754 solius
919 724 983 754 Dei
1005 729 1035 754 et
1058 725 1101 755 ad
1124 724 1251 756 laudem
1277 726 1365 756 eius:

289 766 446 808 quoniam
470 767 595 797 donum
618 766 800 807 linguarum
824 767 989 798 manifeste
1013 774 1060 798 est
1083 768 1122 798 ad
1144 768 1310 799 hominem
1334 776 1364 799 et

289 810 463 842 hominum
487 810 666 842 utilitatem.
701 811 763 842 Sed
788 818 887 842 cessat
917 811 1052 842 dubium
1076 812 1154 843 dum
1177 813 1365 853 perspicitur

290 855 330 886 ad
353 856 444 896 quod
467 855 671 896 propositum
695 854 773 886 haec
796 856 891 886 verba
914 855 1063 887 dicuntur
1085 857 1124 887 ab
1150 857 1310 897 Apostolo
1334 864 1365 888 et

288 901 446 931 Auctore:
466 899 595 937 scilicet,
612 909 687 931 cum
703 899 819 940 aliquis
834 899 979 940 loquitur
993 900 1109 941 linguis
1125 901 1279 938 absolute,
1297 911 1363 932 non

290 943 330 974 ad
352 944 578 975 instruendum
602 944 680 975 alios
703 944 754 975 vel
776 943 1060 984 interpretandum.
1084 945 1157 976 Hoc
1181 945 1266 976 enim
1292 956 1364 976 con-

288 988 381 1029 tingit
404 988 472 1020 fieri
494 988 575 1020 inter
598 998 653 1020 eos
669 988 725 1030 qui
749 988 872 1019 nullam
894 988 1021 1019 illarum
1045 989 1226 1030 linguarum
1249 989 1363 1021 intelli—

288 1039 380 1073 gunt.
405 1033 446 1064 Et
460 1032 534 1064 ideo
551 1033 701 1065 dicuntur
715 1032 808 1074 loqui
826 1033 866 1063 ad
881 1032 1078 1064 intellectum
1102 1040 1133 1064 et
1147 1034 1276 1064 laudem
1292 1034 1363 1074 Dei,

288 1083 320 1108 et
335 1087 403 1108 non
420 1077 460 1108 ad
482 1077 680 1109 intellectum
703 1084 734 1108 et
750 1077 919 1109 utilitatem
937 1077 1088 1109 hominis.
1113 1078 1206 1109 Unde
1222 1085 1253 1109 et
1275 1081 1362 1119 Apo-

1418 373 1518 403 stolus
1534 373 1653 403 ibidem
1669 373 1753 409 dicit,
1770 372 1887 404 scilicet
1910 373 1922 403 I
1939 373 1982 404 ad
2003 372 2077 403 Cor.
2093 382 2146 402 xrv
2159 372 2187 409 *,
2204 372 2292 413 quod
2308 373 2484 413 ingrediens

1417 416 1531 457 aliquis
1555 417 1679 457 putabit
1702 427 1757 447 eos
1781 417 1884 448 ebrios
1907 427 1962 448 seu
1985 416 2125 447 insanos.

1474 461 1526 492 111.
1552 462 1587 492 In
1610 461 1818 502 responsione
1841 461 1881 492 ad
1904 467 2054 502 quartum
2078 460 2221 491 eiusdem
2248 461 2385 497 articuli,
2410 468 2486 492 nota

1416 505 1505 545 quod
1530 505 1681 536 ultimum
1705 506 1829 536 donum
1857 506 1938 536 inter
1959 505 2074 546 gratias
2105 505 2201 546 gratis
2225 505 2328 542 datas,
2354 505 2416 535 hoc
2440 512 2486 536 est

1417 549 1639 590 interpretatio
1662 559 1863 589 sermonum,
1883 560 1950 581 non
1974 549 2082 580 solum
2109 549 2248 580 extendit
2271 559 2303 580 se
2327 550 2367 580 ad
2390 560 2486 590 expo-

1417 594 1560 624 nendum
1591 594 1725 624 obscura
1755 604 1859 624 sacrae
1891 594 2070 635 Scripturae
2100 601 2232 635 propter
2268 593 2485 625 difficultatem

1416 647 1532 675 rerum,
1549 644 1585 668 ut
1607 645 1682 668 sunt
1705 638 1852 679 mysteria
1875 638 2049 675 Trinitatis,
2072 638 2297 669 Incarnationis
2321 645 2352 669 et
2375 638 2485 669 huius-

1417 682 1521 718 modi;
1545 689 1576 713 et
1598 689 1728 722 propter
1751 681 1968 713 difficultatem
1992 682 2239 714 similitudinum
2262 689 2294 713 et
2320 682 2485 723 parabola-

1416 736 1489 756 rum
1512 726 1546 756 in
1569 736 1655 757 sacra
1679 726 1839 767 Scriptura
1862 727 1963 758 multa
1994 734 2111 758 secreta
2134 727 2326 765 velantium,
2353 733 2389 757 ut
2411 733 2486 757 sunt

1416 776 1465 800 tot
1487 777 1553 800 tam
1570 770 1602 800 in
1617 771 1714 801 veteri
1730 781 1828 812 quam
1844 781 1930 802 novo
1947 772 2154 802 Testamento
2178 771 2394 812 metaphorice
2411 770 2484 801 scri-

1418 821 1486 854 pta:
1512 814 1567 845 sed
1591 814 1685 845 etiam
1715 822 1846 855 propter
1876 815 2092 847 difficultatem
2122 816 2264 856 ipsarum
2286 825 2414 846 vocum.
2440 815 2485 846 Ita

1417 858 1507 899 quod
1531 868 1597 889 non
1620 859 1660 889 ad
1684 859 1807 890 donum
1829 859 2027 899 linguarum,
2052 860 2108 890 sed
2130 860 2170 890 ad
2192 859 2484 901 interpretationem

1417 912 1604 933 sermonum
1635 909 1754 943 spectat
1788 910 1819 934 et
1840 903 2013 944 intelligere
2046 911 2077 935 et
2106 914 2263 945 exponere
2287 903 2485 935 difficultates

1418 956 1500 987 quae
1524 957 1561 977 ex
1584 947 1770 978 nominibus
1794 955 1969 988 emergunt.
1994 948 2035 979 Et
2058 955 2225 989 propterea
2248 949 2371 980 donum
2390 948 2484 979 inter-

1418 990 1604 1031 pretationis
1635 1001 1822 1022 sermonum
1845 1002 1911 1023 non
1945 999 2148 1033 computatur
2171 993 2251 1024 inter
2278 993 2391 1034 gratias
2415 1002 2484 1033 spe-

1417 1041 1535 1066 ctantes
1560 1036 1600 1066 ad
1622 1035 1837 1072 locutionem,
1862 1036 1917 1067 sed
1940 1036 2039 1076 magis
2069 1036 2150 1067 inter
2172 1037 2285 1077 gratias
2309 1043 2484 1078 spectantes

1415 1079 1456 1109 ad
1479 1079 1675 1110 intellectum
1689 1079 1717 1111 *.

2511 376 2522 387 ⁸
2537 376 2603 398 Vera.
2619 383 2651 405 23-

2511 1013 2520 1022 ⁸
2535 1011 2569 1033 Cf.
2605 1017 2627 1032 u.
2648 1017 2722 1038 mxi,

2510 1042 2551 1060 art.
2563 1044 2579 1063 ι,
2626 1041 2721 1059 mment.

2510 1065 2533 1086 in
2548 1064 2635 1086 Introd.
