2768 4198
88 404 98 412 ¹
113 402 180 424 Vers.
195 403 209 425 8
224 409 274 430 sqq.
290 413 301 418 —

88 430 123 452 Cf,
154 435 204 457 cup.
228 435 282 451 xxiv
293 446 299 454 ,

88 463 147 478 vers.
161 463 185 483 4,
201 455 233 477 16.

86 1148 96 1158 “
110 1147 166 1175 Cap.
182 1153 227 1169 xix.

331 321 407 367 384
973 317 1242 364 QUAESTIO
1272 317 1466 364 CLXXII,
1495 317 1795 355 ARTICULUS
1824 318 1874 355 VI

330 400 456 437 minus
486 412 568 437 esse
597 401 757 447 locutus,
777 400 896 436 Num.
918 410 988 434 xxn
1009 397 1038 443 ²¹⁶,
1069 397 1154 433 licet
1180 403 1278 432 esset
1305 408 1394 444 pro-
1501 398 1561 433 AD
1595 408 1788 435 SECUNDUM
1817 410 2003 436 monimum
2038 398 2144 447 quod
2179 410 2294 435 verus
2330 398 2520 447 propheta

329 455 444 502 pheta
465 454 710 491 daemonum.
743 453 843 499 Quia
871 453 976 488 Deus
996 450 1112 487 utitur
1140 449 1253 486 etiam
1284 449 1394 486 malis
1449 461 1602 498 semper
1630 450 1871 499 inspiratura
1892 451 2032 501 Spiritu
2059 451 2240 499 veritatis,
2262 451 2301 489 in
2321 463 2399 500 quo
2429 451 2519 488 nihil

329 507 377 544 ad
406 507 601 544 utilitatem
635 507 839 543 bonorum.
877 504 989 541 Unde
1018 511 1054 539 et
1081 515 1151 552 per
1186 503 1394 551 prophetas
1419 531 1421 540 .
1450 510 1505 539 est
1525 503 1713 540 falsitatis:
1745 511 1781 541 et
1800 504 1888 542 ideo
1917 517 2117 553 nunquam
2139 505 2228 542 dicit
2246 505 2396 542 falsum.
2427 505 2520 541 Pro-

330 561 563 597 daemonum
593 559 718 607 aliqua
745 570 837 595 vera
865 556 1124 606 praenuntiat:
1154 565 1236 592 turn
1257 564 1297 592 ut
1317 568 1394 592 cre·
1449 556 1564 604 pheta
1599 564 1726 593 autern
1761 557 1929 595 falsitatis
1966 570 2045 595 non
2083 571 2237 607 semper
2272 558 2466 596 instruitur
2499 570 2521 594 a

329 613 478 651 dibilior
504 614 570 650 fiat
596 612 747 658 veritas,
769 623 866 659 quae
895 610 1009 646 etiarn
1030 622 1075 646 ex
1096 609 1322 646 adversariis
1341 617 1394 646 te·
1450 608 1582 658 spiritu
1610 609 1789 657 falsitatis,
1815 611 1882 648 sed
1911 612 2146 661 quandoque
2176 612 2290 649 etiam
2319 611 2522 661 inspiratur

328 667 549 704 stimonium
568 666 703 709 habet;
733 672 814 701 tum
836 664 950 700 etiam
980 663 1081 711 quia,
1103 663 1196 700 dum
1216 662 1394 700 homines
1450 674 1472 699 a
1502 662 1643 711 Spiritu
1671 663 1852 700 veritatis.
1892 665 1977 713 Ipse
2014 665 2128 702 etiarn
2167 665 2319 714 spiritus
2354 665 2521 702 falsitatis

327 720 462 757 talibus
481 725 496 747 Υ
526 718 695 764 credunt,
715 730 784 766 per
814 729 947 753 eorum
979 716 1077 753 dicta
1103 717 1223 764 magis
1252 716 1300 753 ad
1328 728 1394 752 ve·
1420 734 1421 750 ι
1450 716 1684 765 quandoque
1715 717 1885 754 enuntiat
1902 729 2008 764 vera,
2029 719 2264 768 quandoque
2285 719 2388 766 falsa,
2410 726 2451 755 ut
2467 718 2522 755 di-

327 769 480 810 ritatem
503 772 743 808 inducuntur.
782 770 893 808 Unde
924 769 1036 807 etiam
1073 770 1239 818 Sibyllae
1277 770 1395 806 multa
1451 777 1553 806 ctum
1585 777 1641 806 est
1658 769 1690 806 ²¹².
2273 797 2275 799 .

326 838 417 863 vera
444 824 713 874 praedixerunt
742 825 788 861 de
819 823 982 861 Christo.
1503 825 1562 859 AD
1582 834 1743 860 TERTmM
1764 834 1951 861 DicENDum
1972 825 2077 873 quod
2106 825 2264 874 propria·
2283 825 2521 863 daemonum

380 879 457 915 Sed
486 886 522 914 et
551 878 707 927 quando
739 878 949 926 prophetae
989 876 1226 914 daemonum
1256 889 1278 913 a
1307 876 1396 913 dae·
1451 888 1533 913 esse
1563 876 1741 913 dicuntur
1769 876 1830 913 illa
1859 889 1958 925 quae
1986 877 2129 914 habent
2157 890 2180 915 a
2207 879 2352 928 seipsis,
2382 879 2524 916 scilicet

325 931 506 969 monibus
542 932 795 979 instruuntur,
831 930 958 980 aliqua
994 942 1086 967 vera
1121 930 1346 979 praedicunt
1364 927 1394 967 δε
1451 929 1653 967 mendacia
1682 937 1718 967 et
1745 937 1914 978 peccata.
1952 930 2063 978 Quae
2092 938 2220 969 autem
2254 932 2445 981 pertinent
2473 932 2521 970 ad

325 985 558 1034 quandoque
586 985 743 1034 quidem
770 984 908 1021 virtute
936 984 1114 1034 propriae
1139 991 1309 1031 naturae,
1331 996 1394 1020 cu·
1450 983 1647 1033 propriam
1677 991 1866 1030 naturam,
1896 996 1976 1021 non
2004 984 2148 1021 habent
2174 997 2198 1022 a
2225 985 2372 1034 seipsis,
2402 986 2471 1024 sed
2500 998 2523 1023 a

325 1038 382 1075 ius
402 1046 534 1075 auctor
549 1046 604 1076 est
620 1038 779 1088 Spiritus
808 1039 990 1084 Sanctus;
1020 1037 1255 1087 quandoque
1279 1037 1394 1075 etiam
1450 1038 1548 1074 Deo.
1580 1038 1654 1074 Per
1671 1037 1853 1074 virtutem
1873 1045 2002 1075 autem
2022 1037 2202 1087 propriae
2221 1046 2378 1076 naturae
2402 1051 2523 1088 quan-

324 1091 556 1129 revelatione
581 1093 774 1129 bonorum
804 1092 1017 1141 spirituum,
1038 1099 1079 1129 ut
1107 1099 1211 1141 patet
1229 1104 1297 1141 per
1317 1093 1394 1128 Au-
1421 1093 1423 1137 ᾗ
1451 1091 1580 1139 doque
1608 1103 1700 1128 vera
1719 1090 1999 1140 praenuntiant,
2028 1099 2071 1129 ut
2099 1092 2243 1130 dictum
2265 1099 2320 1130 est
2338 1092 2369 1129 *.
2399 1089 2524 1130 Utitur

324 1145 530 1194 gusdnum,
553 1147 621 1183 XII
650 1158 764 1194 super
795 1146 888 1183 Gen.
909 1147 961 1183 ad
986 1146 1051 1183 litt.
1072 1145 1092 1167 *
1121 1146 1170 1182 Et
1198 1146 1250 1182 sic
1280 1145 1394 1182 etiam
1451 1145 1566 1182 etiarn
1596 1144 1649 1181 eis
1673 1145 1780 1182 Deus
1809 1145 1858 1182 ad
1885 1145 2054 1182 veritatis
2082 1145 2427 1183 manifestationem
2455 1158 2525 1195 per

323 1199 413 1236 illud
442 1211 579 1236 verum
601 1200 707 1249 quod
731 1199 943 1237 daemones
972 1199 1180 1246 enuntiant,
1207 1212 1228 1236 a
1253 1199 1395 1248 Spiritu
1422 1199 1423 1242 ζ
1451 1199 1554 1248 ipsos
1583 1199 1766 1246 fiendam,
1789 1199 1883 1236 dum
1912 1198 2043 1236 divina
2071 1199 2254 1248 mysteria
2278 1199 2333 1237 eis
2361 1212 2430 1249 per
2458 1212 2523 1237 an-

325 1253 468 1289 Sancto
499 1261 565 1290 est.
1422 1286 1424 1290 ,
1450 1253 1556 1300 gelos
1586 1253 1815 1299 revelantur,
1845 1261 1886 1290 ut
1914 1252 2059 1290 dictum
2089 1261 2146 1290 est
2162 1253 2194 1290 ¹¹².

377 1385 403 1418 γ)
424 1385 487 1409 dum
507 1385 627 1410 homines
646 1385 751 1411 talibus.
763 1398 783 1404 —
800 1392 860 1410 cum
880 1385 999 1410 homines
1018 1385 1085 1410 talia
1105 1385 1150 1410 Pa.
1422 1392 1426 1419 Ι
1505 1383 1530 1418 ὃ)
1546 1385 1718 1417 praedicunt.
1731 1400 1749 1404 —
1762 1385 1926 1418 praedicant
1944 1386 2056 1416 ABDIL,
2071 1386 2291 1427 praedicavitf.

1010 1466 1345 1499 Commentario»
1369 1466 1622 1499 Cardinalis
1646 1466 1848 1499 Caietani

353 1557 372 1577 N
404 1547 537 1578 articulo
563 1554 650 1578 sexto
682 1547 826 1578 eiusdem
854 1547 1049 1587 quaestionis
1078 1546 1394 1588 centesimaeseptua-
1448 1546 1566 1578 Christi
1591 1547 1734 1588 explicite
1765 1548 1900 1579 salvatas
1928 1549 2107 1589 computari
2136 1549 2294 1580 videntur.
2327 1549 2460 1581 Materia
2483 1547 2524 1581 si-

326 1558 668 1632 Igesimaesecundae,
693 1592 755 1623 hoc
786 1591 893 1622 solum
925 1591 1096 1622 dicendum
1128 1591 1281 1628 occurrit,
1305 1591 1395 1633 quod
1449 1591 1581 1633 quidem
1597 1592 1685 1629 haec,
1702 1592 1820 1624 incerta
1844 1602 1919 1623 cum
1943 1593 1991 1629 sit,
2017 1593 2173 1634 quoniam
2197 1593 2236 1625 de
2259 1593 2433 1626 individui·
2456 1603 2524 1626 non

323 1635 479 1677 Sibyllae,
505 1647 586 1677 quae
610 1636 660 1667 hic
684 1637 764 1667 inter
788 1637 983 1667 daemonum
1009 1636 1180 1677 prophetas
1204 1643 1394 1677 computari·
1450 1637 1679 1677 pertinentibus
1695 1637 1735 1667 ad
1758 1636 1855 1668 fidem
1875 1645 1936 1674 est;
1961 1638 2062 1669 modo
2078 1638 2110 1669 in
2128 1648 2237 1676 unam,
2254 1639 2355 1670 modo
2379 1639 2413 1670 in
2428 1638 2524 1671 aliam

323 1687 384 1717 tur,
409 1681 565 1721 superius,
583 1681 615 1712 in
639 1691 694 1722 qu.
711 1692 743 1717 11,
769 1688 824 1712 art.
843 1692 874 1722 7,
891 1681 930 1711 ad
957 1682 985 1717 3,
1010 1681 1091 1712 inter
1114 1691 1266 1721 personas
1286 1681 1318 1711 in
1333 1680 1396 1711 fide
1450 1689 1573 1722 partem
1596 1681 1753 1713 declinare
1777 1682 1980 1722 permittitur.

2550 766 2591 788 ‘In
2597 771 2661 794 corp.
2670 769 2692 787 et
2701 771 2762 794 rap.

2549 793 2578 815 nd
2592 799 2607 815 r.

2551 1093 2562 1104 ⁸
2574 1092 2644 1121 Καρ.
2658 1091 2688 1114 nd
2701 1097 2718 1114 ι.

2553 1214 2562 1224 ·
2575 1212 2649 1240 Ihm
2669 1212 2729 1235 Pan.

2551 1245 2648 1289 23⁰1.OE
2657 1255 2664 1268 ,
2684 1243 2726 1262 m.

2743 1214 2764 1240 Ῑι

2740 1246 2764 1267 4,
