2768 4198
50 916 114 938 Intro

50 889 62 901 “
74 888 110 911 Cf.
116 895 164 937 dqu.
182 894 262 916 σινιιι,

42 1804 131 1828 ’Va-⁸.
144 1811 178 1835 ²3·

42 1970 54 1981 ⁸
67 1969 117 1998 Qu.
130 1975 200 1998 mvn,
213 1973 255 1992 nrt.

41 2003 65 2024 4,
79 1995 108 2019 ad
122 2002 142 2026 3.

42 2128 54 2140 ⁸
66 2127 135 2154 thid..
149 2131 191 2150 nrt.
207 2134 223 2150 ι.

42 2233 54 2245 ’
65 2233 136 2256 Ven-
151 2239 182 2261 ¹7·

988 274 1255 321 QUAESTIO
1286 273 1423 320 cmx,
1451 273 1750 311 ARthULUs
1780 273 1793 309 1

2410 272 2484 309 285

467 534 884 613 QUAESTIO
932 535 2307 613 CENTESIMAQUINQUAGESIMANONA

1022 657 1122 697 DE
1172 657 1755 698 CRUDELITATE

1122 773 1157 797 IN
1185 772 1280 798 DUOS
1307 772 1512 798 ARTICULOS
1539 772 1656 798 DIVISA

372 891 481 916 mune
510 879 832 917 considerandum
853 887 908 916 est
936 880 983 916 de
1009 879 1227 916 crudelitate
1247 879 1278 916 ²⁸.

291 890 421 972 DEt
449 933 546 970 circa
574 933 649 969 hoc
678 940 913 981 quaeruntur
941 933 1030 970 duo.

342 986 493 1023 Primo:
517 993 646 1023 utrum
667 986 868 1024 crudelitas
887 993 1106 1035 opponatur
1122 986 1358 1023 clementiae.

1469 879 1671 916 Secundo:
1702 879 1749 916 de
1779 879 2065 928 comparatione
2095 879 2176 916 eius
2205 879 2254 916 ad
2282 878 2481 916 saevitiam

1521 934 1582 970 vel
1612 933 1808 970 feritatem.

1106 1107 1428 1150 ARTICULUS
1460 1107 1668 1148 PRIMUS

859 1199 1017 1230 UTRUM
1041 1198 1317 1230 CRUDELITAS
1341 1198 1609 1229 OPPONATUR
1633 1198 1915 1229 CLEMENTIAE

1030 1278 1086 1302 Art.
1106 1284 1170 1309 seq..
1191 1277 1222 1302 ad
1247 1285 1254 1300 1
1265 1284 1272 1307 ς
1292 1284 1378 1309 supra,
1397 1284 1441 1309 qu.
1461 1284 1533 1307 cvm,
1553 1281 1600 1302 art.
1621 1284 1644 1306 2,
1664 1277 1696 1301 ad
1717 1276 1740 1301 3.

472 1398 473 1401 η
498 1383 522 1408 n
545 1382 684 1408 ptumum
713 1382 768 1407 sm
797 1382 1041 1407 PROCEDITUR.
1068 1370 1228 1406 Videtur
1252 1369 1358 1417 quod

501 1424 702 1462 crudelitas
743 1436 823 1461 non
858 1431 1076 1473 opponatur
1118 1423 1354 1460 clementiae.

474 1550 490 1565 »ς
499 1532 605 1582 quod
637 1531 692 1568 illi
721 1537 909 1568 vocantur
944 1530 1111 1568 crudeles
1147 1530 1213 1579 qui
1248 1541 1355 1567 exce-

284 1585 380 1622 dunt
405 1586 560 1623 modum
589 1585 626 1622 in
649 1585 866 1634 puniendo.-
895 1583 1001 1633 quod
1025 1583 1274 1621 contrariatur
1301 1583 1356 1620 iu-

285 1638 418 1676 stitiae.
449 1638 664 1676 Clementia
692 1646 821 1675 autem
850 1650 930 1675 non
953 1637 1110 1687 ponitur
1136 1650 1224 1686 pars
1253 1636 1356 1674 iusti-

283 1692 371 1739 tiae,
397 1692 466 1729 sed
494 1692 781 1741 temperantiae.
822 1692 924 1740 Ergo
955 1691 1155 1728 crudelitas
1194 1703 1272 1728 non
1300 1690 1355 1727 vi-

285 1745 395 1782 detur
423 1745 568 1795 opponi
598 1745 834 1782 clementiae.

338 1810 375 1836 2.
395 1799 632 1846 PRAETEREA,
656 1800 790 1836 Ierem.
810 1810 847 1835 vl
865 1797 886 1819 '¹‘
913 1797 1066 1835 dicitur:
1101 1797 1270 1834 Crudelis
1290 1802 1353 1843 est,

283 1857 320 1889 et
345 1864 420 1890 non
450 1853 706 1890 miserebitur.-
736 1859 772 1888 et
800 1851 853 1888 sic
879 1851 1030 1888 videtur
1061 1850 1167 1899 quod
1197 1849 1355 1887 crudeli-

283 1913 341 1943 tas
381 1913 600 1954 opponatur
638 1904 934 1942 misericordiae.
979 1903 1056 1941 Sed
1094 1903 1354 1940 misericordia

284 1970 363 1996 non
393 1966 448 1996 est
471 1959 575 1996 idern
604 1958 839 2005 clementiae,
860 1965 902 1994 ut
930 1969 1045 2006 supra
1063 1956 1083 1978 *
1112 1957 1255 1994 dictum
1286 1964 1351 1994 est.

284 2012 387 2060 Ergo
417 2011 617 2050 crudelitas
646 2023 725 2049 non
754 2010 961 2060 opponitur
989 2010 1225 2048 clementiae.

340 2066 375 2103 3.
397 2065 632 2112 PkAETEREA,
655 2064 855 2102 clementia
884 2063 1145 2102 consideratur
1173 2063 1272 2101 circa
1299 2063 1354 2100 in-

283 2118 492 2158 flictionem
519 2131 751 2168 poenarum,
781 2126 822 2155 ut
851 2118 995 2155 dictum
1025 2125 1080 2154 est
1098 2117 1129 2155 ²³⁶.
1165 2117 1242 2155 Sed
1272 2129 1354 2153 cru-

285 2172 417 2210 delitas
445 2173 708 2210 consideratur
740 2171 855 2208 etiam
883 2171 921 2208 in
954 2171 1210 2208 subtractione
1239 2171 1354 2207 bene-

283 2226 480 2263 ficiorum:
510 2227 723 2263 secundum
743 2225 836 2262 illud
854 2225 1036 2262 Proverh.
1056 2237 1092 2261 xi
1111 2224 1152 2261 *ε
1178 2224 1253 2266 Qui
1269 2235 1354 2260 cru-

228 2294 229 2297 *
283 2279 374 2317 detis
402 2286 465 2326 est,
479 2279 716 2328 propinquos
748 2278 885 2315 abiicit.
916 2279 1018 2326 Ergo
1048 2277 1247 2315 crudelitas
1275 2289 1355 2314 non

43 3163 84 3185 ⁴111
93 3162 197 3185 notando
202 3166 254 3184 ante

42 3189 144 3212 conclus.

284 2333 490 2382 opponitur
518 2332 753 2370 clementiae.

337 2387 413 2423 SED
441 2398 589 2423 CONTRA
622 2398 688 2423 EST
725 2385 831 2434 quod
861 2384 950 2422 dicit
983 2384 1150 2432 Seneca,
1179 2384 1216 2421 in
1247 2385 1278 2420 Il
1309 2384 1355 2420 de

287 2439 464 2477 Clement.
486 2439 518 2487 *,
539 2440 646 2488 quod
674 2440 876 2489 opponitur
903 2438 1122 2475 clementiae
1139 2437 1352 2485 crudelitas,

282 2504 380 2542 quae
407 2493 500 2530 nihil
518 2493 625 2530 aliud
651 2499 706 2530 est
731 2505 846 2542 quam
865 2492 1044 2529 atrocitas
1069 2492 1191 2529 animi
1216 2493 1254 2528 in
1274 2491 1352 2528 exi-

280 2546 415 2596 gendis
436 2547 582 2595 poenis.

336 2601 565 2637 Responneo
600 2611 786 2637 DICENDUM
815 2598 922 2647 quod
950 2610 1096 2635 nomen
1125 2597 1354 2635 crudelitatis

282 2666 304 2690 a
323 2654 506 2691 cruditate
526 2659 544 2675 ⁸
572 2660 770 2702 sumptum
800 2665 882 2689 esse
902 2651 1063 2688 videtur.
1095 2651 1199 2688 Sicut
1223 2659 1351 2688 autem

282 2719 328 2744 ea
356 2720 456 2756 quae
484 2714 572 2744 sunt
597 2706 754 2744 decocta
774 2704 790 2735 β
818 2713 855 2742 et
882 2704 1039 2753 digesta,
1060 2705 1183 2741 solent
1209 2704 1353 2742 habere

282 2773 442 2798 suavem
481 2767 516 2798 et
545 2760 698 2797 dulcem
736 2771 937 2808 saporem;
966 2758 1018 2795 ita
1046 2758 1108 2795 illa
1136 2770 1233 2807 quae
1267 2766 1354 2795 sunt

283 2814 412 2862 cruda,
442 2815 586 2851 habent
617 2813 839 2850 horribilem
879 2819 915 2849 et
943 2823 1122 2861 asperum
1160 2823 1351 2860 saporem.

334 2946 362 2979 α)
381 2945 525 2971 cruditate.
536 2959 556 2965 -
573 2945 735 2970 crudelitate
753 2944 915 2977 ABCFKpE,
933 2944 1044 2969 crudate
1066 2944 1084 2969 1.

1412 1368 1567 1405 Dictum
1597 1376 1654 1405 est
1690 1376 1819 1405 autem
1849 1382 1965 1418 supra
1983 1369 2003 1391 '¹‘
2033 1370 2139 1418 quod
2175 1371 2375 1409 clementia
2411 1372 2481 1409 im·
2510 1383 2722 1411 ·Qu.‹2vn,m.

1412 1430 1538 1470 portat
1556 1423 1752 1470 quandam
1773 1422 1889 1459 animi
1911 1422 2103 1460 lenitatem
2123 1423 2204 1460 sive
2226 1424 2480 1474 dulcedinem,
2509 1416 2538 1458 3&
2551 1443 2564 1465 3

1411 1487 1479 1524 per
1498 1487 1617 1524 quam
1633 1475 1766 1525 aliquis
1782 1483 1838 1512 est
1858 1476 2107 1513 diminutivus
2121 1489 2348 1525 poenarum.
2370 1479 2481 1516 Unde

1412 1529 1552 1566 directe
1581 1529 1782 1566 crudelitas
1812 1530 2035 1567 clementiae
2065 1531 2282 1579 opponitur.

1464 1584 1524 1619 An
1553 1594 1691 1620 ptumum
1718 1594 1817 1620 ERGO
1846 1595 2032 1620 mcENDUM
2060 1584 2177 1633 quod,
2199 1584 2294 1622 sicut
2323 1584 2482 1622 diminu-

1411 1635 1463 1672 tio
1492 1648 1709 1685 poenarum
1731 1649 1829 1685 quae
1859 1644 1915 1674 est
1943 1637 2157 1674 secundum
2178 1638 2377 1685 rationem,
2399 1651 2484 1687 per-

1411 1688 1503 1726 tinet
1522 1690 1571 1726 ad
1602 1690 1840 1739 epieikeiam,
1862 1691 1929 1728 sed
1954 1690 2036 1740 ipsa
2063 1691 2225 1728 dulcedo
2250 1691 2408 1729 affectus
2438 1704 2482 1729 ex

1411 1754 1487 1790 qua
1514 1743 1635 1780 homo
1656 1743 1705 1780 ad
1729 1744 1803 1780 hoc
1832 1743 2043 1792 inclinatur,
2063 1744 2226 1793 pertinet
2245 1745 2294 1782 ad
2319 1746 2482 1783 clemen-

1411 1796 1521 1842 tiam;
1551 1796 1603 1833 ita
1632 1796 1746 1834 etiarn
1775 1809 2069 1846 superexcessus
2102 1810 2335 1847 poenarum,
2363 1812 2482 1848 quan-

1412 1857 1493 1886 tum
1522 1850 1572 1887 ad
1599 1849 1639 1887 id
1667 1850 1774 1899 quod
1803 1850 1965 1887 exterius
1994 1851 2130 1899 agitur,
2160 1851 2321 1900 pertinet
2349 1853 2397 1889 ad
2426 1852 2482 1889 in-

1410 1902 1610 1949 iustitiam
1648 1904 1715 1941 sed
1759 1911 1945 1952 quantum
1984 1904 2032 1941 ad
2068 1905 2325 1942 austeritatem
2364 1906 2481 1942 animi

1410 1969 1478 2005 per
1506 1968 1624 2004 quam
1645 1957 1778 2005 aliquis
1806 1957 1849 1994 fit
1866 1965 2070 2006 promptus
2098 1958 2146 1996 ad
2164 1970 2312 2007 poenas
2341 1971 2480 2007 augen-

1410 2010 1490 2057 das,
1510 2010 1673 2060 pertinet
1701 2010 1750 2047 ad
1780 2011 2053 2048 crudelitatem.

1462 2066 1521 2100 AD
1551 2075 1741 2101 SECUNDUM
1779 2076 1964 2102 mCENDUM
2001 2065 2108 2113 quod
2146 2064 2407 2102 misericordia
2445 2072 2481 2102 et

1411 2117 1613 2154 clementia
1641 2117 1876 2154 conveniunt
1899 2118 1938 2154 in
1966 2118 2042 2155 hoc
2069 2118 2174 2167 quod
2194 2125 2353 2167 utraque
2383 2118 2480 2155 refu-

1409 2171 1460 2219 git
1489 2178 1525 2207 et
1554 2171 1733 2207 abhorret
1770 2171 1965 2208 miseriam
2002 2170 2187 2208 alienam:
2218 2171 2324 2208 aliter
2351 2179 2480 2209 tamen

1410 2231 1446 2261 et
1473 2224 1590 2261 aliter.
1630 2225 1733 2260 Nam
1761 2224 1811 2261 ad
1839 2224 2142 2262 misericordiam
2179 2224 2341 2273 pertinet
2368 2225 2480 2262 mise—

1411 2277 1486 2314 riae
1507 2278 1711 2314 subvenire
1740 2290 1810 2327 per
1829 2278 2008 2315 beneficii
2038 2277 2300 2315 collationem:
2331 2278 2378 2315 ad
2409 2279 2480 2315 cle-

1411 2331 1595 2368 mentiam
1615 2338 1742 2367 autem
1770 2331 1932 2380 pertinet
1955 2331 2149 2368 miseriam
2179 2331 2392 2368 diminuere
2412 2343 2481 2381 per

1410 2384 1708 2422 subtractionem
1735 2397 1964 2433 poenarum.
1995 2386 2043 2421 Et
2072 2385 2162 2434 quia
2191 2384 2391 2422 crudelitas
2420 2398 2480 2422 su-

1409 2438 1755 2487 perabundantiam
1775 2438 1813 2475 in
1843 2438 2034 2486 exigendis
2053 2438 2188 2487 poenis
2211 2438 2404 2487 importat,
2426 2439 2479 2476 di-

1411 2492 1548 2529 rectius
1568 2491 1775 2541 opponitur
1796 2492 2020 2529 clementiae
2041 2504 2157 2540 quam
2180 2491 2476 2529 misericordiae.

1409 2546 1574 2593 Tamen,
1584 2552 1742 2595 propter
1756 2545 2038 2583 similitudinem
2054 2546 2191 2582 harum
2207 2545 2400 2592 virtutum,
2418 2558 2478 2582 ac·

1409 2599 1544 2648 cipitur
1562 2600 1797 2648 quandoque
1826 2598 2026 2636 crudelitas
2048 2611 2119 2647 pro
2148 2598 2476 2635 immisericordia.

1461 2654 1521 2689 An
1539 2664 1701 2690 TERTIUM
1730 2664 1915 2689 DICENDUM
1944 2651 2050 2700 quod
2075 2651 2274 2688 crudelitas
2302 2651 2353 2688 ibi
2381 2652 2477 2688 acci-

1407 2706 1508 2754 pitur
1526 2718 1596 2754 pro
1617 2705 1947 2753 immisericordia,
1968 2705 2017 2742 ad
2040 2717 2157 2754 quam
2176 2704 2339 2753 pertinet
2361 2705 2477 2742 bene-

1408 2759 1495 2796 ficia
1530 2771 1609 2796 non
1646 2758 1782 2807 largiri.
1811 2780 1835 2786 -
1872 2758 2061 2805 Quamvis
2101 2758 2213 2795 etiam
2249 2757 2320 2794 dici
2356 2758 2477 2807 possit

1408 2812 1513 2860 quod
1533 2812 1615 2861 ipsa
1635 2812 1811 2849 beneficii
1826 2812 2030 2849 subtractio
2050 2812 2242 2860 quaedam
2261 2823 2388 2860 poena
2409 2819 2474 2849 est.

1461 2943 1487 2977 β)
1507 2945 1624 2970 decocta.
1638 2958 1658 2965 —-
1675 2944 1751 2970 cocta
1769 2945 1815 2970 Pa.

964 3023 1303 3056 commentaria
1325 3023 1578 3056 Omdinalis
1601 3023 1806 3056 Caietam

312 3123 332 3143 N
356 3113 489 3144 articulo
514 3112 619 3154 primo
644 3111 840 3154 quaestionis
865 3110 1352 3152 centesimaequinquagesimae-

285 3124 427 3193 Inonae,
441 3157 576 3188 dubium
593 3166 630 3187 ex
646 3157 794 3193 Mal-tino,
811 3156 844 3186 in
860 3156 1046 3197 quaestione
1064 3156 1103 3186 de
1119 3155 1313 3186 Crudelitate
1324 3153 1351 3192 ¹⁸¹,

283 3201 432 3238 occurrit,
455 3201 664 3242 impugnante
688 3203 861 3232 Auctorem
885 3201 917 3231 in
941 3200 1003 3231 hoc
1031 3200 1121 3240 quod
1144 3199 1310 3230 crudelitas
1333 3210 1350 3230 a

282 3245 383 3275 crudo
406 3245 536 3283 dicatur,
554 3252 684 3286 propter
698 3246 900 3286 asperitatem
921 3245 1055 3286 saporis.
1079 3245 1168 3275 Tum
1183 3244 1259 3285 quia
1282 3254 1350 3275 cru-

283 3289 393 3321 delitas
416 3299 435 3320 a
457 3299 573 3322 cruore
594 3290 778 3322 immediate
801 3290 895 3322 venit.
920 3290 991 3328 Vel,
1008 3289 1033 3320 si
1050 3299 1067 3319 a
1081 3289 1242 3320 cruditate
1254 3289 1349 3325 venit,

282 3343 349 3364 non
371 3339 502 3374 propter
524 3344 681 3375 saporem,
697 3335 752 3366 sed
774 3341 905 3376 propter
929 3344 1076 3365 cruorem
1099 3333 1222 3370 dicitur,
1243 3333 1298 3375 qui
1317 3333 1350 3364 in

283 3377 388 3408 crudis
411 3377 558 3408 carnibus
580 3379 730 3411 abundat.

338 3422 427 3452 Tum
450 3421 535 3463 quia,
584 3422 638 3459 ἐς,
655 3432 752 3454 omne
776 3433 858 3464 opus
877 3422 1056 3454 iracundiae
1078 3429 1158 3453 esset
1173 3421 1349 3453 crudelitas.

283 3466 368 3503 Quia
391 3466 424 3496 in
448 3466 538 3496 omni
561 3466 615 3497 tali
639 3473 686 3497 est
707 3466 886 3507 indigestio,
911 3474 942 3498 et
965 3477 1059 3508 sapor
1082 3477 1182 3507 asper,
1207 3473 1264 3498 etc.

338 3511 389 3541 Ad
412 3511 475 3541 hoc
498 3510 612 3541 dicitur
634 3511 733 3551 quod,
753 3512 862 3551 quoad
884 3512 1024 3542 nominis
1041 3512 1278 3545 derivationem,
1294 3521 1350 3552 pa-

283 3561 327 3585 tet
351 3565 387 3585 ex
411 3555 479 3595 ipsa
503 3554 695 3585 formatione
718 3555 866 3586 vocabuli
889 3557 978 3596 quod
1002 3556 1128 3587 crudele
1149 3566 1166 3586 a
1182 3556 1282 3587 crudo
1306 3555 1351 3585 di-

284 3599 374 3630 citur.
399 3601 446 3630 Ac
470 3609 526 3639 per
549 3599 621 3635 hoc,
643 3608 708 3629 non
732 3599 792 3629 nisi
815 3599 951 3630 mediate
975 3610 992 3630 a
1015 3610 1142 3638 cruore,
1160 3611 1179 3631 a
1194 3610 1261 3641 quo
1276 3610 1350 3631 cru-

1405 3111 1481 3142 dum
1505 3112 1600 3148 venit,
1626 3112 1750 3142 dicitur.
1784 3113 1835 3142 An
1860 3118 1965 3142 autem
1991 3112 2166 3143 crudelitas
2189 3122 2206 3142 a
2230 3112 2330 3142 crudo
2353 3112 2475 3143 ratione

1406 3157 1543 3193 cruoris,
1560 3166 1600 3186 an
1616 3156 1737 3187 ratione
1762 3156 1932 3187 cruditatis
1954 3156 2111 3197 appellata
2127 3156 2183 3187 sit:
2208 3157 2426 3197 unusquisque
2440 3158 2473 3187 in

1404 3210 1463 3230 suo
1485 3210 1582 3231 sensu
1605 3200 1762 3238 abundet,
1787 3201 1887 3231 modo
1910 3201 1944 3230 in
1966 3200 2055 3231 illam
2079 3199 2244 3231 stultitiam
2268 3210 2334 3230 non
2357 3200 2475 3232 incidat

1405 3244 1495 3284 quod
1519 3245 1686 3275 crudelitas
1703 3245 1810 3275 solum
1825 3251 1971 3285 respectu
1986 3244 2177 3284 sanguineae
2194 3254 2317 3284 poenae
2336 3244 2473 3282 dicatum

1405 3288 1559 3329 quoniam
1591 3289 1655 3319 sive
1685 3289 1875 3329 suspendio,
1905 3289 1970 3320 sive
1996 3289 2216 3320 submersione
2248 3289 2320 3330 quis
2351 3297 2473 3327 enecet,

1405 3333 1597 3364 crudelitatis
1620 3333 1733 3364 vitium
1758 3343 1824 3363 non
1848 3333 1966 3373 effugit.
1999 3333 2084 3370 Quia
2109 3343 2184 3373 ergo
2215 3340 2388 3375 utrumque
2412 3334 2474 3365 dici

1406 3384 1527 3417 potest;
1557 3384 1588 3408 et
1610 3378 1650 3407 ad
1673 3377 1905 3417 designandum
1929 3377 2119 3408 crudelitatis
2143 3377 2304 3415 affectum,
2328 3378 2474 3409 cruditas

1405 3422 1472 3462 ipsa
1495 3421 1616 3452 ratione
1630 3421 1775 3462 indigesti
1801 3428 1831 3452 et
1854 3421 1955 3462 asperi
1975 3421 2096 3462 saporis
2120 3422 2270 3452 deservit:
2296 3422 2417 3463 optime
2436 3432 2473 3453 ex

1405 3467 1463 3497 hac
1485 3465 1692 3496 similitudine
1716 3465 1882 3496 crudelitas
1906 3466 2060 3497 declarata
2084 3473 2131 3497 est
2153 3467 2192 3497 ab
2215 3468 2364 3498 Auctore.

1459 3511 1511 3541 Ad
1535 3511 1707 3541 secundam
1722 3520 1798 3541 vero
1822 3510 2045 3548 obiectionem,
2063 3517 2196 3552 negatur
2211 3511 2349 3552 sequela.
2374 3511 2415 3541 Et
2433 3511 2472 3540 ad

1406 3555 1627 3595 probationem
1652 3555 1729 3591 eius,
1747 3562 1880 3595 negatur
1895 3562 2106 3596 assumptum.
2132 3555 2295 3592 Quoniam
2311 3554 2471 3585 iracundia

1407 3610 1471 3630 non
1495 3610 1531 3630 ex
1556 3599 1652 3630 animi
1684 3600 1865 3640 asperitate,
1890 3600 1945 3630 sed
1973 3609 2010 3630 ex
2038 3599 2193 3640 passionis
2215 3599 2394 3634 velocitate,
2419 3608 2470 3628 ve-

2564 1410 2722 1437 d13m.4,
