2768 4198
299 289 369 325 118

953 293 1221 340 QUAESTIO
1251 294 1467 343 cxxmx,
1496 297 1795 335 ART1CULUS
1826 299 1839 335 1

581 509 993 588 QUAESTIO
1042 509 2206 575 CENTESIMATRIGESIMANONA

1001 630 1085 670 DE
1119 630 1293 671 DONo
1337 631 1772 676 FORTITUDINIS

1118 747 1153 772 IN
1183 746 1279 772 Duos
1307 747 1514 774 ARTICULOS
1543 749 1663 774 DIVISA

397 857 505 882 ειΝοΕ
534 845 859 882 considerandum
880 853 935 882 est
963 844 1012 882 de
1043 846 1147 883 dono
1169 845 1274 895 quod
1304 858 1361 883 re-

48 916 259 964 infissdq⁰'⁰¹¹¹¹¹’
293 849 561 954 Dspondet
597 904 806 942 fortitudini
829 904 868 952 *‚
899 905 1004 954 quod
1041 913 1098 942 est
1134 905 1362 943 fortitudinis

286 965 444 1002 donum.

286 1027 334 1062 Et
362 1029 461 1062 circa
489 1025 564 1061 hoc
593 1032 827 1073 quaeruntur
857 1024 946 1062 duo.

1470 849 1621 887 Primo:
1652 857 1780 887 utrum
1810 850 1990 889 fortitudo
2020 853 2067 890 sit
2095 854 2254 894 donum.

1471 938 1669 976 Secundo:
1699 938 1792 987 quid
1821 941 2053 989 respondeat
2077 941 2111 979 ei
2139 941 2177 980 in
2196 943 2492 984 beatitudinibus

1525 1033 1561 1061 et
1590 1025 1784 1062 fructibus.

1099 1134 1420 1178 ARTICULUS
1453 1135 1661 1179 PRIMUS

1030 1230 1186 1261 UTRUM
1211 1229 1470 1261 FORTITUDO
1494 1230 1562 1261 sn*
1586 1229 1745 1261 DONUM

938 1309 969 1334 111
990 1310 1073 1340 Sent.,
1095 1310 1153 1334 dist.
1173 1317 1255 1339 xxxlv.
1275 1318 1320 1343 qu.
1341 1318 1358 1341 ι,
1378 1315 1427 1336 art.
1449 1317 1479 1340 2;
1500 1318 1545 1343 qu.
1564 1318 1601 1342 m,
1622 1316 1668 1335 art.
1692 1319 1713 1340 1,
1733 1310 1783 1344 qu⁸
1807 1319 1828 1337 1.

317 1412 343 1449 i,
406 1423 472 1461 ,sq
497 1413 519 1437 n
548 1412 686 1438 Palmum
715 1411 768 1436 Sic
792 1411 1034 1437 PROCEDITUR.
1059 1399 1221 1437 Videtur
1249 1400 1354 1450 quod
1383 1407 1384 1410 ’

316 1442 468 1513 ἰδ’ᾼῗῇ
496 1453 677 1491 fortitudo
698 1465 776 1490 non
797 1453 843 1490 sit
866 1454 1026 1491 donum.
1056 1453 1222 1491 Virtutes
1251 1453 1354 1491 enim

301 1508 325 1554 ’,
442 1512 467 1547 ‘6
497 1521 519 1546 a
548 1507 660 1545 donis
683 1506 874 1545 differunt.
906 1507 983 1545 Sed
1003 1507 1185 1545 fortitudo
1207 1515 1262 1545 est
1280 1508 1355 1545 vir—

396 1571 431 1592 -11
456 1552 568 1599 tus.
599 1562 702 1610 Ergo
732 1573 811 1598 non
841 1562 954 1598 debet
981 1561 1074 1610 poni
1103 1561 1262 1599 donum.

337 1628 370 1653 2.
388 1617 623 1662 PRAETEREA,
645 1623 750 1652 actus
771 1615 964 1653 donorum
986 1623 1143 1652 manent
1163 1615 1197 1652 in
1221 1615 1351 1665 patria,

37 1676 251 1726 Lx¹g¹ffl1f³ss2⁶qw
279 1678 321 1707 ut
343 1683 457 1719 supra
471 1670 492 1692 ’¹‘
515 1669 689 1706 habitum
711 1675 778 1706 est.
809 1669 886 1706 Sed
902 1676 1007 1706 actus
1027 1669 1255 1706 fortitudinis
1275 1681 1353 1706 non

135 1789 208 1810 υ
277 1722 818 1826 ffiiitssjnqufflacinfss‘ruffssffi
847 1723 1356 1825 Jssssnhassssiff‘ffiffibssm}
1380 1779 1381 1790 κ

36 1815 72 1830 κγ’
278 1837 410 1868 contra
439 1831 619 1874 adversa,·
647 1841 746 1878 quae
768 1829 870 1866 nulla
900 1836 1010 1866 erunt
1030 1829 1067 1866 in
1088 1829 1217 1878 patria.
1249 1830 1351 1877 Ergo
1380 1824 1381 1827 ¹

278 1884 457 1921 fortitudo
488 1896 567 1920 non
596 1891 651 1920 est
680 1884 840 1920 donum.

332 1939 366 1975 3.
398 1939 633 1984 PRAETEREA,
654 1936 889 1984 Augustinus
910 1935 1009 1982 dicit,
1031 1936 1068 1973 in
1099 1937 1128 1972 II
1155 1936 1201 1973 de
1220 1936 1350 1973 Doctr.
1379 1950 1380 1955 ¹

281 1992 414 2029 Christ.
435 1991 466 2038 *,
497 1991 603 2041 quod
632 1989 859 2028 fortitudinis
880 1997 935 2026 est
962 1991 1011 2027 ab
1031 1990 1138 2026 omni
1155 1995 1351 2027 transeun—
1378 2007 1380 2036 ;

276 2046 367 2082 tium
407 2046 605 2094 mortifera
644 2044 872 2081 iucunditate
905 2044 1068 2093 seipsum
1102 2049 1349 2092 sequestrare.
1378 2091 1380 2096 y

276 2099 353 2137 Sed
383 2099 481 2136 circa
518 2098 650 2136 noxias
689 2097 942 2135 iucunditates
978 2110 1046 2135 seu
1081 2097 1379 2136 delectationesl

276 2153 397 2202 magis
427 2152 596 2190 consistit
616 2151 866 2200 temperantia
886 2163 1002 2200 quam
1023 2151 1216 2189 fortitudo.
1247 2152 1350 2200 Ergo
1378 2149 1380 2193 ξ

274 2207 426 2245 videtur
445 2206 551 2255 quod
580 2205 761 2243 fortitudo
782 2217 861 2242 non
880 2204 926 2242 sit
946 2205 1093 2243 donum
1112 2205 1352 2255 respondens
1377 2196 1380 2223 ¹

274 2261 401 2298 virtuti
432 2259 671 2297 fortitudinis.
1377 2251 1380 2291 l

35 2320 43 2328 ⁸
59 2318 125 2340 Vm·
142 2325 161 2340 ²·
330 2315 404 2351 SED
426 2325 572 2351 CONTRA
592 2324 658 2350 EST
687 2312 792 2362 quod
815 2312 932 2349 Isaiae
952 2324 987 2349 xx
1007 2311 1027 2334 '¹‘
1056 2312 1234 2350 fortitudo
1254 2312 1351 2350 inter
1377 2294 1380 2367 !

276 2367 348 2405 alia
378 2367 480 2405 dona
510 2366 671 2416 Spiritus
701 2365 829 2404 Sancti
860 2373 1114 2415 computatur.
1377 2375 1379 2388 ⁴

329 2422 557 2459 Respoano
593 2432 777 2458 DlCENDUM
815 2420 920 2468 quod
960 2419 1141 2457 fortitudo
1171 2420 1379 2471 importatg

35 2483 246 2531 2931cf1³22¹¹‚nr1-
275 2475 468 2524 quandam
489 2474 607 2512 animi
629 2474 860 2519 firmitatem,
882 2481 923 2511 ut
941 2485 1057 2523 supra
1071 2472 1091 2495 '¹‘
1110 2473 1252 2511 dictum
1275 2481 1348 2511 est:
1377 2489 1379 2502 ν

33 2527 183 2566 nium-³?
208 2517 246 2539 ‘¹¹¹'
276 2537 311 2566 et
339 2530 435 2566 haec
468 2529 624 2578 quidem
661 2527 822 2565 firmitas
851 2527 967 2564 animi
999 2527 1200 2576 requiritur
1239 2535 1274 2564 et
1313 2528 1349 2564 in
1377 2520 1379 2531 ¹

129 2593 146 2610 ⁸
275 2582 386 2619 bonis
416 2582 597 2620 faciendis
618 2589 653 2618 et
673 2581 710 2618 in
741 2581 849 2618 malis
869 2580 1105 2631 perferendis
1125 2586 1154 2627 α,
1185 2589 1222 2618 et
1240 2594 1349 2631 prae-

275 2636 384 2686 cipue
424 2636 462 2673 in
492 2635 620 2674 arduis
657 2635 768 2672 bonis
797 2635 859 2671 vel
894 2635 1015 2672 malis.
1051 2635 1184 2672 Homo
1219 2643 1348 2672 autem

274 2687 486 2728 secundum
526 2689 725 2739 proprium
766 2698 801 2726 et
838 2689 1126 2726 connaturalem
1164 2689 1237 2726 sibi
1267 2701 1349 2726 mo-

274 2744 367 2782 dum
396 2744 495 2781 hanc
524 2743 744 2781 firmitatem
774 2743 811 2780 in
841 2750 1006 2791 utroque
1034 2750 1159 2792 potest
1189 2743 1348 2789 habere⁷
1377 2770 1378 2779 i

273 2791 314 2835 ut
343 2810 421 2835 non
451 2797 603 2835 deficiat
631 2810 652 2834 a
682 2798 787 2834 bono
816 2804 973 2845 propter
1002 2796 1261 2834 difficultatem
1286 2798 1349 2834 vel

274 2851 432 2889 alicuius
461 2851 570 2888 ardui
590 2850 715 2900 operis
744 2850 941 2899 implendi,
963 2851 1024 2887 vel
1046 2850 1204 2887 alicuius
1223 2851 1349 2898 gravis
1376 2864 1378 2869 ·

301 1535 316 1565 J,
347 1545 350 1551 ,

36 1998 45 2006 ⁸
60 1996 116 2024 Cap.
131 2002 171 2018 vn.

273 2905 363 2942 mali
392 2904 628 2954 perferendi:
661 2912 696 2941 et
723 2904 938 2941 secundum
968 2905 1041 2941 hoc
1071 2904 1252 2941 fortitudo
1281 2916 1349 2953 po-

36 2967 246 2993 ·Qu.exxm‚m.
274 2959 375 2996 nitur
401 2958 522 2996 virtus
551 2957 725 3007 specialis
743 2958 805 2994 vel
834 2958 1031 3006 generaliS‚
1053 2965 1094 2995 ut
1123 2957 1272 3007 supra*
1297 2958 1350 2995 di-

32 2998 52 3014 ²
123 3020 138 3054 β
275 3021 377 3050 ctum
399 3020 464 3050 est.
497 3012 574 3049 Sed
594 3011 749 3049 ulterius
764 3010 779 3040 β
804 3024 826 3048 a
847 3011 989 3060 Spiritu
1010 3012 1151 3048 Sancto
1171 3019 1350 3049 movetur

274 3067 424 3103 animus
454 3065 621 3103 hominis
641 3067 688 3103 ad
710 3066 785 3102 hoc
806 3065 910 3114 quod
940 3065 1140 3114 perveniat
1159 3066 1207 3102 ad
1229 3065 1347 3103 finem

1413 1400 1613 1438 cuiuslibet
1632 1401 1759 1450 operis
1789 1401 1968 1448 inchoati,
1995 1410 2031 1439 et
2061 1403 2200 1440 evadat
2220 1415 2489 1454 quaecumque

1411 1454 1580 1503 pericula
1609 1454 1858 1492 imminentia.
1890 1455 2007 1504 Quod
2029 1456 2188 1505 quidem
2209 1458 2357 1495 excedit
2380 1466 2488 1496 natu-

1412 1520 1495 1545 ram
1517 1509 1747 1546 humanam:
1777 1509 2013 1559 quandoque
2035 1511 2138 1548 enim
2164 1523 2242 1548 non
2262 1512 2393 1550 subest
2418 1525 2488 1562 po-

1410 1562 1533 1599 testati
1562 1562 1729 1599 hominis
1758 1571 1799 1600 ut
1828 1572 2085 1612 consequatur
2112 1564 2232 1602 finem
2261 1565 2319 1602 sui
2349 1566 2487 1616 operis,

1410 1616 1472 1652 vel
1502 1616 1642 1653 evadat
1674 1617 1776 1653 mala
1811 1629 1879 1654 seu
1908 1617 2097 1666 pericula,
2128 1631 2216 1656 cum
2252 1620 2487 1670 quandoque

1380 1671 1382 1683 ³
1411 1670 1651 1719 opprimatur
1670 1670 1719 1707 ab
1743 1670 1795 1707 eis
1816 1670 1852 1708 in
1874 1678 2040 1708 mortem
2056 1676 2083 1708 Υ.
2115 1672 2193 1710 Sed
2212 1673 2288 1710 hoc
2307 1681 2488 1723 operatur

1411 1723 1573 1772 Spiritus
1604 1724 1764 1760 Sanctus
1793 1724 1832 1761 in
1860 1725 2037 1772 homine,
2069 1725 2161 1763 dum
2191 1726 2366 1776 perducit
2394 1739 2485 1765 eum

1410 1777 1458 1814 ad
1487 1777 1607 1814 vitam
1638 1786 1852 1819 aeternam,
1883 1790 1984 1828 quae
2013 1786 2070 1816 est
2098 1779 2184 1816 finis
2213 1780 2389 1818 omnium
2418 1782 2486 1819 bo-

1410 1842 1548 1866 norum
1578 1843 1741 1880 operum
1770 1839 1806 1868 et
1835 1831 1966 1868 evasio
1997 1832 2172 1870 omnium
2211 1834 2483 1883 periculorum.

1410 1884 1458 1920 Et
1486 1883 1599 1920 huius
1630 1884 1682 1920 rei
1720 1884 1882 1922 infundit
1910 1885 2105 1934 quandam
2144 1886 2327 1925 fiduciam
2366 1889 2484 1927 menti

1410 1936 1572 1986 Spiritus
1602 1937 1776 1983 Sanctus,
1799 1938 2031 1975 contrarium
2062 1939 2241 1977 timorem
2263 1942 2483 1980 excludens.

1409 1991 1458 2028 Et
1486 1991 1700 2028 secundum
1730 1991 1805 2028 hoc
1825 1991 2005 2029 fortitudo
2034 1994 2182 2030 donum
2204 1993 2365 2043 Spiritus
2390 1996 2485 2033 San-

1409 2045 1456 2082 cti
1484 2044 1656 2094 ponitur:
1687 2045 1831 2082 dictum
1862 2054 1917 2083 est
1937 2045 2039 2083 enim
2070 2059 2185 2096 supra
2203 2046 2224 2069 ’⁸'
2252 2048 2357 2097 quod
2383 2049 2486 2087 dona
2513 2060 2523 2069 ·
2556 2058 2570 2072 ⁸

1408 2098 1614 2148 respiciunt
1647 2099 1860 2136 motionem
1899 2100 2050 2137 animae
2087 2113 2109 2138 a
2147 2101 2287 2151 Spiritu
2330 2102 2483 2141 Sancto.

1461 2154 1521 2190 An
1551 2164 1688 2190 ptumum
1713 2165 1811 2190 ano
1841 2165 2026 2192 mceunum
2048 2154 2152 2203 quod
2182 2155 2361 2194 fortitudo
2382 2169 2482 2207 quae

1408 2214 1464 2244 est
1491 2205 1612 2244 virtus
1640 2206 1789 2256 perficit
1808 2207 1976 2245 animam
1997 2207 2045 2245 ad
2069 2208 2336 2248 sustinendum
2365 2223 2484 2261 quae-

1407 2271 1575 2308 cumque
1603 2259 1785 2310 pericula,
1807 2261 1875 2298 sed
1905 2273 1983 2298 non
2013 2262 2153 2300 sufficit
2181 2263 2272 2300 dare
2300 2264 2484 2302 fiduciam

1407 2313 1598 2351 evadendi
1617 2310 1632 2335 ³
1659 2325 1931 2363 quaecumque
1967 2315 2157 2364 pericula:
2197 2317 2265 2354 sed
2295 2318 2370 2354 hoc
2398 2330 2484 2368 per-

1406 2366 1499 2404 tinet
1535 2367 1585 2405 ad
1621 2367 1881 2405 fortitudinem
1921 2380 2020 2416 quae
2059 2377 2115 2406 est
2144 2369 2291 2407 donum
2322 2371 2483 2420 Spiritus

1408 2420 1548 2458 Sancti.

1460 2476 1520 2511 An
1540 2486 1732 2512 SECUNDUM
1758 2486 1944 2513 mei-:unum
1965 2475 2072 2524 quod
2101 2476 2203 2528 dona
2233 2489 2311 2515 non
2341 2478 2484 2516 habent

1408 2528 1567 2565 eosdem
1597 2535 1704 2565 actus
1733 2528 1769 2566 in
1801 2529 1921 2578 patria
1950 2541 2048 2578 quos
2076 2530 2220 2567 habent
2246 2530 2285 2568 in
2313 2532 2388 2578 via,
2414 2532 2483 2570 sed

1407 2581 1457 2619 ibi
1487 2582 1630 2619 habent
1658 2589 1765 2619 actus
1795 2582 1893 2619 circa
1913 2583 2201 2632 perfruitionem
2233 2584 2330 2622 finis.
2370 2585 2483 2624 Unde

1406 2643 1512 2673 actus
1542 2635 1770 2672 fortitudinis
1799 2636 1850 2673 ibi
1879 2644 1935 2673 est
1963 2636 2105 2686 perfrui
2134 2637 2246 2687 plena
2283 2639 2482 2677 securitate

1407 2702 1428 2727 a
1457 2689 1652 2727 laboribus
1682 2697 1718 2726 et
1746 2689 1868 2727 malis.

1460 2745 1519 2780 Ao
1543 2755 1706 2781 TERTmM
1735 2755 1922 2782 met-:unum
1951 2743 2057 2793 quod
2079 2744 2225 2782 donum
2254 2745 2482 2784 fortitudinis

1406 2797 1555 2846 respicit
1574 2797 1754 2834 virtutem
1775 2797 2002 2835 fortitudinis
2022 2810 2101 2835 non
2121 2799 2246 2836 solum
2267 2800 2480 2838 secundum

1404 2852 1509 2901 quod
1541 2850 1710 2888 consistit
1738 2850 1776 2888 in
1806 2851 2029 2889 sustinendo
2057 2852 2237 2901 pericula,
2268 2853 2336 2890 sed
2365 2853 2480 2890 etiam

1405 2904 1618 2942 secundum
1649 2904 1754 2953 quod
1794 2905 1964 2942 consistit
1999 2905 2036 2942 in
2074 2918 2320 2956 quocumque
2359 2906 2480 2944 arduo

1406 2971 1523 3008 opere
1554 2957 1741 2996 faciendo.
1773 2959 1822 2996 Et
1850 2958 1937 2996 ideo
1968 2959 2115 2996 donum
2138 2959 2365 2998 fortitudinis
2395 2960 2480 2998 diri—

1405 3012 1504 3060 gitur
1525 3024 1546 3049 a
1567 3012 1671 3049 dono
1693 3012 1852 3060 consilii,
1873 3012 1979 3063 quod
1999 3012 2152 3051 videtur
2170 3013 2375 3063 praecipue
2397 3026 2479 3052 esse

1406 3065 1454 3103 de
1482 3065 1706 3103 melioribus
1735 3066 1858 3103 bonis.

327 3184 354 3214 α)
369 3182 549 3216 perferendis.
558 3196 576 3201 —
582 3182 790 3215 perseverandis
803 3182 960 3211 ACEl-‘fflkz
970 3182 1222 3214 praetermittendis
1231 3182 1261 3209 L.
1269 3190 1351 3214 prae-
1376 3182 1380 3242 ἑ

1376 3243 1378 3258 l

274 3219 400 3243 cavendis
420 3219 461 3243 ed.
480 3226 507 3244 a.

329 3254 354 3286 ᾖ)
375 3254 494 3280 ulterius.
507 3268 525 3273 -
543 3254 626 3279 altius
646 3254 674 3279 Ρ.

1460 3183 1487 3216 γ)
1503 3185 1627 3207 mortem.
1638 3196 1659 3202 -
1678 3185 1764 3208 morte
1782 3182 1811 3207 P.

1458 3217 1484 3250 δ)
1503 3218 1646 3243 evadendi.
1658 3231 1677 3237 —
1695 3218 1822 3244 evadenti
1841 3217 1991 3250 BEFIpAC.

955 3332 1290 3367 Commentaria
1313 3332 1566 3366 Garamans
1588 3332 1791 3366 Caietam

305 3425 324 3445 x
360 3414 598 3455 quaestionibus
638 3414 1057 3455 centesimatrigesimanona
1093 3423 1123 3446 et
1159 3415 1343 3446 centesima·
1370 3414 1372 3422 '
1398 3413 1562 3455 generalis,
1577 3420 1611 3444 ut
1627 3413 1658 3444 in
1679 3413 1813 3444 articulo
1832 3412 1936 3454 primo
1947 3412 1974 3449 ¹¹⁸,
1993 3413 2032 3443 ad
2050 3413 2189 3450 tertium,
2203 3413 2235 3444 in
2248 3413 2351 3446 littera
2363 3414 2476 3446 habes:

278 3427 556 3500 lquadragesima,
585 3459 623 3489 de
652 3460 740 3490 dono
771 3466 801 3490 et
829 3459 1004 3500 praeceptis
1032 3459 1235 3496 fortitudinis,
1266 3459 1343 3490 nihil

275 3503 410 3534 occurrit
426 3503 638 3539 scribendum,
660 3503 718 3534 nisi
735 3504 824 3544 quod
841 3504 982 3535 advertas
1002 3504 1126 3534 donum
1148 3503 1343 3535 fortitudinis
1370 3481 1372 3534 i

275 3558 340 3579 non
364 3547 473 3578 arctari
498 3548 536 3578 ad
561 3547 725 3578 materiam
746 3548 939 3579 fortitudinis
956 3556 991 3579 ut
1007 3555 1053 3579 est
1069 3548 1213 3589 specialis
1231 3547 1342 3584 virtus,
1370 3579 1371 3601 Χ

274 3593 328 3623 sed
352 3592 476 3623 extendi
501 3592 540 3622 ad
564 3599 664 3623 totam
696 3592 859 3623 materiam
893 3592 1087 3623 fortitudinis
1112 3599 1147 3623 ut
1170 3599 1216 3622 est
1245 3592 1342 3622 virtus
1369 3604 1371 3622 ι

1398 3465 1429 3490 et
1442 3458 1589 3489 excedere
1608 3458 1694 3488 illam
1715 3457 1824 3498 quoad
1838 3455 1935 3488 finem
1954 3464 2020 3488 tam
2033 3466 2177 3498 respectu
2195 3459 2357 3490 bonorum
2377 3469 2476 3501 quum

1399 3503 1570 3539 malorum,
1597 3510 1631 3534 ut
1655 3502 1687 3533 in
1713 3511 1846 3542 corpore
1871 3501 1990 3532 ibidem
2015 3502 2122 3534 habes.

1455 3547 1495 3578 Et
1519 3547 1595 3577 haec
1619 3546 1657 3577 de
1682 3546 1867 3577 fortitudine
1893 3546 1974 3578 dicta
2002 3546 2170 3580 sufficiant.

2504 3421 2515 3433 ⁸
2529 3422 2577 3450 Qu.
2593 3427 2688 3445 cxxxix.
