2768 4198
34 415 44 424 ⁴
59 414 117 441 Cap.
132 419 201 434 xxxv.

35 552 43 560 ⁴
58 551 114 577 Arg.
129 549 178 571 Sed
191 554 247 569 con-

35 578 83 597 tra.

57 608 112 634 Arg.
128 606 177 628 Sed
190 612 246 627 con-

35 636 73 655 tra
88 640 108 655 2.

34 947 96 974 ’Qu-
107 952 167 973 cur,
178 950 243 973 art.5.

32 1390 40 1399 ”
69 1388 143 1414 1bid.,
172 1387 245 1410 Com-

32 1420 102 1437 ment.

34 1660 42 1669 ·
57 1659 107 1680 Art.
124 1664 144 1686 7.

277 274 324 310 26
918 266 1187 315 QUAESTIO
1218 266 1394 314 CXXIII,
1423 266 1724 303 ARTICULUS
1755 265 1823 302 Xll

276 352 467 400 dependet
502 350 795 399 quodammodo
833 360 877 385 ex
912 346 1060 384 iustitia.
1106 345 1218 382 Unde
1256 343 1372 395 dicit}
1400 352 1456 382 est
1485 344 1523 381 in
1558 344 1789 392 quibusdam
1827 343 2118 393 particularibus
2147 342 2357 381 beneficiis.
2398 343 2474 380 Sed

274 404 516 451 Ambrosius,
537 404 575 440 in
607 405 619 439 I
649 403 695 440 de
728 403 835 451 Offic.
856 401 894 446 *,
924 399 1030 448 quod
1045 398 1236 447 fortitudo
1264 398 1345 435 sine
1371 398 1372 432 ἶ
1398 397 1580 435 fortitudo
1608 398 1725 435 habet
1759 397 1956 434 utilitatem
1990 397 2207 446 generalem
2243 396 2291 434 ad
2321 408 2474 433 conser-

275 458 412 495 iustitia
441 456 643 506 iniquitatis
671 461 725 492 est
750 454 932 492 materia.-
961 463 1034 500 quo
1063 452 1162 488 enim
1182 451 1345 488 validior
1370 443 1372 499 4
1397 450 1572 488 vandum
1601 458 1724 488 toturn
1754 450 1914 488 iustitiae
1943 450 2130 489 ordinem.
2161 450 2210 487 Et
2238 449 2326 487 ideo
2346 449 2473 487 Philo-

275 517 338 558 est,
367 523 411 548 eo
435 510 648 560 promptior
677 514 717 545 ut
743 508 960 556 inferiorem
989 505 1190 553 opprimat.
1371 518 1372 523 ¹
1399 504 1545 552 sophus
1584 503 1692 551 dicit,
1721 504 1760 541 in
1794 505 1807 541 1
1836 505 1945 541 Rhet.
1966 503 2006 551 ²⁸,
2037 503 2143 552 quod
2176 503 2264 540 iusti
2293 508 2330 540 et
2349 504 2475 551 fortes

329 565 515 611 QUARTUM
534 563 554 585 *
583 561 841 599 concedimus,
1371 582 1372 585 =
1398 557 1569 594 maxime
1596 562 1796 603 amantur,
1826 559 1915 605 quia
1942 563 2028 595 sunt
2055 557 2226 594 maxime
2255 557 2360 593 utiles
2388 562 2424 593 et
2437 557 2474 593 in

328 620 386 654 AD
416 628 578 659 Qum-rum
601 615 621 637 *
649 625 833 652 mCENDUM
862 611 969 661 quod
1007 610 1211 647 liberalitas
1243 610 1344 647 utilis
1370 623 1373 646 ι
1399 609 1494 647 bello
1523 615 1558 646 et
1584 609 1622 646 in
1645 621 1755 657 pace.

958 715 1292 749 Commentafia
1316 714 1569 747 cardinalis
1593 712 1795 746 Caietam

303 822 323 842 x
352 811 484 842 articulo
517 808 710 839 duodecimo
740 807 883 837 eiusdem
904 805 1101 847 quaestionis
1125 805 1262 835 dubium
1290 814 1345 835 oc·
1372 812 1374 832 r
1400 801 1474 847 (nisi
1498 803 1616 835 iustitia
1640 803 1858 844 metaphorice
1881 811 2041 836 sumatur:
2065 806 2165 846 -quod
2193 812 2240 837 est
2268 816 2286 836 a
2309 805 2476 847 proposito

277 824 399 886 Icurrit
429 855 509 885 circa
540 853 658 884 calcem
682 851 842 892 corporis,
875 851 1006 882 scilicet:
1036 849 1080 880 Et
1101 854 1177 890 post
1204 850 1264 880 has
1295 858 1345 879 ce·
1400 845 1566 890 alienum).

272 906 362 931 terae
383 900 526 930 virtutes.
551 897 592 927 Et
615 903 662 927 est
685 895 819 926 dubium
845 896 884 926 ad
908 895 1085 926 hominem.
1110 894 1195 932 Quia
1210 893 1346 934 ipsemet
1456 892 1508 923 111.
1534 892 1585 922 Ad
1598 891 1741 932 primum
1754 891 1871 922 horum
1885 891 1998 923 dicitur
2008 893 2097 934 quod
2113 893 2164 924 hic
2179 904 2247 924 non
2263 901 2310 926 est
2321 904 2427 926 sermo
2437 895 2477 925 de

271 947 393 975 Auctor
409 942 539 972 inferius
553 940 580 976 *,
605 940 770 971 tractando
790 941 829 971 de
844 939 1033 976 humilitate,
1050 938 1219 979 praeponit
1242 938 1344 978 ipsam
1371 927 1373 959 4
1400 935 1463 968 fine
1479 935 1674 967 fortitudinis
1690 946 1727 966 ex
1750 941 1837 977 parte
1855 936 1904 967 sui
1927 943 2026 974 actus,
2051 937 2106 969 sed
2131 938 2170 968 de
2193 936 2255 969 fine
2272 938 2416 970 eiusdem
2440 949 2477 970 ex

272 987 450 1018 fortitudini
474 993 504 1017 et
527 985 764 1026 temperantiae.
794 985 973 1023 Quomodo
997 994 1073 1024 ergo
1098 982 1270 1014 cardinales
1295 992 1345 1013 ex·
1371 970 1374 1022 4
1401 988 1488 1022 parte
1509 981 1674 1012 materiae:
1701 980 1743 1011 ita
1767 981 1858 1021 quod
1875 981 1907 1022 ly
1918 986 2055 1022 propter
2066 982 2219 1013 iustitiam
2232 982 2364 1015 denotat
2378 982 2477 1015 finem

269 1032 388 1065 <cedunt
411 1038 538 1067 ceteras,
563 1030 589 1060 si
619 1029 782 1061 humilitas
806 1029 926 1060 excedit
950 1029 1029 1059 duas
1052 1025 1186 1059 harum?
1400 1036 1437 1057 ex
1453 1032 1541 1067 parte
1559 1025 1718 1057 materiae.
1733 1025 1900 1063 Quoniam
1917 1025 1976 1056 nisi
1990 1026 2131 1067 pericula
2147 1026 2259 1058 mortis
2274 1026 2337 1058 sint
2347 1034 2479 1069 propter

327 1076 376 1106 Ad
401 1075 463 1106 hoc
487 1075 623 1106 dubium
647 1073 762 1105 dicitur
791 1074 881 1115 quod
904 1084 990 1104 nunc
1014 1083 1081 1104 non
1105 1079 1152 1104 est
1174 1082 1280 1102 sermo
1305 1071 1344 1101 de
1399 1071 1553 1102 iustitiam
1577 1071 1672 1106 bona,
1697 1069 1787 1101 fortis
1811 1080 1876 1101 non
1897 1080 1930 1102 se
1945 1070 2077 1112 exponit
2099 1070 2171 1101 illis.
2196 1070 2270 1102 Hoc
2286 1078 2394 1103 autem
2410 1082 2477 1103 non

272 1120 380 1152 ceteris
410 1120 580 1151 virtutibus
615 1119 759 1150 absolute
773 1142 781 1156 ,
813 1119 868 1149 sed
898 1119 936 1149 de
967 1118 1016 1148 his
1046 1127 1129 1159 quae
1159 1123 1234 1148 sunt
1265 1116 1345 1147 circa
1401 1116 1615 1147 contradicere
1631 1125 1728 1155 supra
1743 1114 1844 1152 dictis,
1869 1114 1988 1146 scilicet
2010 1115 2100 1156 quod
2124 1114 2214 1146 fortis
2230 1122 2381 1156 operatur
2404 1126 2478 1157 pro-

271 1165 413 1206 aliquam
447 1164 671 1205 particularem
704 1163 879 1194 materiam.
915 1162 1091 1194 Humilitas
1121 1169 1228 1192 autem
1264 1161 1345 1192 circa
1372 1167 1373 1170 ’
1401 1167 1470 1202 pter
1497 1161 1622 1191 bonum
1653 1159 1774 1201 proprii
1805 1166 1894 1191 actus
1923 1167 1959 1192 ut
1990 1159 2176 1200 proximum
2203 1158 2305 1191 finem'
2330 1166 2420 1191 actus
2449 1167 2479 1199 et

272 1209 382 1241 omnia
411 1210 492 1240 bene
523 1209 692 1249 disponere
716 1207 849 1239 videtur.
881 1208 943 1239 Sed
973 1207 1049 1248 quia
1083 1205 1238 1237 discutere
1267 1205 1345 1236 haec
1400 1205 1537 1242 habitus,
1551 1211 1648 1246 patet.
1669 1205 1711 1235 Et
1726 1205 1816 1246 quod
1828 1204 1887 1235 ista
1903 1203 1943 1236 sit
1958 1204 2095 1236 intentio
2111 1203 2232 1236 litterae
2246 1203 2428 1236 insinuatur
2443 1203 2495 1236 ex'

272 1253 427 1295 supponit
450 1260 618 1284 tractatum
641 1252 846 1289 humilitatis,
867 1252 941 1283 ideo
964 1252 1020 1283 illo
1045 1261 1147 1292 usque
1171 1258 1347 1281 reservetur
1402 1260 1441 1281 eo
1457 1250 1546 1291 quod
1571 1249 1733 1280 subditur:
1749 1249 1793 1280 Et
1809 1249 1879 1280 ideo
1903 1249 1977 1280 laus
1989 1248 2202 1291 fortitudinis
2223 1243 2381 1290 dependet
2402 1259 2479 1291 quo-

272 1299 334 1330 hoc
358 1298 495 1329 dubium
518 1298 725 1329 solvendum:
752 1297 807 1328 ubi
826 1296 1044 1328 excellentiam
1063 1295 1233 1332 virtutum,
1258 1294 1346 1336 apud
1400 1294 1570 1326 dammodo
1594 1303 1637 1325 ex
1659 1294 1791 1325 iustitia.
1817 1293 1943 1331 Dicens,
1960 1293 2206 1334 quodammodo,
2226 1293 2367 1325 insinuat
2389 1294 2479 1336 quod

271 1346 465 1379 Auctorem,
491 1353 528 1373 ex
551 1342 702 1373 omnibus
733 1341 798 1373 suis
828 1341 919 1372 dictis
948 1341 1101 1382 graduare
1131 1340 1199 1371 sine
1228 1340 1345 1371 discor·
1401 1340 1580 1371 secundum
1603 1338 1724 1379 aliquid
1748 1339 1925 1379 dependet,
1950 1338 2069 1370 scilicet
2099 1337 2278 1370 secundum
2301 1338 2478 1370 materiam.

272 1388 324 1418 dia
348 1387 536 1419 conabimur
548 1386 575 1424 *,
595 1387 662 1417 iam
685 1386 806 1418 cunctis
836 1386 1006 1417 virtutibus
1030 1384 1254 1416 excellentibus
1284 1384 1346 1414 dis·
1456 1384 1507 1414 Ad
1524 1379 1833 1414 secundum-dicitur
1855 1383 1946 1424 quod
1969 1383 2020 1414 hic
2044 1383 2159 1424 procul
2178 1382 2279 1414 dubio
2302 1391 2349 1416 est
2373 1393 2479 1416 sermo

273 1432 383 1463 cussis.
1401 1429 1440 1459 de
1463 1427 1582 1459 iustitia
1605 1427 1821 1459 communiter
1851 1434 1888 1459 ut
1917 1427 2036 1459 claudit
2064 1427 2097 1458 in
2121 1438 2154 1459 se
2177 1427 2334 1469 legalem,
2359 1437 2416 1460 seu
2440 1427 2480 1460 de

330 1477 367 1508 11.
391 1476 427 1507 In
451 1476 566 1507 eodem
590 1475 723 1506 articulo
749 1474 942 1506 duodecimo
962 1473 1098 1505 dubium
1117 1473 1212 1505 etiam
1231 1473 1271 1503 ad
1286 1473 1344 1504 ho·
1401 1473 1470 1514 ipsa
1494 1472 1596 1513 legali.
1629 1472 1671 1503 Et
1693 1472 1784 1514 quod
1807 1482 1933 1514 semper
1955 1472 2096 1513 pericula
2127 1472 2208 1504 circa
2231 1482 2315 1514 quae
2338 1479 2482 1504 versatur

273 1521 404 1558 minem,
435 1527 466 1551 et
493 1521 668 1557 veritatem,
695 1519 838 1551 occurrit·
855 1529 891 1550 ex
914 1518 1122 1560 responsione
1144 1518 1184 1548 ad
1205 1517 1344 1548 tertium.
1401 1517 1501 1554 fortis,
1519 1523 1594 1548 sunt
1616 1517 1702 1548 bona
1723 1524 1855 1558 propter
1869 1516 2023 1548 iustitiam
2039 1517 2185 1559 legalem.
2209 1517 2295 1555 Quia
2314 1517 2416 1550 homo
2433 1523 2481 1549 est

273 1566 356 1596 Nam
379 1565 499 1596 ibidem
523 1564 637 1596 dicitur
660 1564 749 1605 quod
771 1565 866 1595 homo
883 1573 1060 1604 personam
1076 1573 1169 1594 suam
1188 1562 1347 1603 periculis
1402 1561 1584 1593 naturaliter
1608 1561 1727 1596 animal
1750 1561 1936 1602 politicum:
1957 1572 1994 1593 ac
2017 1572 2073 1603 per
2095 1561 2176 1599 hoc,
2201 1571 2273 1603 pars
2297 1561 2481 1593 communis

273 1611 386 1641 mortis
409 1620 472 1640 non
497 1610 628 1650 exponit
661 1610 723 1640 nisi
740 1614 878 1649 propter
900 1609 1054 1640 iustitiam
1079 1607 1346 1638 conservandam.
1402 1606 1536 1638 alicuius
1558 1606 1645 1637 boni.
1670 1608 1718 1637 Ac
1741 1615 1798 1646 per
1813 1606 1885 1643 hoc,
1910 1616 2008 1638 omne
2032 1607 2157 1638 bonum
2181 1606 2316 1638 reddens
2339 1606 2481 1648 pericula

274 1655 346 1685 Hoc
375 1654 461 1685 enim
491 1655 676 1685 adversatur
705 1663 801 1694 supra
815 1653 833 1672 *
856 1652 966 1690 dictis,
991 1652 1110 1683 scilicet
1139 1652 1229 1693 quod
1257 1651 1347 1682 fortis
1402 1652 1497 1688 bona,
1515 1658 1551 1682 ut
1566 1650 1647 1682 circa
1662 1660 1699 1681 ea
1722 1650 1813 1682 fortis
1829 1657 1980 1689 versetur,
1997 1651 2164 1682 ordinatur
2185 1652 2227 1682 ad
2250 1651 2375 1682 bonum
2392 1661 2480 1683 com-

274 1699 336 1740 agit
359 1706 490 1739 propter
512 1699 637 1729 bonum
660 1698 781 1739 proprii
801 1697 927 1728 habitus
952 1703 987 1728 ut
1010 1696 1195 1737 proximum
1219 1703 1250 1727 et
1272 1706 1348 1736 pro·
1403 1706 1501 1727 mune
1527 1702 1562 1726 ut
1585 1705 1657 1736 pars
1680 1695 1720 1726 ad
1743 1702 1860 1728 totum.
1885 1695 1927 1727 Et
1949 1695 1994 1727 sic
2013 1702 2133 1736 spectat
2156 1696 2196 1726 ad
2219 1695 2375 1727 iustitiam
2397 1696 2481 1737 lega-

274 1743 381 1784 prium
404 1742 516 1774 finem:
543 1750 574 1774 et
597 1753 652 1783 per
676 1742 746 1779 hoc,
772 1752 838 1772 non
855 1749 902 1772 est
916 1751 1029 1772 verum
1048 1741 1137 1782 quod
1157 1740 1221 1781 agit
1239 1740 1347 1771 solum
1374 1773 1376 1780 ‚
1403 1741 1468 1772 lem
1490 1738 1662 1771 bonificare
1687 1740 1826 1780 pericula
1850 1739 1962 1771 mortis
1986 1740 2068 1772 circa
2090 1750 2173 1782 quae
2197 1747 2245 1772 est
2267 1740 2435 1772 fortitudo.

274 1794 404 1829 propter
426 1787 579 1818 iustitiam
604 1786 864 1818 conservandam.
1374 1817 1376 1823 χ
1459 1785 1511 1816 Ad
1526 1785 1559 1815 id
1581 1792 1690 1815 autem
1714 1785 1804 1826 quod
1827 1784 1867 1816 de
1882 1785 2026 1817 solitario
2043 1785 2175 1816 homine
2191 1784 2351 1823 obiicitur,
2374 1791 2482 1826 potest

329 1833 502 1868 Praeterea,
527 1841 601 1862 cum
625 1831 676 1862 hic
701 1831 829 1867 dicitur,
854 1831 918 1861 nisi
934 1835 1071 1870 propter
1094 1830 1248 1860 iustitiam
1273 1838 1347 1860 con·
1375 1850 1376 1853 =
1403 1829 1622 1869 multipliciter
1638 1828 1710 1860 dici.
1734 1827 1854 1865 Primo,
1878 1829 1969 1870 quod
1992 1838 2098 1860 sermo
2123 1839 2271 1870 praesens
2295 1837 2342 1861 est
2365 1830 2404 1861 de
2418 1829 2481 1860 vir-

273 1876 478 1914 servandam,
503 1883 558 1907 aut
581 1882 628 1906 est
651 1885 756 1906 sermo
782 1875 821 1905 de
843 1873 1175 1914 iustitia-particulari.
1208 1874 1249 1904 Et
1271 1880 1349 1904 tunc
1375 1907 1377 1909 ,
1403 1873 1525 1905 tutibus
1549 1872 1615 1904 istis
1639 1872 1769 1914 politice
1790 1873 1936 1914 sumptis.
1960 1891 1982 1897 -
2006 1873 2166 1911 Secunde,
2181 1874 2273 1916 quod
2288 1884 2394 1906 sermo
2411 1884 2483 1906 mo·

274 1920 391 1951 falsum
415 1920 546 1951 dicitur:
571 1920 647 1961 quia
664 1920 765 1950 homo
780 1925 906 1950 tenetur
921 1917 1026 1949 subire
1042 1917 1221 1959 periculum
1236 1917 1349 1948 mortis
1404 1917 1477 1948 ralis
1501 1915 1618 1948 sufficit
1640 1916 1730 1958 quod
1754 1915 1932 1949 verificetur
1955 1918 2134 1949 secundum
2149 1918 2183 1949 id
2205 1918 2296 1960 quod
2319 1925 2366 1950 est
2389 1925 2426 1951 ut
2448 1918 2482 1950 in

274 1972 403 2006 propter
418 1965 494 1995 alias
509 1964 651 2000 virtutes,
668 1971 746 2004 puta
762 1962 1016 2004 temperantiam,
1033 1962 1140 1999 fidem,
1155 1969 1213 1993 etc.
1238 1980 1256 1984 —
1282 1964 1350 1993 Aut
1404 1962 1561 2003 pluribus.
1586 1961 1722 1993 Constat
1737 1968 1846 1993 autem
1869 1962 1959 2003 quod
1974 1968 2019 2000 *ut
2037 1962 2071 1993 in
2087 1962 2234 2003 pluribus
2249 1962 2398 1996 homines
2414 1973 2481 2000 non

273 2010 313 2040 de
337 2009 455 2040 iustitia
479 2009 581 2049 legali.
614 2009 655 2039 Et
677 2015 755 2040 tunc
782 2008 879 2039 etiam
909 2007 1025 2038 falsum
1049 2014 1105 2039 est.
1137 2006 1222 2044 Quia
1246 2006 1348 2038 homo
1404 2005 1552 2042 solitarii,
1577 2006 1633 2036 sed
1656 2005 1779 2047 politici
1802 2013 1887 2038 sunt.
1912 2024 1932 2030 -
1955 2006 2084 2042 Tertio,
2109 2006 2199 2049 quod
2227 2005 2324 2038 etim
2349 2006 2385 2039 in
2407 2014 2483 2043 enm

274 2054 357 2085 licite
381 2053 466 2084 subit
489 2053 601 2084 mortis
630 2053 810 2094 periculum
840 2063 907 2083 non
934 2058 1064 2093 propter
1093 2061 1268 2083 commune
1291 2051 1350 2082 bo·
1405 2051 1495 2082 fortis
1518 2050 1650 2082 solitarii
1673 2050 1813 2091 pericula
1837 2051 1950 2083 mortis
1973 2058 2048 2083 sunt
2071 2051 2157 2083 bona
2180 2058 2311 2093 propter
2329 2050 2484 2085 iustitiam

275 2108 364 2135 num,
381 2099 436 2129 sed
460 2098 627 2139 proprium
643 2098 768 2129 bonum
783 2097 1027 2128 tantummodo:
1052 2103 1098 2133 ut,
1122 2096 1149 2127 si
1173 2096 1274 2127 homo
1289 2096 1349 2127 im·
1404 2095 1549 2137 legalem,
1566 2096 1624 2127 etsi
1641 2105 1707 2127 non
1723 2102 1806 2133 actu,
1823 2102 1931 2127 tamen
1947 2095 2136 2136 aptitudine.
2160 2095 2246 2134 Quin
2263 2096 2390 2128 bonum
2407 2103 2485 2138 pro·

275 2150 435 2184 pugnetur
458 2143 497 2173 de
520 2143 589 2183 ipsa
610 2142 726 2174 virtute
750 2141 945 2173 fortitudinis
968 2141 1001 2172 in
1025 2141 1145 2182 seipso,
1171 2148 1202 2172 et
1221 2151 1287 2172 non
1310 2141 1350 2173 sit
1376 2138 1377 2184 4
1405 2141 1512 2182 prium
1527 2140 1613 2172 illius
1628 2140 1762 2178 virtutis,
1779 2140 1869 2183 quod
1884 2140 2094 2182 impugnatur
2108 2140 2141 2172 in
2161 2140 2304 2174 soumrio
2323 2150 2380 2182 per
2397 2147 2484 2174 mot*-

276 2198 347 2229 pars
376 2187 510 2218 alicuius
539 2186 731 2228 reipublicae
761 2186 816 2218 sed
839 2186 1016 2222 solitarius,
1041 2185 1111 2217 talis
1135 2185 1257 2217 fortiter
1279 2192 1350 2226 aget
1376 2191 1378 2246 Ἰ
1404 2185 1443 2216 tis
1460 2185 1712 2222 intentationem,
1733 2185 1791 2216 etsi
1815 2195 1882 2216 non
1904 2193 1978 2217 actu
2002 2185 2168 2217 ordinetur
2182 2185 2222 2217 ad
2237 2195 2413 2218 commune
2427 2186 2485 2226 Ιὶο-Δ

276 2232 463 2263 sustinendo
486 2231 594 2262 solum
622 2238 753 2272 propter
775 2231 944 2272 proprium
967 2231 1092 2261 bonum
1115 2229 1237 2271 proprii
1260 2229 1349 2260 habi·
1376 2257 1377 2271 1
1405 2239 1495 2265 num,
1519 2237 1566 2261 est
1588 2236 1696 2260 tamen
1715 2229 1892 2261 ordinabile
1915 2230 1956 2261 ad
1978 2229 2076 2261 illud:
2102 2237 2133 2262 et
2155 2230 2200 2262 sic
2227 2237 2348 2272 spectat
2371 2228 2411 2262 ad
2434 2229 2483 2262 iu—¹

277 2284 344 2313 tus,
375 2284 406 2308 et
439 2286 505 2307 non
541 2283 671 2317 propter
703 2275 855 2307 iustitiam
888 2284 1130 2316 quamcumque
1161 2274 1348 2305 servandam
1376 2274 1378 2298 4
1404 2273 1522 2305 stiriam
1546 2273 1691 2315 legalem.

2505 509 2514 518 ⁸
2530 506 2587 535 Cap.
2602 513 2639 534 tx,
2655 513 2677 528 u.
2693 507 2715 528 ⁶.
