2768 4198
54 379 63 388 ⁸
79 376 143 398 Vers.
158 376 188 398 18.

57 731 67 742 ⁸
83 730 146 751 Vers.
164 735 184 751 12
199 735 249 757 sqq.

65 1795 74 1805 ⁸
89 1795 115 1815 1n
130 1798 235 1820 corpore.

69 2193 78 2203 ⁸
90 2191 145 2214 Gen.
157 2197 207 2219 etp.
215 2197 277 2213 xxix.

293 307 368 342 240

349 374 436 404 Tum
453 372 527 413 quia
543 371 732 412 praecipitur
748 370 790 400 ibi
806 370 822 388 *
842 376 876 399 ut
893 377 981 398 soror
1002 366 1107 396 uxoris
1128 375 1193 395 non
1214 371 1358 394 sumatur

293 418 324 448 in
350 427 492 453 uxorem,
509 426 619 447 sorore
643 417 776 446 vivente.
801 414 840 443 Et
857 412 899 442 sic
916 421 980 441 non
997 416 1125 450 propter
1140 409 1295 439 incestum
1312 414 1358 438 est

293 463 351 493 ista
368 461 549 502 prohibitio,
563 460 637 500 quia
654 458 911 491 committeretur,
925 455 1018 484 etiam
1034 453 1102 493 ipsa
1119 460 1255 488 mortua,
1272 452 1357 482 ince-

294 514 377 537 stus:
402 506 457 535 sed
473 511 602 546 propter
621 503 714 533 aliam
731 510 867 535 causam,
885 506 962 538 puta
982 497 1173 528 discordiam
1196 496 1358 527 vitandam

294 551 374 581 inter
397 559 529 580 sorores.
554 551 601 578 Ac
617 557 672 588 per
695 547 756 576 hoc
772 550 894 575 constat
908 542 1053 573 iudiciale
1070 551 1137 571 esse
1153 547 1358 581 praeceptum

295 595 365 631 hoc,
386 603 480 633 super
502 593 639 633 quadam
660 591 821 620 honestate
838 587 1021 622 fundatum,
1047 595 1112 616 non
1137 592 1280 625 respectu
1304 594 1358 624 ge-

296 638 465 669 nerationis
489 644 542 667 aut
565 635 676 676 prolis,
702 634 755 663 sed
780 631 928 662 naturalis
957 630 1041 670 pacis
1066 640 1131 660 non
1156 629 1359 660 deducendae

294 683 328 713 in
352 681 608 712 aemulationem.

351 727 439 756 Tum
462 725 536 765 quia
559 723 676 753 ibidem
691 721 708 740 *
732 720 889 751 secundus
912 719 1028 759 gradus
1052 726 1117 748 tam
1134 717 1358 757 consanguini-

295 771 366 801 tatis
395 779 493 810 quam
523 766 679 798 affinitatis
712 765 743 794 in
777 763 968 804 quibusdam
1001 762 1145 802 personis
1176 762 1360 793 interdictus

294 814 461 845 invenitur.
487 812 526 842 Et
549 812 655 846 Extra,
680 809 719 839 de
740 809 907 845 Divortiis,
933 817 1000 847 cap.
1027 807 1223 844 Gaudemus,
1248 806 1361 836 dicitur

296 859 384 899 quod
407 856 520 897 pagani
543 855 575 885 in
599 854 739 885 secundo
759 853 857 893 gradu
883 851 1054 888 coniuncti,
1072 852 1097 881 si
1122 858 1359 887 convertuntur,

297 913 361 933 non
379 909 451 931 sunt
468 899 642 940 separandi.
668 898 767 935 Quod
791 907 855 927 non
874 903 1027 927 statutum
1053 903 1134 926 esset
1157 896 1182 925 si
1202 896 1360 926 secundus

296 947 409 987 gradus
432 945 588 975 incestum
612 949 753 973 causaret
772 951 809 972 ex
825 941 999 982 praeceptis
1014 950 1093 981 pure
1117 941 1291 971 moralibus
1316 939 1360 970 di—

295 991 385 1020 vinae
401 989 493 1030 legis:
518 987 673 1029 quoniam
690 986 805 1018 talibus
822 996 935 1016 omnes
958 985 1105 1016 homines
1122 985 1252 1016 subiecti
1278 991 1360 1015 sunt.

296 1035 418 1066 Sciebat
450 1033 535 1063 enim
564 1033 663 1072 Papa,
688 1038 753 1062 tam
785 1030 962 1061 excellentis
992 1030 1174 1071 praesertim
1200 1028 1361 1065 scientiae,

296 1079 412 1109 scilicet
436 1076 639 1108 Innocentius
663 1076 715 1112 111,
739 1075 835 1106 fuisse
859 1075 964 1105 divina
986 1075 1056 1114 lege
1079 1074 1239 1115 prohibita
1262 1073 1363 1104 multa

297 1123 444 1163 coniugia
473 1122 506 1152 in
529 1121 670 1152 secundo
695 1120 810 1160 gradu,
836 1127 866 1150 et
895 1120 995 1150 multa
1019 1119 1051 1149 in
1079 1119 1193 1149 eodem
1223 1119 1322 1158 gradu
1346 1128 1364 1148 a

297 1167 391 1198 sacris
407 1166 584 1197 canonibus
601 1165 777 1206 prohibita:
799 1171 829 1195 et
843 1171 960 1200 tamen,
974 1164 1050 1204 quia
1066 1163 1159 1194 sacris
1179 1163 1363 1199 canonibus,

297 1212 413 1253 quibus
437 1217 563 1242 cavetur
587 1209 773 1240 huiusmodi
804 1208 1007 1240 matrimonia
1030 1218 1098 1238 esse
1125 1208 1226 1244 nulla,
1251 1208 1363 1248 pagani

297 1255 428 1287 subiecti
444 1265 511 1285 non
527 1262 610 1291 sunt,
627 1254 722 1284 libere
738 1264 773 1284 ac
796 1253 879 1284 licite
896 1253 1097 1283 matrimonia
1121 1252 1201 1283 inter
1224 1262 1364 1292 paganos

297 1301 330 1331 in
347 1300 487 1331 secundo
507 1300 605 1339 gradu
625 1298 803 1329 indistincte
822 1305 896 1338 post
912 1297 1153 1328 conversionem
1170 1299 1366 1337 perseverare

299 1345 385 1375 dixit.
417 1345 464 1374 Ex
487 1344 549 1375 hoc
568 1344 653 1374 enim
670 1342 835 1373 manifeste
852 1342 995 1383 sequitur
1018 1342 1105 1382 quod
1126 1349 1291 1382 praecepta
1314 1341 1367 1371 illa

299 1397 365 1420 tam
388 1399 502 1429 parum
534 1387 719 1419 moralitatis
743 1387 860 1418 habent
885 1394 920 1417 ut
946 1386 1013 1416 sine
1038 1386 1101 1416 ulla
1133 1386 1367 1426 dispensatione

300 1434 385 1474 apud
409 1443 550 1474 paganos
574 1433 606 1462 in
631 1432 771 1463 secundo
787 1431 885 1472 gradu
909 1431 992 1461 licite
1017 1431 1241 1461 contrahantur
1258 1430 1368 1461 coniu-

301 1479 360 1519 gia,
385 1478 475 1508 nullo
499 1477 636 1508 incestus
659 1476 736 1507 vitio
761 1475 995 1507 interveniente.

356 1523 410 1553 VI.
434 1522 615 1552 Discernere
644 1521 740 1561 igitur
770 1527 897 1561 oportet
925 1519 1136 1550 moralitatem
1166 1518 1260 1549 unius
1285 1528 1370 1559 prae-

303 1567 383 1607 cepti
407 1577 425 1596 a
448 1566 624 1596 moralitate
648 1565 784 1602 alterius,
809 1564 1019 1605 perspicacius
1046 1563 1183 1594 videndo
1215 1563 1368 1594 rationem

303 1611 478 1642 naturalem
502 1610 664 1651 cuiusque.
697 1611 736 1640 Et
759 1609 913 1650 quoniam
937 1608 1073 1639 rationes
1101 1618 1213 1638 omnes
1237 1608 1369 1638 naturali

303 1656 425 1686 lumine
447 1655 544 1686 fultae
568 1655 743 1685 naturalem
766 1654 977 1684 indecentiam
1002 1652 1152 1688 afferunt,
1177 1659 1305 1693 oportet
1327 1652 1372 1692 ip-

304 1711 371 1731 sam
396 1700 578 1731 discernere.

358 1746 442 1775 Nam
466 1743 616 1774 naturalis
647 1743 823 1774 indecentia
847 1752 902 1783 per
925 1749 985 1772 tres
1009 1741 1136 1772 ultimas
1168 1741 1304 1771 rationes
1328 1741 1371 1770 al-

302 1789 396 1820 lata*
423 1799 488 1818 non
518 1795 563 1819 est
597 1787 665 1818 talis
689 1787 864 1817 indecentia
894 1796 976 1826 quae
1000 1785 1171 1816 constituat
1201 1795 1368 1825 personam

303 1833 474 1864 inhabilem
507 1833 545 1862 ad
575 1831 776 1871 coniugium:
809 1831 863 1861 sed
894 1831 933 1860 ad
963 1830 1119 1861 cautelam
1148 1829 1371 1870 consequentis

304 1878 395 1913 mali,
420 1878 470 1907 vel
493 1876 635 1916 impediti
660 1875 751 1911 boni,
776 1882 905 1915 spectat.
930 1874 1080 1905 Mollities
1104 1873 1190 1904 enim
1213 1873 1310 1903 animi
1335 1883 1371 1903 ex

305 1922 401 1952 nimia
425 1920 662 1962 opportunitate
694 1929 902 1960 personarum
926 1920 965 1949 ad
989 1918 1174 1958 coniugium
1207 1918 1371 1954 habilium,

304 1976 385 2008 quae
409 1976 445 1996 ex
469 1965 606 1995 secunda
639 1964 759 1995 ratione
788 1971 931 2000 cavetur,
956 1964 995 1994 ad
1026 1963 1186 1994 defectum
1218 1972 1372 2004 personae

305 2016 552 2051 consequentem
576 2019 613 2039 ex
636 2009 737 2039 abusu
762 2008 922 2039 familiaris
946 2018 1000 2038 seu
1026 2007 1217 2038 domesticae
1242 2017 1371 2038 conver-

305 2055 434 2086 sationis
458 2060 586 2095 spectat.
609 2054 692 2083 Nam
715 2059 798 2083 recta
822 2053 944 2084 ratione
969 2058 1205 2088 conversantes,
1230 2052 1332 2082 donec
1355 2062 1372 2082 a

305 2099 487 2140 parentibus
504 2098 644 2138 deputati
661 2105 764 2128 essent
789 2097 950 2137 coniuges,
967 2098 1006 2127 ad
1022 2096 1208 2127 huiusmodi
1229 2106 1371 2126 amorem

306 2154 372 2175 non
400 2143 607 2175 declinarent:
639 2150 674 2173 ut
706 2148 791 2183 patet
821 2142 860 2172 de
894 2142 986 2172 Iacob
1011 2148 1042 2172 et
1067 2140 1264 2172 consobrinis
1296 2140 1372 2176 eius,

306 2199 386 2230 quas
410 2195 482 2229 post
498 2187 607 2218 habuit
622 2187 655 2217 in
673 2196 786 2217 uxores
798 2186 827 2217 *.
850 2204 871 2209 -
896 2187 937 2217 Et
955 2186 995 2216 ad
1011 2186 1095 2216 idem
1113 2192 1232 2226 spectat
1256 2185 1374 2215 nimius

307 2234 409 2269 ardor,
434 2232 489 2273 qui
513 2232 544 2262 in
569 2238 679 2272 quarta
703 2230 824 2261 ratione
840 2231 997 2261 cavendus
1022 2230 1136 2261 dicitur
1160 2239 1196 2260 ex
1220 2229 1373 2270 multipli-

309 2284 378 2308 cato
401 2276 544 2307 vinculo:
570 2285 644 2306 cum
667 2275 728 2306 sint
751 2275 876 2305 vincula
900 2274 1094 2305 diversarum
1118 2274 1279 2305 rationum
1301 2283 1374 2304 con-

308 2321 501 2362 sanguinitas
525 2327 555 2351 et
579 2319 774 2360 coniugium.
798 2336 819 2342 -
844 2319 1113 2359 Impedimentum
1137 2325 1244 2348 autem
1269 2318 1374 2348 multi-

310 2366 472 2407 plicandae
496 2364 659 2400 amicitiae,
684 2364 773 2405 quod
796 2363 828 2393 in
853 2363 941 2394 tertia
961 2364 1081 2394 ratione
1106 2362 1248 2399 affertur,
1274 2362 1375 2392 mani-

309 2410 386 2440 feste
410 2410 449 2440 ad
473 2409 596 2439 bonum
621 2418 685 2438 non
709 2408 861 2444 debitum,
887 2408 941 2438 sed
964 2408 1003 2438 ad
1027 2409 1107 2438 bene
1132 2417 1198 2437 esse
1222 2414 1376 2447 spectans,

310 2454 444 2495 respicit.
467 2454 542 2483 Non
559 2453 644 2483 enim
667 2459 790 2483 tenetur
805 2452 887 2493 quis,
905 2452 964 2482 nisi
989 2452 1070 2483 forte
1085 2452 1117 2482 in
1142 2461 1226 2487 casu,
1243 2452 1282 2481 ad
1299 2451 1376 2481 arni-

311 2498 414 2529 citiam
432 2508 505 2528 cum
525 2504 672 2528 extraneo
695 2497 801 2533 talem,
819 2497 935 2527 scilicet
959 2507 1015 2537 per
1034 2495 1173 2536 coniugii
1192 2495 1376 2526 vinculum:

311 2543 365 2573 sed
389 2543 450 2573 hoc
474 2542 513 2572 ad
537 2542 616 2572 bene
634 2551 699 2571 esse
723 2541 881 2571 humanae
896 2541 1052 2572 amicitiae
1070 2540 1200 2571 confert.
1225 2557 1245 2563 —
1269 2541 1375 2571 Potest

311 2597 441 2628 quoque
464 2596 520 2627 per
543 2585 809 2616 consuetudinem
833 2585 1017 2625 disciplinae
1041 2587 1153 2621 bonae,
1174 2594 1256 2625 quae
1280 2585 1312 2615 in
1338 2584 1378 2615 ci-

311 2632 404 2662 vitate
432 2641 467 2661 ac
496 2631 594 2660 domo
629 2639 695 2660 esse
727 2630 836 2668 debet,
860 2630 1000 2670 primum
1033 2629 1258 2661 inconveniens
1289 2629 1379 2660 facile

311 2675 427 2706 evitari.
455 2674 639 2706 Secundum
668 2681 775 2704 autem
806 2674 887 2704 forte
918 2675 1044 2705 nullum
1075 2681 1171 2710 esset,
1197 2673 1222 2703 si
1247 2683 1378 2704 consue-

312 2721 389 2751 tudo
415 2726 494 2750 esset
518 2726 553 2749 ut
579 2718 805 2758 consanguinei
837 2718 988 2758 coniuges
1013 2726 1130 2749 essent:
1162 2718 1194 2748 in
1226 2718 1316 2748 cuius
1341 2718 1379 2748 si—

311 2775 421 2805 gnum,
439 2763 663 2803 consanguinei
689 2763 857 2803 dispensati
881 2763 919 2793 ad
936 2763 1121 2803 coniugium
1146 2772 1212 2793 non
1235 2763 1307 2803 plus
1331 2772 1377 2792 ar*

312 2809 383 2839 dere
407 2808 553 2838 videntur
583 2818 679 2848 quarn
708 2807 759 2837 alii
785 2807 948 2847 coniuges.
980 2808 1114 2838 Possent
1143 2807 1243 2837 nihilo
1272 2807 1380 2837 minus

312 2853 459 2893 coniugia
483 2862 557 2883 cum
585 2852 736 2882 extraneis
759 2851 841 2887 fieri,
867 2852 997 2892 quando
1022 2853 1063 2882 ob
1096 2851 1267 2882 amicitiam
1296 2861 1379 2892 opus

312 2904 406 2928 esset:
432 2904 467 2927 ut
490 2896 618 2927 tertium
642 2896 867 2927 inconveniens
899 2903 1040 2928 cessaret.
1065 2915 1085 2919 —
1109 2896 1202 2927 Unde
1233 2896 1304 2927 licet
1333 2896 1379 2926 in—

313 2941 454 2972 decentia
477 2941 569 2972 allata
592 2951 628 2971 ex
646 2940 692 2971 his
716 2941 814 2971 tribus
832 2940 1005 2971 rationibus
1025 2940 1171 2971 nonnihil
1194 2940 1379 2971 moralitatis

313 2986 433 3020 afferat,
459 2995 524 3016 non
553 2991 658 3015 tamen
689 2985 783 3015 talem
807 2992 843 3015 ut
870 2992 1037 3025 propterea
1070 2995 1223 3026 personae
1248 2995 1379 3016 consan›

313 3031 447 3070 guineae
471 3030 641 3060 reddantur
663 3029 816 3060 inhabiles
840 3030 879 3059 ad
903 3029 1099 3069 coniugium.

370 3074 473 3104 Prima
495 3081 601 3104 autem
628 3073 717 3110 ratio,
735 3074 773 3104 de
790 3074 922 3104 naturali
940 3074 1111 3105 reverentia
1127 3081 1157 3104 et
1181 3074 1219 3104 de
1243 3073 1381 3104 honora—

315 3119 411 3154 tione,
427 3118 630 3159 distinguitur
642 3118 674 3148 in
688 3117 798 3154 littera,
809 3118 840 3148 in
855 3118 1062 3158 responsione
1074 3119 1114 3149 ad
1129 3118 1271 3155 tertium;
1292 3119 1379 3159 quod

315 3163 431 3193 scilicet
454 3162 612 3203 quaedam
631 3169 678 3193 est
693 3162 843 3193 naturalis
868 3163 1038 3193 reverentia
1063 3173 1262 3204 consequens
1278 3172 1334 3203 per
1348 3173 1380 3193 se

317 3214 346 3237 et
373 3207 587 3237 immediatam
619 3207 878 3237 coniunctionem
907 3207 1063 3238 carnalem
1095 3217 1321 3248 personarum,
1352 3215 1381 3238 et

317 3250 392 3281 haec
416 3258 461 3281 est
484 3251 564 3282 inter
587 3258 731 3291 parentes
756 3259 785 3282 et
809 3252 931 3292 proles;
957 3252 1114 3292 quaedam
1130 3261 1204 3282 vero
1229 3258 1276 3282 est
1299 3261 1380 3292 quae

318 3295 520 3334 consequitur
551 3295 809 3326 coniunctionem
839 3297 1011 3332 carnalem,
1038 3306 1103 3326 non
1136 3306 1191 3336 per
1214 3305 1246 3326 se
1270 3303 1301 3327 et
1323 3296 1382 3326 im-

320 3338 502 3374 mediatam,
528 3340 582 3369 sed
610 3340 766 3371 mediante
797 3340 1020 3371 coniunctione
1051 3341 1083 3370 in
1112 3340 1294 3381 parentibus
1326 3350 1380 3371 seu

320 3381 406 3418 filiis3
438 3389 468 3412 et
490 3383 566 3414 haec
589 3391 634 3414 est
658 3384 737 3414 inter
760 3384 896 3425 reliquas
926 3395 1076 3425 personas
1100 3392 1165 3416 tam
1194 3385 1381 3425 consangui-

321 3425 415 3476 nitate
428 3436 534 3475 ‘quam
559 3427 706 3458 affinitate
723 3429 917 3460 coniunctas.
941 3430 1023 3460 Nam
1041 3429 1146 3460 nullae
1170 3429 1246 3460 tales
1266 3439 1322 3469 per
1336 3439 1381 3460 se-

319 3479 404 3509 ipsas
427 3477 550 3500 iunctae
574 3478 646 3501 sunt
674 3474 848 3503 secundum
872 3483 1007 3510 carnem,
1033 3474 1086 3504 sed
1114 3473 1271 3504 mediante
1295 3480 1382 3514 patre

321 3521 376 3544 aut
399 3521 511 3549 matre,
536 3524 590 3544 seu
614 3514 680 3545 filio
705 3523 758 3546 aut
781 3516 860 3553 filia,
885 3525 920 3548 ut
943 3524 1029 3558 patet
1051 3518 1266 3549 discurrendo.
1301 3518 1382 3548 Inter

321 3558 377 3588 has
401 3565 506 3588 autem
530 3557 605 3588 haec
629 3558 798 3590 differentia
822 3561 854 3591 in
878 3561 978 3592 littera
1007 3562 1201 3602 assignatur,
1226 3562 1315 3602 quod
1339 3571 1383 3592 re—

322 3601 458 3632 verentia
475 3602 624 3632 naturalis
648 3613 843 3643 consequens
860 3605 1116 3636 coniunctionem
1134 3606 1289 3637 carnalem
1314 3615 1382 3646 per—

322 3655 473 3676 sonarum
496 3655 552 3685 per
575 3655 607 3676 se
631 3653 660 3676 et
683 3646 863 3678 immediate
893 3649 1149 3686 cmiuncrarum,
1174 3649 1268 3681 efficit
1294 3651 1380 3691 quod

962 287 1228 335 QUAESTIO
1259 285 1395 332 CLIV,
1425 285 1723 322 ARTICULUS
1754 285 1806 320 lX

1412 363 1598 394 commixtio
1627 363 1708 393 inter
1731 363 1807 393 tales
1831 362 1871 393 sit
1894 362 2072 392 secundum
2096 371 2128 391 se
2155 361 2303 391 indecens
2335 367 2365 391 et
2389 370 2483 400 repu-

1412 417 1512 447 gnans
1539 407 1674 438 naturali
1699 406 1822 443 rationi,
1847 417 1882 437 ac
1906 416 1962 447 per
1985 406 2065 443 hoc,
2091 406 2179 436 nulla
2202 405 2325 436 ratione
2348 404 2484 435 naturali

1411 452 1506 482 licita.
1531 452 1572 482 Et
1588 462 1625 482 ex
1640 452 1702 481 hoc
1725 458 1812 491 patet
1828 451 1917 491 quod
1933 451 2035 481 reddit
2058 451 2134 481 tales
2154 459 2305 490 personas
2330 448 2484 479 inhabiles

1413 496 1451 526 ad
1478 495 1665 535 coniugium
1689 495 1769 526 inter
1793 505 1836 526 se.
1861 494 2056 526 Coniunctio
2072 502 2180 525 autem
2196 493 2391 535 reliquarum
2415 503 2485 533 per-

1413 550 1576 576 sonarum,
1593 549 1668 570 cum
1692 549 1812 570 annexa
1835 540 2007 570 reverentia
2031 539 2175 575 naturali,
2194 548 2260 568 non
2283 537 2378 568 efficit
2396 538 2485 578 quod

1415 584 1602 615 commixtio
1626 583 1739 614 talium
1763 584 1801 614 sit
1826 584 2003 614 secundum
2028 594 2060 614 se
2084 584 2232 613 indecens
2252 590 2282 613 et
2305 591 2486 622 repugnans

1415 629 1549 659 naturali
1573 628 1704 658 rationi:
1730 628 1784 658 sed
1802 637 1877 658 cum
1899 628 1968 668 ipsa
1984 635 2045 659 stat
2068 628 2156 668 quod
2176 627 2216 658 sit
2234 626 2421 658 commixtio
2445 633 2487 656 ta-

1413 673 1495 703 lium
1528 673 1641 703 decens
1671 673 1721 702 vel
1753 672 1902 702 indecens
1925 673 2101 702 secundum
2139 671 2403 702 consuetudinem
2437 670 2487 700 vel

1414 717 1518 757 Iegem
1542 717 1682 747 divinam
1706 716 1757 746 vel
1786 715 1973 747 humanam.
2004 717 2046 747 Et
2069 726 2124 756 per
2148 716 2210 747 hoc
2237 716 2371 746 habetur
2398 715 2486 756 quod

1415 762 1485 792 talis
1509 761 1694 791 commixtio
1719 770 1784 790 non
1808 770 1846 790 ex
1868 760 2024 797 extremis,
2049 761 2104 791 sed
2127 770 2165 790 ex
2188 756 2419 791 consuetudine
2438 759 2488 789 vel

1414 807 1482 846 lege
1507 805 1747 846 superveniente
1772 804 1912 835 redditur
1935 804 2049 835 decens
2073 805 2123 835 vel
2149 805 2308 835 indecens.

1471 850 1539 881 VII.
1564 851 1625 881 Sed
1642 856 1688 880 est
1703 849 1754 879 hic
1771 849 1917 885 dubium,
1934 849 2104 890 quomodo
2121 848 2204 879 dicta
2218 848 2391 879 differentia
2414 858 2486 888 per-

1417 905 1570 925 sonarum
1600 904 1698 935 penes
1722 893 1984 924 coniunctionem
2014 893 2193 923 secundum
2215 903 2263 929 se,
2287 899 2318 924 et
2345 903 2410 923 non
2443 902 2488 923 se-

1417 939 1560 970 cundum
1584 949 1630 978 se,
1656 945 1703 969 est
1725 938 1812 968 radix
1835 937 2041 968 inhabilitatis
2064 945 2094 969 et
2117 936 2288 967 habilitatis
2310 937 2349 968 ad
2378 936 2489 967 coniu-

1417 984 1506 1024 gium
1530 984 1610 1014 inter
1629 993 1670 1014 se.
1697 983 1861 1020 Quoniam
1881 989 1936 1013 aut
1951 982 2037 1012 hunc
2053 981 2201 1012 effectum
2220 981 2301 1022 parit
2316 981 2398 1012 dicta
2415 991 2490 1012 con-

1418 1029 1539 1059 iunctio
1563 1028 1639 1069 quia
1662 1034 1751 1068 pater
1774 1034 1805 1058 et
1827 1026 1902 1063 filia,
1923 1033 2023 1057 mater
2046 1033 2077 1056 et
2099 1025 2194 1062 filius,
2215 1033 2290 1056 sunt
2308 1026 2492 1056 naturaliter

1420 1084 1482 1104 una
1514 1083 1602 1109 caro,
1628 1080 1658 1103 et
1681 1073 1713 1102 in
1739 1071 1890 1112 coniugio
1921 1077 2048 1111 oportet
2071 1080 2113 1101 ex
2139 1070 2264 1101 duobus
2280 1070 2363 1111 fieri
2393 1079 2490 1101 unam

1418 1128 1548 1149 carnem
1564 1117 1591 1148 *.
1617 1118 1657 1148 Et
1680 1117 1743 1147 hoc
1759 1127 1834 1147 non.
1860 1117 1948 1147 Tum
1964 1116 2039 1157 quia
2062 1115 2130 1145 Eva
2146 1125 2212 1145 non
2229 1114 2336 1145 minus
2352 1114 2413 1145 fuit
2428 1123 2492 1145 una

1420 1173 1492 1193 caro
1517 1173 1592 1193 curn
1616 1162 1719 1192 Adam
1744 1171 1843 1202 quam
1860 1160 1923 1191 filia
1947 1170 2021 1191 cum
2045 1167 2143 1200 patre,
2161 1159 2247 1190 iuxta
2270 1158 2349 1189 illud
2364 1158 2392 1196 *‚
2418 1159 2493 1190 Hoc

1420 1217 1456 1238 os
1479 1217 1521 1238 ex
1543 1207 1666 1238 ossibus
1690 1207 1779 1244 meis,
1797 1211 1827 1236 et
1851 1215 1927 1237 caro
1943 1205 1983 1236 de
1999 1214 2098 1236 carne
2120 1212 2212 1234 mea:
2235 1210 2266 1234 et
2284 1210 2391 1234 tamen
2416 1213 2493 1234 con-

1420 1252 1527 1282 iuncta
1551 1258 1598 1282 est
1621 1251 1666 1281 illi
1690 1251 1722 1281 in
1747 1260 1890 1286 uxorem,
1908 1258 1938 1281 et
1968 1259 2035 1280 non
2059 1248 2207 1279 inhabilis
2230 1255 2296 1278 erat
2318 1248 2359 1278 ad
2383 1247 2493 1278 coniu-

2518 1121 2529 1131 ⁸
2550 1119 2607 1142 Gen.
2630 1124 2682 1147 etp.
2706 1124 2732 1146 n,

2519 1151 2686 1200 Yessidffvm.
2699 1177 2733 1201 ²3-

1421 1296 1521 1337 gium.
1546 1314 1566 1319 -
1591 1299 1657 1326 Aut
1684 1295 1758 1336 quia
1783 1295 1864 1326 dicta
1889 1293 2073 1325 coniunctio
2098 1300 2144 1323 est
2166 1292 2295 1334 propria
2319 1301 2413 1323 causa
2437 1302 2493 1323 na·
2539 1295 2544 1299 '

1421 1341 1531 1372 turalis
1554 1340 1754 1371 reverentiae.
1780 1340 1820 1370 Et
1842 1339 1904 1369 hoc
1929 1349 2006 1370 non.
2031 1338 2116 1376 Quia
2145 1337 2295 1368 naturalis
2323 1336 2495 1368 reverentia

1422 1386 1472 1416 vel
1496 1385 1705 1421 irreverentia,
1723 1394 1804 1425 quae
1824 1384 1953 1424 propria
1974 1383 2054 1414 ratio
2072 1390 2119 1413 est
2141 1381 2345 1412 inhabilitatis
2360 1381 2399 1412 ad
2419 1390 2495 1412 con-

1423 1430 1557 1470 iugium,
1583 1440 1649 1460 non
1673 1429 1768 1459 habet
1791 1439 1850 1468 pro
1875 1428 2006 1469 proprio
2030 1427 2260 1463 fundamento,
2285 1435 2340 1456 seu
2366 1425 2496 1466 propria

1425 1485 1528 1510 causa,
1554 1474 1814 1505 coniunctionem
1838 1483 1894 1514 per
1916 1483 1949 1503 se
1974 1479 2004 1503 et
2027 1472 2246 1502 immediatam
2271 1477 2494 1511 personarum:

1425 1527 1460 1550 ut
1484 1526 1569 1559 patet
1592 1529 1629 1549 ex
1653 1518 1714 1549 hoc
1733 1518 1823 1559 quod
1846 1517 1948 1548 maior
1971 1516 2143 1548 reverentia
2164 1516 2296 1546 debetur
2319 1525 2379 1545 avo
2397 1524 2496 1556 quam

1425 1564 1515 1604 patri,
1534 1570 1564 1593 et
1586 1570 1693 1594 tamen
1717 1572 1792 1593 cum
1807 1572 1867 1592 avo
1885 1572 1950 1592 non
1975 1568 2021 1592 est
2045 1560 2229 1592 coniunctio
2253 1570 2310 1600 per
2325 1570 2358 1590 se
2383 1566 2413 1590 et
2435 1559 2496 1590 im-

1426 1608 1576 1643 mediata,
1601 1608 1655 1638 sed
1682 1617 1737 1648 per
1769 1606 1885 1643 alium,
1910 1606 2040 1642 scilicet,
2067 1605 2226 1635 mediante
2256 1611 2354 1645 patre.
2379 1621 2398 1628 -
2422 1604 2497 1634 Non

1425 1659 1555 1693 apparet
1579 1662 1653 1692 ergo
1678 1652 1763 1682 unde
1787 1651 1867 1682 dicta
1892 1650 2076 1682 coniunctio
2101 1656 2208 1680 causet
2230 1648 2417 1680 huiusmodi
2449 1648 2497 1679 in-

1426 1697 1631 1727 habilitatem.

1481 1741 1563 1771 VIII.
1589 1739 1729 1771 Solvitur
1752 1747 1859 1771 autem
1884 1739 2019 1770 dubium
2052 1739 2114 1769 hoc
2138 1738 2273 1768 dicendo
2301 1737 2390 1778 quod
2415 1737 2498 1768 dicta

1427 1785 1611 1816 coniunctio
1635 1785 1757 1815 ratione
1787 1784 1880 1824 primi
1914 1783 2036 1814 confert
2058 1782 2243 1824 proposito:
2275 1781 2398 1813 ratione
2423 1791 2498 1812 vero

1425 1829 1576 1865 secundi,
1601 1829 1717 1859 directe
1745 1835 1776 1859 et
1806 1827 1970 1859 efficaciter
1993 1834 2040 1858 est
2067 1837 2139 1858 vera
2167 1826 2254 1857 radix
2284 1825 2498 1857 inhabilitatis.

1425 1874 1509 1904 Nam
1534 1884 1571 1904 ex
1594 1874 1656 1904 hoc
1673 1875 1761 1914 quod
1787 1879 1887 1903 mater
1902 1880 1933 1903 et
1948 1871 2033 1902 filius
2049 1878 2124 1902 sunt
2147 1881 2211 1902 una
2228 1881 2312 1907 caro,
2329 1881 2395 1901 non
2419 1880 2496 1912 qua-

1426 1918 1647 1959 litercumque,
1672 1918 1726 1948 sed
1751 1917 1928 1947 secundum
1952 1916 2129 1946 naturalem
2156 1915 2416 1946 coniunctionem
2439 1914 2499 1945 im-

1427 1963 1580 1999 mediate,
1605 1962 1760 2003 quoniam
1784 1960 1868 1992 filius
1892 1971 1930 1992 ex
1959 1960 2068 1991 matris
2097 1960 2272 1991 substantia
2299 1965 2359 1995 est;
2391 1968 2500 1990 conse-

1427 2017 1529 2049 quens
1554 2014 1600 2037 est
1623 2014 1659 2037 ut
1682 2017 1749 2037 non
1773 2005 1835 2036 sint
1858 2005 1978 2036 habiles
2002 2004 2186 2035 naturaliter
2210 2004 2250 2034 ad
2265 2004 2326 2034 hoc
2349 2003 2439 2044 quod
2462 2012 2500 2034 ex

1427 2052 1471 2083 eis
1494 2051 1548 2082 fiat
1573 2052 1611 2082 de
1636 2061 1721 2082 novo
1746 2060 1811 2081 una
1835 2060 1917 2086 caro,
1942 2050 1981 2080 ad
2005 2049 2095 2091 quod
2118 2048 2282 2079 ordinatur
2301 2047 2500 2088 coniugium.

1428 2097 1468 2127 Et
1491 2096 1553 2127 hoc
1576 2096 1715 2136 tangitur
1741 2095 1773 2125 in
1796 2095 1899 2126 verbis
1927 2094 2015 2125 Adae
2046 2103 2120 2124 cum
2145 2092 2303 2124 dicitur*:
2331 2092 2504 2134 Relinquet

1423 2146 1552 2181 patrem
1577 2146 1608 2172 et
1630 2145 1779 2177 matrem,
1805 2149 1879 2170 cum
1903 2139 2021 2180 quibus
2037 2145 2084 2169 est
2107 2138 2208 2169 homo
2231 2137 2415 2168 naturaliter
2437 2146 2503 2168 una

1430 2195 1513 2222 caro,
1537 2190 1568 2216 et
1590 2185 1665 2223 duo,
1686 2184 1742 2225 qui
1767 2194 1832 2215 non
1857 2191 1931 2214 sunt
1955 2193 2019 2214 una
2044 2192 2127 2219 caro,
2145 2187 2242 2213 erunt
2257 2183 2289 2212 in
2305 2191 2405 2213 carne
2424 2190 2500 2213 una.

1429 2231 1470 2261 Et
1486 2230 1562 2260 haec
1579 2229 1710 2270 quidem
1730 2229 1814 2259 bona
1830 2229 1910 2259 ratio
1927 2235 1974 2259 est
1988 2228 2028 2258 ad
2047 2227 2254 2268 propositum
2276 2225 2460 2267 principale.
2479 2242 2502 2250 -

1429 2275 1496 2305 Nec
1520 2281 1566 2305 est
1589 2273 1736 2304 instantia
1767 2273 1806 2303 de
1829 2272 1906 2303 Eva.
1940 2272 2105 2310 Quoniam
2136 2281 2202 2302 non
2226 2271 2409 2302 naturaliter
2438 2277 2504 2302 erat

1432 2329 1495 2349 una
1510 2328 1583 2348 caro
1608 2328 1683 2348 cum
1706 2317 1820 2348 Adam.
1846 2317 1881 2347 ln
1898 2316 2072 2357 praeceptis
2091 2316 2177 2346 enim
2201 2315 2352 2346 naturalis
2371 2315 2449 2346 iuris
2463 2315 2503 2346 ad

1431 2363 1587 2394 naturalia
1611 2369 1738 2402 oportet
1761 2361 1926 2402 inspicere,
1951 2371 2017 2391 non
2041 2360 2081 2390 ad
2105 2359 2268 2390 miracula.

1487 2407 1612 2438 Directa
1634 2413 1741 2437 autem
1766 2405 1950 2437 coniunctio
1967 2413 1997 2436 et
2015 2404 2199 2435 immediata
2222 2413 2431 2444 personarum
2453 2403 2503 2433 in-

1432 2458 1590 2493 quantum
1613 2450 1742 2491 propria
1758 2450 1844 2481 radix
1861 2449 2010 2481 naturalis
2025 2448 2225 2485 reverentiae,
2242 2447 2418 2478 inhabilitat
2435 2457 2504 2488 per-

1433 2507 1527 2527 sonas
1546 2496 1624 2527 tales
1640 2496 1679 2526 ad
1696 2494 1893 2534 coniugium.
1918 2494 1968 2525 Ad
1992 2494 2083 2525 cuius
2098 2492 2298 2529 evidentiam,
2315 2493 2394 2523 scito
2413 2492 2504 2533 quod

1433 2540 1617 2572 coniunctio
1646 2549 1854 2580 personarum
1886 2549 1942 2579 per
1965 2548 1997 2568 se
2022 2546 2052 2569 et
2074 2537 2276 2574 immediata,
2302 2537 2340 2567 de
2371 2546 2435 2578 qua
2458 2543 2505 2567 est

1433 2595 1558 2621 sermo,
1584 2591 1631 2615 est
1654 2583 1837 2615 coniunctio
1866 2582 1996 2622 originis
2026 2582 2192 2613 naturalis:
2217 2588 2248 2612 et
2270 2581 2425 2622 quoniam
2449 2590 2504 2611 na-

1433 2629 1541 2661 turalis
1558 2628 1728 2669 productio
1744 2628 1876 2659 alicuius
1900 2628 1939 2658 ab
1959 2627 2079 2667 aliquo,
2097 2626 2128 2656 in
2147 2626 2311 2657 communi
2327 2625 2504 2666 loquendo,

1434 2681 1538 2715 potest
1554 2684 1621 2704 esse
1638 2683 1694 2714 per
1710 2683 1742 2703 se
1760 2679 1790 2703 et
1805 2682 1860 2713 per
1876 2671 2036 2708 accidens,
2054 2678 2084 2701 et
2107 2681 2216 2701 rursus
2231 2670 2367 2701 mediate
2382 2670 2432 2701 vel
2447 2669 2505 2700 im-

1434 2719 1569 2750 mediate
1593 2717 1656 2761 (sol
1679 2717 1765 2748 enim
1789 2722 1819 2747 et
1841 2717 1935 2747 homo
1957 2720 2119 2757 generant
2141 2715 2312 2752 hominem,
2331 2722 2366 2745 ut
2389 2714 2504 2745 dicitur

1433 2763 1465 2794 in
1490 2763 1515 2794 Il
1535 2763 1663 2804 Physic.
1683 2760 1725 2804 ²⁸⁸).
1749 2761 1821 2792 ideo
1838 2761 1871 2791 in
1888 2761 1989 2792 littera
2006 2767 2172 2801 ponuntur
2195 2759 2396 2790 conditiones
2415 2758 2503 2790 istae.

1435 2808 1480 2838 lta
1503 2807 1592 2849 quod
1623 2815 1832 2847 personarum
1866 2805 2050 2836 coniunctio
2081 2804 2248 2839 naturalis,
2273 2813 2310 2834 ex
2334 2803 2395 2834 hoc
2415 2803 2504 2844 quod

1434 2859 1480 2883 est
1500 2851 1680 2883 secundum
1707 2850 1853 2882 ordinem
1877 2849 2026 2890 originis,
2051 2849 2138 2880 radix
2161 2855 2208 2879 est
2239 2847 2389 2879 naturalis
2418 2857 2504 2878 reve-

1434 2897 1567 2927 rentiae:
1592 2896 1747 2937 quoniam
1772 2904 1907 2935 persona
1931 2901 2057 2926 causata
2086 2893 2268 2924 naturaliter
2291 2902 2324 2923 se
2347 2892 2441 2923 habet
2464 2892 2505 2922 ad

1434 2951 1605 2982 personam
1629 2946 1811 2971 causantem
1835 2939 1936 2980 ipsam
1962 2945 1998 2969 ut
2021 2938 2060 2969 ad
2084 2937 2277 2978 principium
2301 2936 2349 2967 sui
2374 2945 2451 2972 esse,
2469 2945 2504 2966 ac

1434 2996 1490 3026 per
1514 2986 1592 3022 hoc,
1617 2985 1774 3016 honorare
1796 2990 1921 3015 tenetur
1943 2983 2061 3023 ipsam,
2086 2989 2122 3013 ut
2145 2988 2239 3022 patet.
2271 2981 2318 3012 Ex
2345 2980 2406 3011 hoc
2428 2989 2504 3011 vero

1435 3030 1524 3072 quod
1548 3036 1595 3061 est
1617 3029 1698 3061 inter
1721 3036 1858 3059 extrema
1881 3027 1952 3059 talis
1971 3026 2111 3067 originis,
2135 3025 2252 3056 scilicet
2274 3025 2505 3066 producentem

1435 3082 1466 3106 et
1489 3075 1694 3115 productum,
1718 3073 1813 3104 infert
1836 3072 2012 3103 naturalem
2042 3069 2247 3101 reverentiam
2283 3079 2340 3110 per
2369 3079 2402 3100 se
2425 3069 2506 3100 inter

1435 3119 1508 3150 talia
1531 3129 1588 3160 per
1611 3128 1644 3149 se
1667 3124 1804 3149 extrema
1828 3116 1970 3157 originis,
1993 3125 2076 3157 quae
2099 3121 2175 3145 sunt
2198 3121 2286 3154 pater
2309 3123 2344 3144 ac
2360 3121 2461 3144 mater
2476 3120 2507 3144 et

1435 3163 1520 3194 filius
1542 3163 1684 3204 filiaque:
1710 3169 1741 3193 et
1756 3161 1850 3192 infert
1865 3160 2043 3192 naturalem
2067 3157 2274 3189 reverentiam
2289 3168 2346 3199 per
2361 3158 2506 3189 accidens

1435 3208 1517 3239 inter
1540 3215 1678 3240 extrema
1701 3216 1757 3247 per
1780 3205 1924 3237 accidens
1947 3204 2049 3235 dictae
2072 3203 2212 3243 originis,
2237 3212 2320 3243 quae
2343 3209 2418 3234 sunt
2440 3209 2506 3233 tam

1437 3262 1514 3284 avus
1537 3262 1636 3294 quarn
1659 3251 1744 3287 avia,
1769 3257 1800 3281 et
1823 3257 1889 3282 tam
1918 3258 2018 3289 nepos
2045 3257 2155 3288 quam-
2172 3247 2284 3288 neptis.
2321 3247 2505 3278 Secundum

1436 3307 1575 3337 namque
1599 3302 1716 3327 rectam
1739 3293 1988 3335 philosophiam,
2004 3293 2115 3323 Petrus
2139 3298 2186 3322 est
2208 3301 2264 3332 per
2280 3301 2313 3322 se
2329 3292 2505 3332 productus

1437 3351 1454 3372 a
1478 3347 1565 3382 patre
1589 3347 1620 3371 et
1642 3346 1741 3370 matre
1771 3348 1845 3374 sua,
1869 3337 1924 3368 sed
1947 3346 2004 3378 per
2035 3335 2180 3367 accidens
2207 3337 2246 3367 ab
2275 3345 2335 3366 avo
2369 3343 2399 3366 et
2426 3335 2505 3371 avia,

1437 3385 1592 3426 quoniam
1621 3383 1732 3415 accidit
1761 3382 1844 3423 patri
1876 3391 1949 3412 meo
1982 3387 2018 3412 ut
2040 3381 2108 3421 ipse
2142 3381 2255 3411 habeat
2281 3380 2332 3411 vel
2363 3379 2507 3411 habuerit

1438 3436 1559 3470 patrem
1582 3435 1613 3460 et
1636 3434 1787 3459 matrem:
1812 3426 1891 3457 nihil
1914 3425 1999 3456 enim
2024 3425 2131 3455 minus
2154 3425 2245 3461 Abel,
2271 3424 2352 3456 Cain
2377 3431 2407 3455 et
2430 3423 2506 3455 Seth

1437 3473 1567 3504 fuerunt
1581 3472 1637 3504 filii
1653 3471 1742 3503 Adae
1761 3477 1792 3502 et
1811 3470 1895 3501 Evae
1911 3479 2009 3511 quam
2026 3469 2050 3499 si
2068 3469 2250 3500 habuissent
2266 3479 2342 3500 avos
2359 3475 2389 3499 et
2405 3468 2505 3504 avim

1437 3525 1511 3549 sunt
1535 3517 1631 3552 enim,
1648 3515 1734 3556 apud
1758 3514 1981 3555 philosophos,
2006 3521 2036 3544 et
2059 3514 2149 3550 bene,
2166 3523 2279 3544 omnes
2296 3513 2346 3544 avi
2365 3520 2396 3543 et
2419 3512 2506 3543 aviae

1437 3572 1548 3593 causae
1573 3571 1628 3601 per
1656 3560 1800 3591 accidens
1831 3558 1992 3589 ordinatae
2025 3565 2168 3599 respectu
2197 3557 2271 3589 mei.
2305 3557 2347 3588 Et
2375 3556 2450 3597 quia
2473 3555 2505 3586 id

2528 2096 2539 2108 ⁸
2551 2094 2620 2122 lbid..
2635 2101 2694 2118 ven.
2705 2101 2741 2123 ²4·

2531 2769 2548 2817 ’s
2605 2783 2616 2816 “.
2626 2772 2690 2816 ¹1¹3·
2697 2772 2744 2815 12¹5*

2533 3571 2543 3581 ⁸
2555 3569 2654 3592 Arimt.
2668 3568 2746 3591 Heu-

1436 3607 1524 3647 quod
1548 3613 1594 3637 est
1618 3614 1674 3645 per
1696 3603 1839 3635 accidens
1864 3603 2040 3634 excluditur
2062 3603 2102 3633 ab
2125 3609 2190 3633 arte
2204 3602 2231 3638 ⁴⁸,
2257 3608 2287 3633 et
2309 3611 2327 3632 a
2346 3600 2469 3631 fortiori
2487 3609 2505 3630 a
2529 3595 2745 3645 fihgstgbssgffffi

1437 3658 1557 3684 natura.
1578 3649 1732 3691 quoniam
1758 3655 1868 3678 natura
1891 3657 2003 3687 parens
2024 3654 2070 3677 est
2087 3646 2180 3682 artis;
2205 3645 2278 3676 ideo
2298 3644 2506 3676 solummodo

2533 3638 2572 3671 nb.
2593 3648 2633 3676 vt,
2653 3649 2705 3671 Ιαα.
2720 3653 2745 3670 ιι.
