2768 4198
850 265 1119 311 QUAESTIO
1152 265 1359 312 CXXVIII,

333 345 386 376 Ad
410 343 587 375 secundum
604 344 718 374 dicitur
734 344 823 384 quod
848 344 937 374 tertia
962 354 1032 384 pars
1050 344 1272 380 antecedentis,
1293 344 1352 374 sci-

277 390 359 426 licet,
384 394 414 420 et
435 394 512 420 sunt
534 389 638 428 specie
660 388 818 426 distincti,
844 388 908 418 iam
933 388 1077 419 distincta
1109 396 1155 419 est
1183 389 1352 429 quomodo

278 444 351 465 vera
371 440 401 464 et
420 432 590 474 quomodo
608 432 685 463 falsa
702 440 757 463 est.
782 450 804 455 -
827 435 874 463 Ac
894 443 950 473 per
966 433 1037 469 hoc,
1055 440 1167 473 quarta
1183 443 1254 473 pars
1271 433 1352 464 eius—

279 479 353 510 dem
384 485 430 508 est
453 477 638 518 simpliciter
661 476 754 513 falsa,
781 477 899 508 scilicet
927 478 1016 518 quod
1041 478 1263 509 contineantur
1294 479 1352 508 sub

279 522 465 554 fortitudine
490 529 525 552 ut
548 521 698 552 inferiora
722 522 781 552 sub
805 521 969 562 superiore
994 522 1165 553 essentiali:
1191 522 1272 553 sicut
1296 532 1354 553 nec

279 578 334 599 cor
355 575 386 598 et
409 567 509 607 hepar
531 565 673 596 hominis
698 567 757 596 sub
781 566 921 597 homine.
947 567 998 597 Ad
1021 567 1256 607 probationem,
1279 577 1353 598 cum

278 612 402 648 dicitur,
423 611 637 642 Continentur
652 611 711 641 sub
731 611 791 641 hoc
805 613 968 646 communi
990 612 1075 652 quod
1098 617 1144 643 est
1168 613 1281 649 virtus,
1300 622 1353 642 ne-

278 663 379 697 gatur.
412 656 455 687 Ut
478 656 566 687 enim
596 662 683 696 patet
706 665 744 685 ex
766 655 869 686 verbis
892 658 1042 687 Auctoris
1066 657 1104 687 ab
1129 663 1280 696 arguente
1310 656 1354 686 al·
1379 657 1380 660 ’

278 701 364 738 latis,
390 700 469 731 nihil
491 701 611 731 horum
635 707 775 740 quatuor
798 707 845 731 est
873 701 1001 740 proprie
1024 701 1134 731 virtus.
1160 719 1179 723 —
1203 701 1254 731 Ad
1278 711 1355 732 con-

277 745 493 776 firmationem
516 755 553 776 ex
577 745 680 775 verbis
703 745 852 776 Auctoris
877 745 991 776 dicitur
1009 746 1099 786 quod
1122 745 1183 776 ista·
1204 752 1352 786 quatuor,

279 797 439 821 contracta
462 790 502 820 ad
526 790 691 820 materiam
708 789 911 825 fortitudinis,
930 800 994 820 non
1019 798 1093 821 sunt
1113 790 1255 828 virtutes,
1280 800 1353 830 pro-

279 835 345 875 prie
368 835 550 876 loquendo;
576 845 634 865 nec
654 841 729 865 sunt
744 834 875 865 virtutes
900 834 1076 871 adiunctae,
1101 845 1159 865 nec
1183 843 1353 874 separatae,

279 889 336 910 nec
361 886 528 910 contentae
551 880 610 910 sub
635 888 687 915 ea;
713 879 768 909 sed
792 887 866 910 sunt
890 879 1090 910 conditiones
1114 879 1247 915 virtutis,
1267 879 1355 910 velut

278 931 383 964 partes
406 924 517 964 ipsius.
991 935 993 937 ·

334 969 386 999 Ad
409 969 538 1000 tertium
558 968 672 1000 dicitur
695 969 784 1009 quod
809 968 954 999 distincta
978 968 1058 998 inter
1082 977 1114 998 se
1130 968 1235 1008 specie
1250 967 1354 1007 dupli-

280 1013 355 1044 citer
379 1021 470 1044 sunt:
496 1013 692 1054 simpliciter,
710 1020 741 1044 et
767 1020 802 1044 ut
824 1019 943 1053 partes.
969 1013 1029 1043 Ista
1050 1018 1190 1052 quatuor
1213 1019 1288 1042 sunt
1311 1021 1355 1042 se-

279 1058 386 1089 cundo
413 1059 513 1089 modo
537 1065 662 1090 tantum
687 1058 833 1089 distincta
856 1057 937 1088 inter
960 1066 993 1087 se
1020 1056 1138 1096 specie:
1164 1063 1194 1086 et
1218 1063 1293 1087 sunt
1308 1056 1355 1086 in-

279 1102 427 1134 distincta
450 1102 554 1144 specie
579 1103 764 1143 simpliciter
779 1113 796 1133 a
814 1101 1011 1133 fortitudine.
1037 1101 1078 1131 Et
1097 1107 1264 1141 propterea
1288 1110 1353 1130 non

279 1148 423 1189 sequitur
437 1148 614 1185 conclusio,
634 1158 717 1189 quae
733 1146 848 1187 accipit
871 1145 1023 1186 distingui
1039 1145 1144 1185 specie
1160 1155 1227 1175 uno
1243 1145 1354 1181 modo,

279 1192 396 1224 scilicet
420 1193 614 1233 simpliciter.

337 1237 378 1268 Et
401 1248 456 1278 per
481 1238 558 1269 haec
581 1243 669 1279 patet
691 1235 858 1276 responsio
883 1235 924 1265 ad
942 1241 1105 1275 quartum,
1129 1233 1355 1273 distinguendo

280 1282 319 1312 de
343 1281 601 1319 distinctione-et
623 1279 787 1312 identitate
811 1278 956 1320 specifica
973 1279 1128 1314 absolute,
1146 1285 1177 1308 et
1193 1284 1229 1308 ut
1252 1284 1356 1318 partes

279 1332 366 1358 smil}
805 1344 809 1346 ·

336 1372 419 1403 VIII.
443 1373 496 1403 Ad
519 1371 648 1404 tertium
673 1369 810 1400 dubium
824 1368 842 1388 *
865 1367 981 1399 dicitur
1004 1367 1094 1408 quod
1118 1367 1232 1407 procul
1256 1367 1355 1397 dubio

280 1426 386 1447 sermo
411 1423 457 1448 est
481 1417 520 1448 de
542 1414 673 1447 materia
692 1413 918 1454 specialissima
934 1412 967 1443 in
984 1422 1051 1442 esse
1075 1411 1199 1442 morali.
1226 1411 1272 1442 Ex
1293 1422 1358 1442 ma-

279 1460 375 1492 teriae
405 1462 491 1492 enim
512 1460 593 1492 circa
621 1469 721 1500 quam
745 1465 791 1488 est
813 1457 914 1489 virtus
945 1456 1067 1487 unitate
1091 1456 1123 1486 in
1148 1466 1216 1487 esse
1243 1456 1357 1488 morali

281 1505 418 1536 sumitur
441 1505 544 1536 unitas
567 1503 705 1536 virtutis:
720 1503 782 1538 ,ita
810 1503 900 1543 quod
924 1501 1028 1532 unitas
1057 1500 1186 1532 rationis
1215 1500 1358 1532 formalis
1382 1515 1384 1538 π,

281 1550 430 1581 materiae
453 1551 540 1581 circa
556 1559 652 1590 quam
677 1548 730 1578 dat
746 1547 900 1578 unitatem
916 1546 1035 1577 virtuti.
1061 1546 1101 1576 Et
1117 1546 1273 1586 quoniam
1291 1556 1358 1576 esse
1383 1551 1384 1586 j

280 1595 401 1625 morale
425 1594 597 1626 attenditur
619 1603 717 1634 penes
741 1602 808 1623 esse
832 1592 1012 1622 secundum
1036 1591 1203 1627 rationem,
1224 1590 1296 1621 ideo
1321 1601 1358 1622 ex

280 1639 342 1671 hoc
365 1640 455 1680 quod
478 1639 619 1680 pericula
646 1637 784 1668 maxima
808 1645 838 1668 et
862 1636 1002 1677 optima,
1028 1642 1063 1667 ut
1091 1636 1227 1666 subsunt
1256 1643 1358 1667 rectae

279 1683 414 1721 rationi,
450 1694 548 1714 unam
582 1681 807 1714 indivisibilem
840 1681 1015 1712 formaliter
1050 1680 1167 1711 habent
1200 1680 1358 1711 rationem

280 1738 378 1770 quare
402 1729 504 1759 homo
527 1727 657 1758 viriliter
680 1737 713 1757 se
737 1726 832 1757 habet
855 1727 895 1757 ad
919 1737 965 1762 ea,
990 1725 1188 1762 sustinendo,
1213 1725 1357 1756 timendo
1383 1738 1385 1745 ⁴

280 1783 316 1805 ac
340 1774 505 1810 audendo;
538 1773 611 1803 ideo
636 1771 862 1812 specialissima
890 1771 1010 1811 species
1037 1770 1168 1811 ponitur
1192 1769 1357 1801 fortitudo.

336 1817 378 1850 Et
400 1827 476 1849 cum
500 1824 609 1850 contra
626 1817 688 1847 hoc
704 1816 853 1847 obiicitur
869 1815 959 1857 quod
974 1815 1036 1846 hoc
1054 1822 1119 1845 erat
1135 1815 1356 1855 probandum:
1383 1817 1385 1843 I

281 1863 492 1904 respondetur
515 1862 605 1903 quod
629 1861 704 1902 quia
729 1861 790 1891 hoc
807 1868 853 1891 est
878 1859 1061 1891 confessum
1086 1859 1310 1895 communiter,
1329 1866 1359 1890 et
1383 1872 1385 1884 1

281 1918 299 1939 a
322 1907 468 1948 Principe
483 1906 779 1947 Peripateticorum,
797 1915 834 1935 ex
852 1905 892 1935 111
909 1905 1013 1935 Ethic.
1030 1903 1056 1940 *‚
1083 1911 1266 1944 acceptum;
1291 1906 1356 1934 Au-

248 1957 253 1962 “
282 1958 350 1983 ctor
373 1959 409 1983 ut
433 1951 617 1983 confessum
641 1949 856 1981 communiter
886 1948 1074 1989 assumpsit,
1099 1949 1219 1989 absque
1242 1949 1356 1988 proba-

282 1996 370 2027 tione
394 1996 464 2027 alia.
489 1996 530 2026 Et
554 1995 685 2036 quidem
705 1995 794 2035 quod
814 1993 954 2034 pericula
977 1993 1116 2024 maxima
1131 2003 1197 2023 non
1221 1993 1358 2024 habeant

261 2052 266 2058 ·
283 2041 439 2071 moralem
463 2040 710 2070 divisibilitatem
726 2039 904 2069 secundum
921 2037 1060 2079 speciem
1081 2037 1274 2079 inquantum
1290 2048 1356 2068 ma-
1383 2042 1385 2050 ¹

282 2085 376 2121 xima,
395 2095 432 2116 ex
454 2094 493 2115 eo
518 2091 604 2125 patet
618 2084 708 2125 quod
732 2083 827 2114 unius
852 2083 950 2113 moris
974 2089 1030 2119 est,
1047 2082 1295 2124 quomodolibet
1310 2093 1356 2113 se·
1383 2094 1385 2109 ÷

283 2130 427 2161 cundum
450 2139 517 2160 esse
542 2136 671 2160 naturae
694 2128 879 2159 huiusmodi
904 2127 1043 2168 pericula
1066 2127 1240 2163 varientur,
1265 2127 1357 2158 susti-

283 2183 370 2205 nere:
402 2183 469 2204 non
493 2173 578 2204 enim
608 2173 701 2204 refert
731 2172 906 2203 formaliter
934 2172 973 2202 ad
1004 2178 1122 2202 rectam
1150 2171 1307 2202 rationem
1331 2172 1357 2202 si

283 2219 376 2255 ferro,
393 2218 419 2250 si
434 2218 533 2259 ligno,
551 2218 576 2249 si
590 2218 663 2258 igne
679 2224 735 2248 aut
749 2227 832 2258 aqua
855 2216 1045 2247 immineant
1063 2216 1202 2246 maxima
1217 2216 1358 2256 pericula

282 2264 322 2295 ad
345 2273 428 2304 quae
452 2269 599 2304 oporteat
620 2261 748 2292 viriliter
772 2271 805 2292 se
828 2261 953 2297 habere,
978 2261 1033 2291 sed
1058 2260 1259 2292 materialiter
1280 2261 1357 2292 haec

283 2318 315 2339 se
338 2307 466 2339 habent.
489 2307 530 2338 Et
553 2306 697 2338 similiter
721 2305 760 2336 ad
784 2305 980 2336 materialem
1005 2305 1212 2336 differentiam
1238 2312 1359 2346 spectat

282 2352 372 2394 quod
395 2351 534 2382 maxima
557 2351 698 2392 pericula
714 2357 789 2381 sunt
812 2350 935 2391 optima
959 2360 995 2380 ex
1019 2350 1131 2380 ordine
1154 2350 1192 2380 ad
1210 2350 1291 2381 hanc
1308 2350 1358 2381 vel

280 2397 368 2428 illam
383 2396 543 2432 virtutem,
561 2402 639 2436 puta
655 2395 829 2426 castitatem
846 2395 896 2425 vel
915 2394 1079 2426 iustitiam.
1101 2394 1256 2426 Consistit
1271 2395 1358 2426 enim

281 2441 415 2472 formale
438 2440 535 2471 huius
550 2440 702 2471 materiae
717 2440 750 2470 in
766 2440 829 2470 hoc
852 2440 941 2481 quod
957 2439 1097 2480 pericula
1121 2446 1195 2470 sunt
1219 2440 1358 2470 maxima

281 2493 312 2517 et
335 2486 474 2526 optima:
507 2486 735 2526 undecumque
765 2492 873 2516 autem
897 2484 960 2515 sint
991 2484 1114 2525 optima
1144 2484 1357 2522 materialiter,

281 2530 483 2562 concluditur
515 2530 574 2560 sub
603 2529 656 2560 illa
686 2529 781 2560 unica
810 2529 933 2560 ratione
962 2529 1089 2560 formali
1118 2539 1182 2570 qua
1205 2537 1280 2561 sunt
1303 2540 1358 2570 pe-

281 2575 379 2606 ricula
409 2575 547 2605 maxima
579 2581 609 2605 et
639 2574 771 2615 optima.
806 2574 847 2604 Et
870 2581 1026 2605 vocantur
1054 2574 1177 2614 optima
1211 2581 1357 2615 respectu

280 2621 443 2651 bonorum
466 2627 532 2650 tam
549 2618 785 2649 delectabilium
801 2629 899 2659 quam
916 2618 1059 2649 utilium:
1085 2618 1247 2659 optimum
1271 2619 1358 2649 enim

280 2674 381 2705 genus
404 2664 482 2694 boni
507 2670 553 2694 est
576 2664 701 2694 bonum
720 2663 907 2700 honestum,
933 2673 1083 2703 magnam
1107 2670 1214 2694 tamen
1238 2663 1358 2695 habens

281 2709 363 2740 infra
387 2718 484 2739 suum
507 2718 609 2748 genus
632 2708 844 2739 latitudinem.

338 2754 429 2785 Unde
453 2760 540 2794 patet
561 2753 680 2783 solutio
706 2753 864 2783 secundae
887 2752 1087 2784 obiectionis.
1114 2753 1193 2783 Istae
1218 2762 1359 2794 namque

281 2798 472 2829 differentiae
488 2798 643 2829 virtutum
668 2808 705 2828 ex
721 2797 839 2838 quibus
862 2797 1003 2837 pericula
1023 2797 1161 2827 maxima
1185 2804 1259 2828 sunt
1275 2797 1358 2838 opti·
1384 2828 1386 2835 ,

282 2853 343 2879 ma,
369 2843 441 2874 licet
464 2843 527 2873 sint
550 2842 687 2872 morales
712 2849 742 2872 et
766 2842 916 2872 formales
939 2841 972 2872 in
997 2852 1039 2878 se,
1062 2851 1128 2871 non
1152 2850 1227 2873 sunt
1250 2849 1358 2873 tamen

281 2887 445 2924 formales,
471 2888 526 2918 sed
550 2887 742 2922 materiales,
768 2893 911 2927 respectu
936 2886 1042 2922 huius,
1068 2886 1185 2917 scilicet
1209 2887 1358 2918 materiae
1384 2907 1386 2928 ,ι

281 2934 369 2964 circa
385 2942 481 2973 quam
503 2931 715 2962 fortitudinis:
741 2931 1019 2972 quemadmodum
1036 2930 1250 2961 masculinum
1268 2939 1298 2962 et
1314 2932 1357 2962 fe-
1384 2962 1386 2968 ,

282 2977 443 3008 mininum
467 2976 589 3007 suntin
614 2987 646 3007 se
664 2976 854 3007 differentiae
872 2975 1047 3006 materiales
1072 2983 1102 3006 et
1125 2975 1290 3012 formales,
1311 2987 1357 3007 re-

281 3029 391 3063 spectu
416 3029 522 3053 tamen
533 3021 656 3062 „speciei
671 3021 832 3052 humanae
855 3027 930 3051 sunt
954 3019 1145 3051 differentiae
1169 3021 1356 3052 materiales.

337 3066 392 3097 IX.
416 3067 467 3097 Ad
500 3073 652 3107 quartum
683 3066 820 3096 dubium
835 3065 853 3084 *
877 3075 914 3095 ex
936 3065 1085 3101 Martino,
1116 3071 1226 3095 contra
1249 3065 1358 3096 distin-

281 3111 421 3142 ctionem
444 3111 585 3152 partium
608 3111 811 3151 integralium
834 3121 851 3140 a
875 3110 1017 3150 partibus
1041 3109 1268 3150 potentialibus
1291 3109 1357 3140 for-

281 3155 436 3192 titudinis,
457 3155 571 3187 dicitur
594 3156 684 3197 quod
701 3155 805 3186 maior
828 3161 874 3185 est
898 3154 985 3185 falsa.
1010 3154 1051 3185 Et
1065 3155 1146 3184 bene
1169 3154 1289 3184 ibidem
1309 3164 1355 3185 re-

282 3199 458 3240 spondetur
488 3200 529 3230 ad
558 3199 646 3231 illam
677 3200 843 3230 maiorem.
876 3200 951 3230 Pars
982 3199 1142 3239 siquidem
1175 3199 1358 3238 potentialis

283 3243 448 3275 ordinatur
470 3245 509 3275 ad
534 3244 764 3285 perficiendum
783 3251 892 3275 actum
915 3243 1149 3279 secundarium,
1164 3243 1216 3273 vel
1238 3243 1270 3273 in
1291 3253 1357 3273 ma-

283 3288 360 3319 teria
383 3289 585 3320 secundaria:
610 3289 653 3320 ita
676 3290 765 3330 quod
787 3289 917 3319 sortitur
939 3288 1104 3329 propriam
1128 3287 1357 3328 perfectionem

283 3333 315 3362 in
338 3332 395 3363 illo
426 3340 498 3364 actu
516 3334 568 3364 vel
590 3334 738 3371 materia,
764 3334 860 3365 etiam
883 3333 909 3363 si
934 3343 990 3374 per
1013 3333 1211 3363 intellectum
1238 3333 1356 3363 abstra-

283 3377 431 3407 heremus
455 3377 600 3408 ordinem
624 3378 664 3408 ad
683 3385 790 3410 actum
810 3388 866 3409 seu
890 3377 1056 3408 materiam
1073 3376 1281 3418 principalem
1289 3386 1297 3413 ;
1322 3383 1358 3408 ut

283 3428 370 3461 patet
393 3421 432 3451 de
456 3421 584 3452 eubulia
614 3430 758 3463 respectu
788 3422 929 3459 consilii,
955 3429 986 3453 et
1009 3421 1152 3463 potentia
1181 3421 1357 3461 vegetativa
1384 3453 1386 3465 ί

283 3472 427 3506 respectu
456 3465 581 3496 animae
609 3467 827 3498 intellectivae.
857 3468 932 3498 Pars
960 3477 1036 3497 vero
1067 3466 1226 3507 integralis
1250 3473 1358 3496 actum

283 3521 379 3541 suum
404 3510 497 3551 ponit
527 3511 608 3541 circa
635 3517 743 3542 actum
775 3522 831 3543 seu
862 3511 1027 3543 materiam
1056 3511 1282 3551 principalem,
1315 3511 1358 3541 ita

283 3555 372 3596 quod
397 3555 464 3585 sine
488 3561 559 3585 actu
583 3565 640 3585 seu
664 3556 794 3587 materia
816 3556 983 3596 principali
1006 3556 1085 3586 nihil
1113 3556 1357 3597 quodammodo

284 3606 342 3630 est:
368 3606 404 3630 ut
427 3605 512 3639 patet
528 3599 567 3629 de
592 3600 747 3630 memoria
761 3607 905 3640 respectu
926 3600 1050 3631 consilii
1074 3610 1130 3630 seu
1150 3600 1269 3637 iudicii,
1287 3607 1356 3636 etc„

283 3651 313 3675 et
337 3644 459 3675 cautela
483 3653 518 3674 ac
542 3643 826 3684 circumspectione
849 3651 993 3685 respectu
1018 3645 1187 3685 praecepti.

1389 265 1688 302 ARTICULUS
1719 264 1912 301 UNICUS
2433 265 2476 301 55

1463 345 1503 375 Et
1527 344 1565 374 ad
1590 343 1732 384 primum
1755 344 1788 374 in
1809 343 1998 384 oppositum
2025 343 2139 373 dicitur
2162 343 2252 383 quod
2280 344 2479 381 nutritivum,

1408 389 1594 420 sensitivum
1618 395 1648 419 et
1671 388 1900 419 intellectivam
1924 387 2085 428 tripliciter
2103 394 2287 418 sumuntur:
2313 388 2427 427 primo,
2446 395 2481 419 ut

1408 440 1483 464 sunt
1506 433 1646 470 animae;
1676 434 1828 469 secundo,
1847 440 1883 463 ut
1913 439 1987 463 sunt
2009 432 2125 472 gradus
2148 432 2340 468 viventium;
2370 433 2479 469 tertio,

1409 485 1443 509 ut
1473 484 1548 508 sunt
1578 478 1749 518 potentiae.
1780 477 1888 508 Primo
1919 477 2019 507 modo
2051 484 2126 507 sunt
2158 483 2261 516 partes
2291 476 2480 508 subiectivae

1407 522 1545 558 animae;
1571 523 1723 559 secundo,
1741 528 1815 553 sunt
1831 528 1934 562 partes
1951 521 2141 552 subiectivae
2156 522 2272 561 gradus
2288 521 2479 557 viventium;

1407 567 1510 604 tertio,
1527 573 1601 598 sunt
1616 574 1720 607 partes
1736 566 1927 598 subiectivae
1943 566 2161 607 potentiarum
2177 566 2312 602 animae,
2330 573 2365 596 ut
2381 566 2482 596 alibi*

1408 611 1519 642 diffuse
1542 611 1650 642 habes.
1676 612 1712 642 In
1736 611 1903 651 proposito
1926 621 2001 651 ergo
2026 611 2214 642 nutritivum
2233 617 2264 641 et
2283 610 2479 646 sensitivum,

1409 663 1444 687 ut
1463 656 1666 687 continentur
1688 656 1721 686 in
1744 656 1935 686 intellectiva
1958 655 2065 686 anima
2086 655 2354 696 quemadmodum
2379 656 2478 696 trigo-

1408 711 1484 732 num
1509 702 1542 731 in
1567 706 1749 741 tetragono,
1775 707 1810 731 ut
1834 700 1949 731 dicitur
1971 700 2002 730 in
2028 700 2054 730 11
2079 700 2119 731 de
2141 700 2258 731 Anima
2274 699 2307 735 ’ᾗ
2333 699 2481 730 dicuntur

1408 752 1511 786 partes
1534 745 1723 785 potentiales
1739 744 1863 775 animae
1886 744 2103 776 intellectivae.
2129 745 2169 776 Et
2185 744 2228 775 sic
2252 751 2376 775 constat
2392 745 2480 785 quod

1408 789 1595 820 ordinantur
1619 790 1658 819 ad
1681 796 1769 820 actus
1786 789 1989 820 secundarios
2004 789 2128 820 animae
2151 789 2374 820 intellectivae:
2400 799 2480 830 quo-

1409 834 1494 864 niam
1510 834 1549 864 ad
1567 840 1656 864 actus
1671 834 1840 864 servientes
1860 834 1986 864 animae
2001 833 2209 864 intellectivae
2229 841 2265 864 ut
2280 833 2334 864 sic.
2359 834 2480 871 Quam-

1408 879 1453 909 vis
1477 878 1681 914 sensitivum,
1707 886 1743 909 ut
1774 887 1820 909 est
1843 878 1949 908 anima
1984 889 2039 909 seu
2069 879 2184 918 gradus
2212 888 2372 914 seorsum,
2397 878 2480 908 ordi-

1408 930 1501 953 netur
1524 924 1564 952 ad
1587 922 1796 962 principalem
1820 930 1938 953 actum.

1464 969 1515 997 Ad
1539 967 1718 997 secundum
1748 966 1862 997 dicitur
1885 967 1975 1007 quod
2004 967 2120 997 falsum
2145 974 2191 997 est
2221 968 2311 1007 quod
2341 967 2481 1003 eubulia,

1408 1011 1528 1051 synesis
1552 1017 1583 1041 et
1605 1021 1724 1050 gnome
1749 1010 1937 1041 ordinentur
1960 1011 1999 1040 ad
2023 1018 2111 1042 actus
2135 1011 2325 1051 principales
2344 1012 2482 1051 pruden-

1408 1055 1479 1086 tiae.
1510 1054 1708 1086 Ordinantur
1737 1055 1822 1085 enim
1854 1055 1893 1085 ad
1922 1062 2010 1085 actus
2042 1055 2255 1087 ministrantes
2279 1056 2481 1095 prudentiae:

1409 1106 1532 1130 constat
1555 1105 1663 1130 autem
1683 1106 1771 1130 actus
1795 1099 2014 1130 ministeriales
2031 1109 2098 1130 esse
2122 1110 2188 1131 non
2212 1100 2410 1140 principales,
2428 1101 2482 1130 sed

1380 1152 1382 1158 ’
1409 1143 1624 1175 secundarios.
1649 1161 1667 1166 -
1691 1144 1732 1174 Et
1754 1144 1793 1174 ad
1813 1143 2046 1184 probationem,
2074 1145 2200 1180 scilicet,
2225 1144 2414 1185 Intelligere
2437 1150 2483 1176 est

1381 1187 1382 1192 ¹
1409 1194 1501 1219 actus
1518 1188 1754 1228 principalior:
1784 1194 1890 1219 tamen
1915 1190 2035 1219 sentire
2054 1194 2101 1219 est
2123 1194 2216 1220 actus
2245 1190 2340 1219 etiam
2359 1190 2482 1229 princi-

1406 1233 1492 1273 palis
1516 1233 1577 1273 ipsi
1599 1234 1743 1270 animae,
1769 1232 1834 1263 iarn
1858 1233 1980 1263 dictum
2009 1240 2055 1263 est
2078 1234 2168 1274 quod
2195 1233 2309 1263 sentire
2340 1240 2371 1264 et
2393 1233 2483 1264 intel—

1409 1277 1504 1317 ligere
1520 1284 1664 1317 respectu
1682 1276 1864 1307 animarum
1879 1277 2088 1308 intellectivae
2111 1287 2256 1308 seorsum
2274 1284 2304 1308 et
2319 1277 2484 1308 sensitivae

1411 1332 1566 1358 seorsum,
1587 1329 1662 1352 sunt
1686 1321 1873 1361 principales
1898 1329 1986 1352 actus
2010 1322 2152 1352 animae:
2178 1322 2232 1352 sed
2254 1329 2396 1362 respectu
2422 1322 2486 1352 ani-

1411 1376 1482 1397 mae
1505 1366 1713 1397 intellectivae
1738 1366 1928 1397 continentis
1945 1366 1978 1396 id
1994 1367 2083 1407 quod
2101 1373 2148 1397 est
2171 1366 2347 1403 sensitivae,
2371 1367 2485 1397 sentire

1410 1419 1456 1442 est
1473 1411 1678 1442 secundarius
1695 1417 1782 1441 actus
1793 1434 1800 1447 ,
1821 1411 1896 1452 quia
1912 1411 2146 1442 adminiculum
2160 1411 2338 1442 intellectus
2355 1418 2414 1446 est;
2439 1411 2484 1441 in-

1411 1456 1549 1496 telligere
1573 1463 1682 1486 autem
1707 1461 1737 1486 et
1760 1455 1851 1492 velle,
1872 1462 1902 1486 et
1926 1455 2144 1486 universaliter
2167 1463 2255 1487 actus
2278 1455 2485 1486 intellectivae

1411 1501 1507 1542 partis
1531 1500 1648 1537 solum,
1673 1507 1748 1531 sunt
1770 1500 1960 1540 principales
1984 1507 2083 1531 actus.

1466 1546 1518 1576 Ad
1541 1545 1680 1582 tertium,
1706 1551 1838 1585 negatur
1862 1546 2050 1576 antecedens
2074 1544 2301 1575 universaliter.
2326 1546 2376 1575 Ad
2396 1545 2487 1575 cuius

1383 1587 1385 1617 Ι
1412 1590 1613 1626 evidentiam,
1639 1596 1766 1630 oportet
1790 1590 1949 1620 advertere
1974 1590 2063 1631 quod
2086 1590 2156 1620 illas
2181 1597 2256 1620 octo
2280 1596 2384 1629 partes
2408 1589 2485 1631 inte-

1411 1635 1511 1676 grales
1528 1634 1714 1676 prudentiae
1731 1634 1904 1674 superius*
1920 1635 2091 1675 assignatas
2105 1644 2171 1664 non
2189 1634 2352 1674 deputavit
2366 1636 2488 1664 Auctor

1412 1680 1598 1721 prudentiae
1622 1687 1658 1710 ut
1681 1679 1887 1719 distinguitur
1918 1686 2027 1710 contra
2058 1679 2222 1710 adiunctas
2251 1679 2308 1709 sibi
2339 1678 2486 1714 virtutes,

1411 1725 1529 1756 scilicet
1552 1734 1709 1765 gnomen,
1734 1723 1872 1765 synesim
1899 1731 1928 1755 et
1952 1723 2131 1755 eubuliam:
2157 1724 2212 1754 sed
2236 1723 2405 1764 quasdam,
2430 1723 2487 1753 sci—

1412 1770 1484 1801 licet
1508 1777 1569 1800 tres
1594 1779 1704 1800 earum
1728 1775 1866 1807 tantum,
1882 1769 1991 1809 posuit
2014 1769 2168 1808 integrare
2187 1767 2389 1808 prudentiam
2415 1778 2488 1808 pro-

1412 1814 1478 1855 prie
1503 1814 1631 1850 dictam,
1653 1813 1832 1844 distinctam
1857 1814 1895 1844 ab
1920 1813 1987 1844 aliis
2005 1820 2040 1844 ut
2056 1812 2237 1853 principalis
2256 1812 2356 1844 virtus
2381 1813 2488 1843 distin-

1412 1859 1519 1899 guitur
1543 1869 1560 1888 a
1585 1858 1643 1888 sibi
1668 1857 1834 1889 adiunctis.
1866 1858 1907 1888 Et
1934 1865 2101 1898 propterea
2125 1858 2164 1888 de
2184 1857 2246 1887 illis
2270 1857 2386 1894 tribus,
2411 1864 2488 1898 puta

1413 1903 1707 1943 circumspectione,
1726 1902 1858 1938 cautela,
1876 1909 1946 1939 etc.,
1971 1902 2147 1943 loquendo,
2165 1902 2279 1932 dicitur
2302 1902 2391 1943 quod
2415 1909 2490 1933 sunt

1412 1947 1492 1978 circa
1526 1954 1635 1979 actum
1666 1947 1854 1987 prudentiae
1889 1947 2115 1987 principalem,
2144 1946 2262 1977 scilicet
2292 1947 2489 1987 praecipere,

1413 1992 1492 2023 circa
1516 2002 1613 2033 quem
1642 1992 1730 2022 nulla
1755 1998 1801 2023 est
1828 2002 1900 2032 pars
1925 1992 2116 2032 potentialis.
2148 1992 2190 2022 Et
2216 1998 2383 2031 propterea
2412 1992 2489 2022 istae

1413 2044 1515 2076 partes
1538 2037 1704 2077 integrales
1721 2043 1796 2067 sunt
1812 2036 1916 2067 multo
1937 2036 2185 2078 propinquiores
2209 2036 2395 2076 prudentiae
2414 2047 2487 2076 pro-

1413 2082 1478 2122 prie
1503 2081 1604 2113 dictae
1629 2092 1727 2122 quam
1755 2088 1859 2121 partes
1883 2081 2081 2121 potentiales,
2107 2081 2182 2122 quia
2206 2088 2280 2111 sunt
2304 2081 2383 2111 circa
2407 2081 2490 2121 prin-

1412 2127 1547 2167 cipalem
1581 2133 1706 2163 actum,
1739 2126 1928 2166 potentiales
1963 2133 2070 2156 autem
2103 2132 2178 2156 sunt
2209 2125 2288 2156 circa
2326 2132 2414 2156 actus
2445 2136 2490 2156 se—

1412 2171 1592 2207 cundarios,
1617 2170 1736 2201 scilicet
1759 2170 1916 2201 consiliari
1934 2177 1964 2201 et
1978 2170 2127 2201 iudicare.
2152 2171 2308 2201 Remanet
2332 2180 2406 2210 ergo
2427 2170 2489 2200 dis-

1412 2216 1581 2247 tinctivum
1612 2216 1650 2246 ab
1682 2218 1823 2245 Auctore
1854 2215 2050 2255 assignatum
2080 2215 2162 2245 inter
2191 2221 2295 2254 partes
2323 2215 2488 2254 integrales

1413 2268 1442 2291 et
1466 2260 1656 2301 potentiales
1680 2259 1818 2291 virtutis:
1844 2259 1919 2300 quia
1944 2259 2061 2291 scilicet
2083 2259 2155 2290 illae
2179 2259 2257 2290 circa
2282 2259 2490 2299 principalem

1413 2313 1535 2341 actum,
1568 2305 1645 2335 istae
1680 2304 1759 2335 circa
1791 2304 2015 2335 secundarium
2049 2311 2156 2335 actum
2188 2304 2238 2334 vel
2270 2304 2488 2334 secundariam

1413 2349 1579 2381 materiam
1602 2356 1776 2380 versantur.
1794 2367 1814 2372 -
1830 2349 1878 2379 De
1894 2349 1962 2379 aliis
1978 2359 2054 2380 vero
2078 2348 2222 2390 quinque
2246 2349 2388 2389 partibus
2411 2349 2489 2380 inte-

1412 2395 1551 2435 gralibus
1576 2394 1762 2435 prudentiae
1786 2394 1966 2435 loquendo,
1992 2394 2142 2430 dicimus,
2169 2404 2243 2424 cum
2267 2396 2408 2424 Auctore
2431 2394 2490 2424 ibi-

1413 2441 1502 2476 dem,
1528 2439 1617 2480 quod
1641 2445 1717 2470 sunt
1740 2438 1820 2469 circa
1845 2439 1975 2469 eosdem
2000 2446 2088 2469 actus
2117 2438 2198 2469 circa
2221 2449 2303 2479 quos
2334 2445 2408 2469 sunt
2430 2439 2490 2469 vir-

1413 2491 1495 2516 tutes
1519 2494 1599 2525 quas
1622 2483 1795 2524 integrant:
1827 2483 1870 2514 ita
1894 2484 1983 2524 quod
2008 2490 2043 2514 ut
2074 2491 2269 2514 concurrunt
2301 2484 2341 2513 ad
2368 2491 2489 2514 rectum

1414 2529 1595 2565 consilium,
1620 2535 1695 2559 sunt
1718 2535 1821 2568 partes
1850 2528 2018 2568 integrales
2042 2528 2207 2564 eubuliae3
2239 2535 2270 2558 et
2292 2535 2390 2568 prout
2414 2538 2489 2558 con-

1413 2581 1545 2605 currunt
1567 2573 1607 2604 ad
1630 2573 1796 2610 iudicium,
1818 2579 1892 2603 sunt
1914 2579 2018 2612 partes
2042 2573 2209 2613 integrales
2232 2582 2351 2612 gnome
2374 2573 2424 2603 vel
2440 2584 2489 2614 sy-

1413 2618 1506 2650 nesis.
1524 2619 1571 2649 Ex
1587 2628 1654 2659 quo
1670 2624 1756 2659 patet
1771 2618 1870 2658 quod,
1884 2617 2048 2648 referendo
2067 2617 2190 2658 singula
2207 2617 2350 2656 singulis,
2364 2627 2489 2658 semper

1413 2663 1619 2694 inveniuntur
1643 2662 1806 2693 distinctae
1830 2668 1933 2702 partes
1957 2662 2123 2702 integrales
2148 2668 2178 2692 et
2202 2661 2389 2702 potentiales
2414 2672 2488 2701 pru-

1413 2708 1547 2744 dentiae,
1569 2718 1643 2738 cum
1660 2707 1725 2737 suis
1743 2706 1937 2737 distinctivis.
1955 2724 1975 2729 -
1996 2707 2053 2737 Est
2069 2716 2143 2746 ergo
2161 2706 2348 2736 antecedens
2365 2706 2488 2737 univer-

1414 2753 1518 2784 saliter
1542 2752 1676 2788 falsum,
1701 2751 1819 2782 scilicet
1843 2751 1931 2792 quod
1962 2758 2065 2791 partes
2089 2751 2278 2791 potentiales
2302 2751 2488 2791 prudentiae

1413 2798 1475 2829 sint
1499 2797 1579 2828 circa
1604 2804 1692 2827 actus
1715 2796 1816 2836 magis
1840 2795 2030 2836 principales
2062 2806 2159 2836 quam
2184 2802 2287 2836 partes
2311 2795 2486 2835 integrales.

1384 2838 1387 2878 ἔ
1414 2842 1576 2880 Quoniam
1594 2841 1759 2882 quuendo
1784 2841 1822 2871 de
1846 2840 2015 2882 prudentia
2039 2840 2167 2880 proprie
2192 2840 2273 2871 dicta
2298 2848 2328 2871 et
2352 2840 2416 2870 suis
2440 2840 2487 2870 in-

1413 2887 1583 2927 tegralibus
1599 2885 1752 2926 partibus,
1770 2885 1839 2925 ipsa
1863 2895 1938 2916 cum
1963 2884 2052 2916 dictis
2068 2885 2210 2925 partibus
2234 2892 2280 2916 est
2296 2884 2375 2915 circa
2399 2895 2487 2924 prae—

1413 2932 1532 2972 cipere:
1565 2930 1755 2971 potentiales
1779 2940 1854 2960 vero
1887 2937 1961 2960 sunt
1992 2929 2070 2960 circa
2100 2929 2256 2960 consiliari
2281 2936 2312 2959 et
2339 2929 2487 2959 iudicare.

1413 2977 1460 3007 De
1484 2975 1613 3016 reliquis
1629 2985 1704 3005 vero
1729 2974 1870 3014 partibus
1888 2974 2072 3005 conceditur
2096 2974 2183 3014 quod
2201 2974 2287 3014 ipsae
2310 2981 2414 3014 partes
2430 2984 2487 3013 po—

1384 3019 1386 3025 ’
1412 3021 1555 3052 tentiales
1571 3020 1632 3050 sint
1650 3019 1854 3060 principalius
1879 3019 1959 3049 circa
1983 3029 2059 3050 suos
2081 3026 2170 3049 actus
2194 3028 2293 3059 quam
2318 3026 2420 3059 partes
2439 3018 2487 3048 in-

1413 3065 1546 3106 tegrales
1578 3075 1671 3100 suae,
1703 3074 1785 3105 quae
1820 3063 1986 3094 communi
2017 3064 2174 3094 vocabulo
2207 3063 2382 3104 appellatae
2413 3069 2487 3093 sunt

1413 3117 1516 3151 partes
1540 3109 1707 3149 integrales
1730 3108 1926 3149 prudentiae.

1468 3154 1519 3184 Ad
1543 3154 1685 3194 primum
1709 3160 1815 3184 autem
1846 3159 2071 3192 argumentum
2105 3158 2213 3182 contra
2243 3151 2486 3192 responsionem

1412 3198 1455 3229 ibi
1470 3198 1632 3229 recitatam
1644 3198 1670 3235 *,
1688 3207 1770 3238 quae
1790 3198 1875 3228 bona
1892 3204 1948 3235 est,
1965 3197 2082 3227 scilicet
2101 3197 2190 3237 quod
2211 3196 2348 3233 eubulia,
2366 3196 2486 3237 synesis
2516 3208 2525 3216 ¹

1413 3250 1443 3273 et
1466 3253 1584 3283 gnome
1608 3249 1683 3273 sunt
1706 3248 1809 3282 partes
1833 3241 2021 3281 potentiales
2041 3247 2185 3281 respectu
2210 3241 2396 3281 prudentiae
2413 3251 2487 3281 pro-

1413 3287 1479 3327 prie
1503 3287 1606 3317 dictae
1622 3294 1658 3317 ut
1682 3293 1728 3317 est
1756 3285 1971 3326 praeceptiva:
1997 3304 2016 3307 —
2041 3285 2154 3316 dicitur
2170 3285 2287 3316 falsum
2308 3295 2374 3316 esse
2398 3287 2487 3326 quod

1412 3338 1515 3372 partes
1531 3331 1698 3371 integrales
1714 3330 1862 3371 propriae
1879 3329 2066 3370 prudentiae
2083 3330 2126 3360 sic
2143 3337 2289 3370 sumptae
2308 3337 2425 3361 restent
2441 3340 2486 3360 re-

1412 3376 1565 3407 motiores
1581 3376 1620 3405 ab
1635 3381 1706 3406 actu
1723 3374 1890 3415 principali
1906 3374 2102 3415 prudentiae.
2123 3375 2168 3406 Ut
2183 3375 2269 3405 enim
2285 3375 2348 3405 iam
2366 3375 2486 3405 dictum

1413 3427 1468 3457 est,
1487 3419 1738 3460 circumspectio,
1757 3419 1863 3450 cautio
1888 3426 1918 3450 et
1941 3419 2140 3459 providentia
2157 3419 2237 3450 circa
2256 3419 2362 3459 ipsum
2381 3426 2486 3450 actum

1413 3464 1571 3506 praecepti
1595 3471 1679 3500 sunt,
1705 3464 1784 3494 circa
1808 3474 1903 3504 quem
1930 3474 1996 3494 non
2021 3470 2095 3494 sunt
2118 3464 2318 3504 potentiales.

1468 3509 1519 3540 Ad
1544 3509 1722 3540 secundum
1746 3518 1832 3545 vero,
1856 3515 1989 3549 negatur
2012 3508 2150 3549 sequela,
2176 3515 2212 3539 ut
2234 3508 2323 3539 iacet.
2349 3508 2410 3539 Sed
2434 3509 2485 3538 de-

1384 3551 1385 3556 *
1412 3555 1498 3585 beret
1514 3553 1620 3584 inferri
1636 3553 1694 3584 sic:
1712 3553 1797 3593 Ergo
1813 3553 2001 3584 nutritivum
2018 3560 2048 3583 et
2063 3552 2248 3583 sensitivum
2265 3559 2368 3583 essent
2384 3559 2485 3592 partes

1412 3599 1602 3639 potentiales
1634 3604 1778 3638 respectu
1803 3597 1927 3628 animae
1957 3597 2175 3628 intellectivae.
2206 3598 2247 3627 Et
2270 3597 2331 3628 hoc
2362 3597 2425 3626 iam
2450 3606 2485 3626 ex

1383 3656 1386 3669 ι
1413 3643 1502 3674 dictis
1519 3650 1605 3683 patet
1625 3652 1691 3673 esse
1706 3652 1828 3673 verum.
1853 3643 1965 3683 Neque
1990 3642 2075 3672 enim
2101 3642 2236 3672 dicimus
2253 3642 2340 3682 quod
2366 3640 2485 3681 synesis

2510 571 2518 578 ⁴
2543 570 2602 591 Part.

2508 602 2603 622 cxxviii,

2509 709 2607 758 §.⁰32¹

2632 571 2650 595 1,
2681 576 2720 597 qu.

2621 601 2662 617 art.
2678 603 2693 617 1.

2611 715 2633 735 n,
2645 715 2667 730 n.
2679 709 2700 731 6.
2711 721 2723 725 -

2610 736 2661 757 lect,
2678 743 2698 757 v.

2516 1643 2524 1650 ⁵
2541 1641 2586 1668 Qu.
2602 1647 2681 1662 ›tr-viu.

2550 3206 2619 3228 Num.

2646 3212 2667 3227 tv
2677 3223 2682 3233 ,
2708 3206 2731 3227 si

2515 3233 2615 3254 dicatur.
