2768 4198
299 307 373 353 134
972 301 1240 349 QUAESTIO
1270 301 1427 347 CXLII,
1456 301 1755 338 ARTICULUS
1785 301 1814 337 11

295 386 399 435 quod
434 385 554 422 homo
593 385 631 422 in
667 384 892 432 exequendo
929 390 1055 419 actum
1093 379 1246 417 rationis
1282 381 1367 428 plus
1393 390 1396 413 ι
1422 380 1594 417 dabiliter
1623 380 1823 426 abstinent,
1846 392 1866 416 a
1890 379 2027 429 quibus
2057 379 2105 416 illi
2127 379 2265 428 quibus
2295 390 2340 414 ex
2369 377 2498 415 officio

294 440 356 476 vel
375 439 501 476 minus
521 439 662 486 indiget
683 437 870 486 corporali
891 436 1040 480 virtute,
1057 433 1272 470 secundum
1293 434 1368 470 hoc
1393 432 1396 466 ἲ
1424 433 1607 482 competit
1626 434 1806 482 operibus
1828 433 2089 482 corporalibus
2110 441 2146 470 et
2165 432 2400 481 generationi
2421 444 2500 468 car-

295 493 379 541 plus
407 493 469 529 vel
495 492 621 529 minus
650 503 804 528 necesse
834 490 949 525 habet
973 486 1257 524 delectabilibus
1287 498 1369 523 cor·
1394 476 1397 518 i
1423 486 1499 524 nali
1526 498 1678 532 vacare,
1700 487 1938 523 laudabiliter
1966 499 2045 524 non
2074 487 2306 523 abstinerent
2325 483 2350 522 ἕ.

296 546 489 595 poralibus
518 545 583 582 uti.
615 545 663 582 Et
682 544 770 580 ideo
799 541 978 579 homines
1007 539 1071 589 qui
1091 541 1166 577 hoc
1195 539 1367 578 officium
1478 541 1538 576 An
1564 550 1727 577 Tannum
1746 551 1932 578 montinum
1961 541 2067 588 quod
2093 539 2292 578 delectatio
2321 538 2501 588 fugienda

295 606 586 648 assumpserunt
604 605 645 634 ut
666 594 980 644 contemplationi
1002 602 1151 639 vacent,
1170 600 1205 628 et
1220 593 1369 630 bonum
1396 582 1399 632 l
1427 600 1482 629 est
1511 592 1558 629 ad
1587 592 1789 630 vitandum
1818 601 2032 642 peccatum,
2054 606 2133 630 non
2162 593 2336 639 totaliter,
2366 594 2432 630 sed
2461 600 2503 629 ut

296 653 488 701 spirituale
522 651 630 699 quasi
669 649 837 697 quadam
874 647 1056 696 spirituali
1094 647 1370 695 propagatione
1427 659 1506 684 non
1533 646 1631 682 ultra
1660 654 2008 695 quaeratur‘quam
2038 647 2241 684 necessitas
2269 647 2446 694 requirat.

296 706 332 742 in
363 705 456 742 alios
485 703 747 748 transmittant,
769 714 791 738 a
821 701 948 738 multis
977 700 1264 737 delectabilibus
1293 702 1372 738 lau-

349 818 374 851 ὃ)
393 818 566 843 abstinerent.
580 831 598 835 -
616 816 751 841 abstinent
771 816 866 841 PDGa.

1265 889 1272 891 a
1293 889 1309 894 Λ
1328 887 1531 894 ,xmxsx1„vx>

1066 953 1389 996 ARTICULUS
1428 953 1732 996 SECUNDUS

843 1048 1001 1079 UTRUM
1025 1047 1387 1078 INTEMPERANTIA
1411 1047 1478 1078 sn-
1502 1047 1687 1078 PUERuAE
1711 1046 1952 1078 PECCATUM

1246 1126 1277 1151 III
1298 1126 1394 1156 Ethicn,
1415 1127 1473 1151 lect.
1493 1133 1553 1151 xxu.

332 1224 393 1242 hx
416 1226 449 1255 ρ]
495 1220 537 1245 D
553 1219 744 1244 SECUNDUM
761 1219 814 1244 stc
831 1218 1074 1244 PROCEmTUR.
1092 1206 1252 1244 Videtur
1267 1206 1373 1256 quod
1489 1207 1670 1244 Secundo
1709 1207 1944 1243 conveniunt
1972 1204 1985 1227 ὅ
2014 1215 2201 1254 quantum
2231 1207 2279 1244 ad
2310 1217 2506 1247 eventum.

326 1230 490 1323 ’(9ῑῇ
515 1260 804 1310 intemperantia
825 1273 900 1297 non
924 1261 969 1297 sit
989 1260 1133 1309 puerile
1158 1268 1372 1309 peccatum.
1400 1268 1404 1276 ⁶
1429 1261 1531 1297 Puer
1560 1259 1662 1297 enim
1677 1290 1685 1306 ,
1716 1259 1745 1296 si
1771 1272 1863 1296 suae
1892 1260 2080 1297 voluntati
2116 1260 2343 1308 dimittatur,
2375 1263 2508 1300 crescit

56 1321 181 1349 ‘Ver-„2-
318 1319 342 1363 ‘.
424 1335 433 1341 ν
496 1312 617 1362 Quia
637 1327 753 1363 super
766 1314 857 1351 illud
878 1313 1162 1360 Matth.xviu'¹‘,
1183 1314 1274 1351 Nisi
1286 1326 1374 1351 con—
1402 1326 1403 1343 1
1430 1314 1468 1351 in
1498 1314 1653 1363 propria
1681 1314 1897 1350 voluntate:
1927 1313 2032 1350 unde
2061 1313 2198 1351 dicitur
2223 1315 2342 1352 Eccli.
2374 1328 2447 1353 xxx
2465 1316 2506 1354 *z

155 1382 171 1398 α
392 1362 447 1385 “³¹
471 1335 615 1405 {versi
631 1368 788 1415 fueritis
814 1368 910 1404 sicut
937 1373 954 1389 ‘²
977 1368 1135 1417 parvuli
1168 1376 1257 1415 etc.‚
1288 1367 1377 1404 dicit
1400 1372 1403 1418 ζ
1429 1369 1562 1416 Equus
1591 1367 1792 1404 indomitus
1821 1367 1946 1404 evadit
1971 1367 2111 1404 durus:
2140 1374 2176 1404 et
2190 1367 2301 1415 filius
2329 1370 2508 1407 remissus

58 1433 269 1464 monument-ub-
299 1423 563 1470 Hieronymus
582 1421 602 1443 ²¹⁶
632 1423 737 1469 quod
761 1422 949 1470 parvulus
985 1433 1060 1459 non
1088 1427 1311 1470 perseverat
1338 1421 1374 1458 in
1402 1420 1404 1435 ¹
1431 1422 1566 1459 evadet
1587 1433 1782 1470 praeceps.
1815 1422 1868 1458 lta
1907 1420 2021 1458 etiam
2052 1429 2088 1457 et
2116 1421 2447 1471 concupiscentia,
2477 1424 2509 1461 si

57 1461 202 1512 iffr'sf'dt'oe'
222 1463 270 1485 ‘'¹'’
299 1477 510 1522 iracundia,
538 1476 659 1513 laesus
688 1488 763 1512 non
794 1476 982 1521 meminit,
1012 1475 1141 1512 videns
1171 1476 1375 1524 pulchram
1403 1476 1405 1523 j
1432 1475 1466 1512 ei
1487 1474 1655 1519 satisfiat,
1677 1475 1802 1512 maius
1823 1475 1941 1511 robur
1964 1474 2119 1524 accipit:
2150 1475 2253 1512 unde
2272 1477 2509 1525 Augustinus

299 1530 495 1568 mulierem
516 1542 591 1566 non
612 1529 835 1566 delectatur.-
857 1529 962 1577 quod
979 1528 1228 1566 contrariatur
1243 1528 1377 1565 intem·
1404 1529 1405 1537 ¹
1433 1528 1534 1574 dicit,
1555 1528 1593 1566 in
1617 1528 1704 1565 VIII
1740 1529 1907 1576 Confess.
1928 1527 1969 1564 *ε
1999 1529 2103 1565 Dum
2139 1530 2304 1566 servitur
2342 1529 2509 1578 libidini,

299 1583 506 1634 perantiae.
551 1583 653 1631 Ergo
693 1582 984 1631 intemperantia
1022 1595 1099 1619 non
1140 1591 1195 1620 est
1232 1581 1376 1632 puerile
1404 1574 1534 1631 ssfacta
1568 1587 1623 1619 est
1655 1582 1906 1619 consuetudo:
1939 1587 1975 1618 et
2009 1582 2100 1619 dum
2138 1583 2400 1622 consuetudini
2434 1595 2510 1622 non

300 1645 514 1688 peccatum.
1433 1635 1628 1681 resistitur,
1645 1636 1760 1684 facta
1788 1641 1841 1672 est
1868 1635 2078 1672 necessitas.

356 1704 390 1728 2.
421 1691 657 1736 PRAETEREA,
678 1690 787 1739 pueri
817 1702 896 1726 non
924 1690 1068 1726 habent
1096 1689 1167 1726 nisi
1196 1688 1378 1738 concupi·
1405 1686 1407 1723 ἲ
1488 1689 1642 1736 Tertio,
1673 1697 1861 1738 quantum
1895 1689 1944 1726 ad
1975 1688 2189 1726 remedium
2223 1690 2329 1739 quod
2362 1691 2512 1742 utrique

160 1752 174 1785 β
302 1744 463 1782 scentias
484 1744 673 1780 naturales
693 1741 719 1780 β.
752 1743 829 1779 Sed
859 1743 958 1779 circa
979 1743 1169 1779 naturales
1199 1741 1379 1791 concupi·
1405 1740 1407 1776 l
1434 1744 1650 1792 praebetur.
1689 1743 1790 1779 Puer
1819 1742 1921 1779 enim
1953 1742 2179 1780 emendatur
2205 1755 2275 1792 per
2306 1744 2381 1782 hoc
2406 1745 2512 1794 quod

301 1798 461 1835 scentias
477 1809 612 1845 parurn
629 1796 745 1845 aliqui
760 1804 921 1844 peccant
936 1807 1004 1844 per
1023 1795 1377 1843 intemperantiam:
1435 1803 1651 1833 coercetur:
1672 1795 1775 1832 unde
1797 1795 1932 1832 dicitur
1950 1796 2065 1833 Prov.
2085 1807 2171 1833 xxm
2190 1795 2231 1834 *2
2250 1797 2348 1835 Noli
2363 1799 2512 1836 subtra-

59 1863 136 1910 ’‘⁶³1ss
153 1867 218 1887 κωπ-
233 1866 273 1888 3.-
301 1860 342 1889 ut
371 1850 626 1899 Philosophus
656 1849 755 1895 dicit,
779 1849 814 1886 in
846 1849 894 1885 III
919 1848 1040 1885 Ethic.
1061 1847 1081 1869 ’¹‘
1110 1849 1213 1896 Ergo
1243 1847 1380 1885 intem·
1434 1850 1525 1886 here
1543 1861 1567 1885 a
1581 1859 1704 1897 puero
1725 1848 1983 1897 disciplinam:
2012 1855 2050 1886 tu
2075 1849 2188 1900 virga
2204 1851 2392 1898 percuties
2411 1864 2511 1900 eum,

59 1892 84 1911 δ’
137 1888 214 1909 ''⁶⁶‘'
234 1893 272 1908 ‘¹'
300 1904 473 1955 perantia
502 1915 580 1940 non
610 1911 667 1939 est
695 1910 895 1951 peccatum
925 1901 1081 1951 puerile.
1407 1917 1409 1945 ;
1435 1907 1471 1939 et
1489 1901 1660 1939 animam
1688 1901 1768 1938 eius
1787 1901 1833 1938 de
1861 1901 2011 1949 inferno
2036 1901 2223 1940 liberabis.
2253 1903 2303 1942 Et
2330 1905 2512 1954 similiter,

357 1960 391 1996 3.
423 1959 658 2003 PRAETEREA,
680 1955 788 2005 pueri
809 1964 896 1993 sunt
925 1954 1115 1993 nutriendi
1144 1962 1180 1991 et
1208 1954 1379 1992 fovendi.
1437 1955 1532 1993 dum
1552 1954 1885 2004 concupiscentiae
1906 1954 2100 2002 resistitur,
2121 1956 2312 1994 reducitur
2330 1958 2380 1995 ad
2409 1957 2514 1999 debi-

302 2013 380 2049 Sed
401 2009 710 2059 concupiscentia
730 2018 767 2046 et
787 2009 998 2056 delectatio,
1017 2008 1115 2046 circa
1135 2020 1235 2057 quae
1251 2016 1308 2046 est
1327 2007 1382 2046 in·
1436 2017 1518 2046 tum
1538 2008 1750 2046 honestatis
1770 2008 1945 2046 modurn.
1971 2009 2020 2046 Et
2040 2009 2116 2046 hoc
2136 2017 2192 2047 est
2211 2010 2316 2060 quod
2335 2010 2514 2060 Augusti-

301 2064 564 2114 temperantia,
581 2071 637 2100 est
652 2076 806 2113 semper
821 2062 1071 2101 diminuenda
1087 2070 1124 2099 et
1140 2061 1380 2112 extirpanda:
1408 2069 1411 2112 ζ
1437 2075 1510 2101 nus
1539 2061 1643 2109 dicit,
1669 2061 1707 2099 in
1734 2062 1785 2099 Vl
1815 2062 1993 2100 Musicae
2011 2061 2043 2108 ¹⁸⁸,
2070 2062 2196 2112 quod,
2225 2070 2349 2102 mente
2376 2065 2414 2103 in
2441 2065 2515 2116 spi-

85 2132 177 2158 vum
301 2118 516 2156 secundum
546 2116 637 2154 illud
671 2117 812 2154 Coloss.
834 2129 869 2154 111
888 2116 928 2153 *ε
958 2116 1191 2165 Mortificate
1209 2117 1382 2153 membra
1409 2113 1411 2140 ?
1437 2116 1590 2154 ritualia
1609 2127 1789 2165 suspensa
1804 2122 1916 2166 atque
1935 2116 1988 2153 ibi
1993 2117 2085 2165 fixa
2101 2122 2138 2154 et
2155 2124 2342 2166 manente,
2357 2130 2515 2157 consue-

301 2178 425 2210 vestra
445 2183 559 2220 super
577 2177 733 2216 terram,
754 2182 852 2219 quae
870 2176 957 2208 sunt
974 2170 1288 2219 concupiscentia,
1310 2177 1380 2207 etc.
1410 2198 1411 2202 ,
1437 2170 1590 2216 tudinis,
1620 2169 1762 2207 scilicet
1790 2169 1949 2207 carnalis
1979 2170 2327 2220 concupiscentiae,
2357 2172 2516 2223 impetus

303 2227 406 2275 Ergo
428 2224 719 2274 intemperantia
740 2237 818 2261 non
848 2232 904 2261 est
932 2223 1078 2273 puerile
1106 2231 1321 2273 peccatum.
1409 2220 1412 2250 l
1433 2225 1645 2275 frangitur,
1667 2229 1702 2260 et
1716 2223 1904 2273 paulatim
1933 2235 2126 2273 repressus
2146 2225 2394 2277 extinguitur.
2423 2227 2516 2264 Ma-

357 2280 433 2317 SED
462 2290 610 2327 CONTRA
639 2290 705 2315 EST
725 2277 831 2327 quod
859 2277 1120 2327 Philosophus
1149 2277 1250 2324 dicit,
1272 2277 1310 2314 in
1331 2278 1381 2314 Ill
1438 2278 1498 2316 ior
1512 2278 1612 2315 enim
1628 2283 1711 2314 erat
1724 2289 1810 2315 cum
1825 2289 2090 2327 sequeremur:
2111 2291 2186 2316 non
2204 2279 2359 2318 omnino
2375 2279 2514 2327 nullus,

62 2341 138 2389 ’.ᾱῆ
151 2346 276 2388 ›laun-ss
302 2334 423 2372 Ethic.
444 2331 475 2379 ²¹²,
497 2331 604 2380 quod
626 2344 762 2369 nomen
783 2332 1096 2380 intemperantiae
1107 2331 1278 2380 ferimus
1297 2336 1312 2359 Υ
1332 2331 1384 2368 ad
1437 2332 1504 2370 sed
1527 2337 1628 2368 certe
1655 2331 1794 2377 minor,
1814 2343 1901 2368 cum
1925 2331 2177 2380 refrenamus.
2209 2333 2258 2370 Et
2277 2332 2365 2371 ideo
2386 2333 2515 2372 Philo-

62 2370 86 2390 δ’
140 2371 275 2430 Zau..
299 2387 463 2437 puerilia
487 2391 658 2435 peccata.
1438 2386 1583 2435 sophus
1604 2384 1704 2428 dicit,
1726 2384 1763 2422 in
1793 2385 1842 2422 111
1863 2385 1984 2422 Ethic.
2003 2385 2035 2432 *,
2057 2385 2164 2435 quod
2193 2387 2515 2436 quemadmodum

358 2441 586 2478 Respounso
624 2450 810 2476 monimum
835 2438 941 2487 quod
970 2437 1109 2487 aliquid
1135 2438 1271 2475 dicitur
1300 2450 1382 2475 esse
1432 2451 1598 2489 puerum
1619 2444 1765 2488 oportet
1789 2439 1996 2476 secundum
2019 2445 2266 2489 praeceptum
2291 2441 2516 2492 paedagogi

305 2494 448 2544 puerile
469 2492 678 2542 dupliciter.
708 2493 796 2530 Uno
817 2492 950 2538 modo,
973 2491 1061 2541 quia
1092 2492 1273 2529 convenit
1290 2504 1383 2541 pue·
1410 2490 1411 2496 ’
1437 2494 1576 2539 vivere,
1601 2494 1655 2530 sic
1682 2498 1718 2530 et
1743 2492 2031 2542 concupiscibile
2057 2496 2269 2532 consonare
2296 2495 2448 2532 rationi.

66 2561 74 2570 ·
89 2560 142 2581 via
162 2565 209 2587 ars·
230 2559 278 2581 sed
306 2548 366 2586 ris.
393 2548 441 2585 Et
460 2547 513 2584 sic
534 2559 612 2583 non
633 2546 792 2583 intendit
811 2545 1068 2595 Philosophus
1087 2545 1107 2567 '¹‘
1129 2545 1256 2584 dicere
1277 2545 1383 2595 quod
1410 2544 1411 2568 ÷
1491 2549 1550 2584 Ao
1571 2558 1709 2584 prunum
1729 2557 1829 2584 ERGO
1849 2558 2035 2585 monimum
2056 2547 2163 2596 quod
2187 2547 2283 2586 ratio
2303 2547 2365 2586 illa
2383 2560 2517 2598 proce-

65 2589 148 2608 ⁶⁰”¹'“
304 2609 504 2651 peccatum
526 2599 842 2649 intemperantiae
862 2599 909 2636 sit
923 2599 1080 2648 puerile.
1098 2620 1121 2627 -
1142 2598 1228 2637 Alio
1249 2599 1382 2647 mod0,
1410 2620 1411 2631 ÷
1438 2600 1491 2638 dit
1519 2600 1734 2638 secundum
1764 2600 1870 2637 illum
1900 2600 2063 2638 modum
2093 2613 2172 2650 quo
2201 2601 2347 2651 puerile
2381 2601 2518 2652 dicitur

305 2655 519 2693 secundum
541 2653 736 2703 quandam
767 2652 1067 2691 similitudinem.
1099 2654 1148 2690 Et
1167 2653 1242 2690 hoc
1261 2652 1381 2690 modo
1410 2682 1411 2699 ff
1438 2655 1476 2693 id
1506 2654 1611 2704 quod
1641 2653 1678 2691 in
1707 2653 1835 2703 pueris
1864 2653 2067 2692 invenitur.
2099 2654 2162 2692 Sic
2190 2663 2318 2693 autern
2354 2668 2431 2693 non
2461 2655 2516 2694 di-

305 2715 462 2759 peccata
490 2707 804 2757 intemperantiae
834 2706 993 2756 puerilia
1022 2707 1209 2744 dicuntur.
1244 2707 1383 2744 Pecca-
1438 2708 1531 2746 citur
1550 2716 1751 2758 peccatum
1771 2707 2086 2757 intemperantiae
2105 2709 2264 2758 puerile,
2285 2708 2353 2746 sed
2381 2721 2516 2748 secun-

305 2771 388 2800 tum
426 2761 526 2799 enim
565 2760 877 2810 intemperantiae
916 2768 972 2798 est
1012 2768 1213 2810 peccatum
1252 2773 1384 2811 super·
1409 2767 1411 2813 j
1438 2762 1530 2800 dum
1560 2761 1861 2809 similitudinem,
1882 2769 1923 2798 ut
1952 2761 2097 2800 dictum
2127 2770 2183 2800 est
2201 2761 2232 2800 ²⁸.

307 2816 407 2854 fluae
451 2814 802 2864 concupiscentiae:
843 2826 942 2863 quae
984 2814 1212 2852 assimilatur
1260 2826 1382 2863 puero
1409 2826 1411 2866 g
1491 2818 1549 2853 An
1569 2827 1762 2853 secunaum
1791 2827 1977 2853 memnon
1996 2815 2102 2865 quod
2123 2815 2431 2866 concupiscentia
2450 2815 2515 2854 ali-

307 2876 494 2919 quantum
525 2868 573 2906 ad
602 2867 683 2905 tria.
1438 2881 1514 2919 qua
1543 2877 1668 2918 potest
1696 2868 1768 2907 dici
1799 2868 1979 2906 naturalis
2009 2869 2217 2918 dupliciter.
2254 2869 2342 2908 Uno
2373 2869 2513 2918 modo,

360 2922 492 2959 Primo
522 2921 696 2970 quidem,
726 2929 913 2970 quantum
943 2921 990 2959 ad
1021 2920 1057 2958 id
1087 2921 1194 2970 quod
1223 2928 1382 2970 uterque
1409 2927 1411 2972 ᾖ
1437 2922 1652 2960 secundum
1673 2935 1787 2960 suurn
1807 2935 1940 2971 genus.
1971 2923 2019 2960 Et
2048 2923 2101 2960 sic
2120 2923 2373 2973 temperantia
2403 2931 2440 2960 et
2457 2922 2516 2961 in-

309 2976 462 3026 appetit.
501 2974 606 3012 Sicut
644 2974 746 3012 enirn
776 2987 892 3024 puer,
922 2974 971 3012 ita
1001 2982 1037 3011 et
1073 2974 1383 3024 concupiscentia
1436 2976 1688 3026 temperantia
1708 2984 1797 3014 sunt
1816 2976 1914 3014 circa
1944 2975 2274 3026 concupiscentias
2304 2977 2512 3015 naturales:

309 3029 451 3079 appetit
486 3028 630 3077 aliquid
658 3037 780 3077 turpe.
821 3028 940 3065 Cuius
970 3027 1064 3065 ratio
1095 3036 1150 3065 est
1183 3028 1275 3076 quia
1301 3029 1384 3078 pul·
1409 3045 1410 3061 1
1437 3038 1525 3067 sunt
1554 3031 1655 3067 enim
1684 3029 1783 3067 circa
1812 3029 2140 3079 concupiscentias
2177 3030 2353 3068 ciborum
2383 3038 2420 3067 et
2447 3042 2514 3068 ve—

310 3085 445 3120 chrum
471 3082 507 3119 in
529 3082 643 3119 rebus
672 3082 851 3119 humanis
876 3081 1080 3119 attenditur
1098 3089 1213 3131 prout
1241 3081 1382 3130 aliquid
1437 3095 1665 3130 nereorum,
1695 3095 1795 3132 quae
1833 3083 2060 3122 ordinantur
2096 3084 2145 3122 ad
2178 3083 2512 3122 conservationem

311 3144 365 3174 est
394 3135 610 3174 ordinatum
641 3135 852 3173 secundum
875 3135 1079 3172 rationem:
1110 3135 1212 3173 unde
1233 3135 1383 3173 Tullius
1437 3145 1594 3174 naturae
1614 3142 1638 3174 ⁸.
1661 3157 1685 3165 -
1705 3137 1792 3174 Alio
1822 3137 1942 3175 modo
1961 3145 2087 3187 potest
2112 3136 2184 3175 dici
2203 3137 2512 3186 concupiscentia

70 3201 78 3209 ·
95 3199 237 3225 car-xxm·
311 3190 418 3237 dicit,
448 3189 486 3226 in
516 3190 596 3226 Ide
628 3189 737 3238 Offic.
757 3188 793 3236 *,
824 3189 930 3238 quod
959 3188 1165 3237 pulchrum
1203 3195 1258 3226 est
1282 3190 1385 3239 quod
1437 3190 1617 3229 naturalis
1646 3198 1834 3240 quantum
1864 3191 1913 3229 ad
1942 3190 2110 3240 speciem
2134 3189 2214 3228 eius
2243 3190 2350 3240 quod
2379 3199 2514 3229 natura

311 3248 601 3280 consentaneum
636 3248 691 3280 est
722 3243 885 3280 hominis
919 3242 1163 3280 excellentiae
1194 3242 1232 3280 in
1271 3254 1314 3280 eo
1344 3244 1381 3280 in
1437 3244 1486 3282 ad
1515 3244 1572 3281 sui
1593 3244 1929 3282 conservationem
1958 3243 2124 3293 requirit.
2154 3243 2204 3281 Et
2231 3245 2285 3282 sic
2309 3257 2388 3282 non
2417 3244 2515 3282 mul-

312 3307 385 3344 quo
423 3301 560 3333 natura
598 3296 677 3333 eius
705 3307 728 3333 a
767 3296 920 3345 reliquis
951 3296 1207 3333 animantibus
1243 3296 1380 3347 differt.
1408 3306 1411 3321 ¹
1436 3305 1519 3335 tum
1541 3297 1722 3346 contingit
1741 3309 1900 3347 peccare
1917 3297 2015 3334 circa
2034 3297 2225 3334 naturales
2242 3298 2514 3348 concupiscen-

312 3349 414 3385 Puer
450 3356 577 3386 autem
617 3361 694 3386 non
730 3349 887 3386 attendit
916 3349 964 3387 ad
1000 3349 1176 3387 ordinem
1214 3349 1380 3388 rationis.
1436 3351 1517 3389 tias.
1548 3351 1697 3389 Natura
1726 3350 1828 3388 enim
1857 3362 1935 3388 non
1964 3349 2118 3399 requirit
2146 3351 2215 3388 nisi
2245 3351 2282 3389 id
2310 3364 2380 3402 per
2408 3352 2512 3401 quod

313 3402 362 3439 Et
389 3401 558 3438 similiter
577 3403 874 3451 concupiscentia
905 3415 978 3440 non
1003 3403 1109 3440 audit
1125 3404 1322 3450 rationem,
1343 3411 1384 3441 ut
1437 3405 1660 3442 subvenitur
1688 3402 1900 3441 necessitati
1928 3411 2107 3441 naturae:
2129 3404 2166 3442 in
2196 3404 2303 3443 cuius
2324 3403 2513 3444 desiderio

73 3446 287 3494 s.‘³iss'.i'0''013¹'v¹12‘
314 3454 448 3493 dicitur
476 3454 513 3491 in
540 3455 609 3491 VII
643 3456 763 3493 Ethic.
784 3455 804 3477 *
1438 3470 1517 3495 non
1546 3457 1727 3505 contingit
1756 3469 1838 3494 esse
1871 3465 2092 3506 peccatum,
2124 3458 2195 3496 nisi
2223 3459 2349 3496 solum
2379 3471 2513 3496 secun-

367 3576 396 3609 α)
414 3576 492 3602 sicut.
505 3590 524 3596 -
541 3579 568 3602 et
586 3577 742 3610 efficiamini
760 3578 829 3603 sicut
848 3578 899 3603 PD.
1492 3578 1517 3611 ὃ)
1536 3580 1707 3606 conveniunt.
1720 3594 1738 3599 -
1757 3579 1885 3614 differunt
1904 3580 2141 3614 BDEFGIKLpAC
2161 3587 2186 3607 et
2204 3589 2230 3607 a.

369 3612 394 3645 β)
414 3612 560 3638 naturales.
573 3626 591 3631 -
608 3613 798 3638 connaturales
818 3613 872 3643 PG,
891 3619 917 3638 et
935 3614 969 3638 ita
987 3614 1085 3640 atatim.
1412 3647 1413 3650 Ἰ
1493 3617 1516 3648 ε)
1536 3618 1691 3641 naturae.—
1709 3616 1771 3641 Om.
1791 3616 1883 3648 BFpA.

368 3649 394 3682 γ)
407 3648 533 3682 serimus.
544 3661 564 3667 -
582 3648 723 3682 referimus
744 3648 794 3677 PL.
808 3649 947 3680 pertineat
966 3650 1000 3675 H.

2537 1324 2547 1333 ⁶
2559 1321 2627 1344 vm.
2642 1321 2664 1344 8.

2537 1536 2657 1565 ·o·p.v.

2541 1815 2549 1823 ⁸
2565 1812 2631 1835 Vm.
2646 1818 2677 1842 ¹3»
2693 1818 2726 1839 ¹⁴·

2543 2073 2673 2103 ·c.p.n.

2542 2399 2622 2449 ὲἫῐ
2633 2399 2758 2449 ξεῧὲῑί

2542 2761 2713 2790 ’haemon
