2768 4198
0 724 11 814 xpum-„v
0 691 7 717 -c
0 679 5 683 -
0 636 2 638 ν
0 577 2 580 «
0 546 2 548 «
7 524 9 526 ,
4 510 5 514 Α

1027 255 1297 301 QUAESTIO
1328 257 1446 304 CLV,
1476 259 1775 297 ARTICULUS
1806 261 1837 296 ll

2447 263 2520 300 255

382 337 441 372 An
461 345 653 372 SECUNDUM
671 343 857 370 morannum
877 333 983 392 quod
1003 333 1101 370 circa
1122 333 1301 370 timorem
1322 346 1401 371 non
1435 336 1505 372 lius
1542 338 1803 375 communiter
1845 351 1940 376 usus
1970 347 2025 376 est
2058 340 2216 376 nomine
2251 340 2520 399 continentiae,

328 387 482 448 proprie
510 387 686 424 laudatur
715 386 967 433 continentia,
998 386 1066 423 sed
1093 386 1214 434 magis
1242 387 1429 424 firmitas

328 441 458 488 animi,
476 451 596 490 quam
624 439 804 477 fortitudo
833 439 1024 488 importat.

381 495 440 532 Ira
476 501 606 531 autem
642 493 830 552 impetum
862 492 1020 552 quidem
1055 492 1141 529 facit
1173 492 1222 530 ad
1257 486 1428 541 aliquid

325 546 640 596 prosequendum
660 551 695 583 Y:
732 546 802 583 iste
830 554 959 583 tamen
998 546 1164 594 impetus
1194 545 1314 593 magis
1343 558 1400 582 se-
1425 548 1427 591 ξ

1426 397 1570 436 prout
1598 392 1890 440 comprehendit
1925 393 1996 429 sub
2030 405 2070 429 se
2099 393 2213 430 etiam
2253 393 2521 430 continentiam

1426 437 1428 470 ἱ
1455 443 1668 480 secundum
1705 444 1817 492 quid:
1847 445 1910 482 vel
1945 446 2080 494 accipit
2108 446 2346 494 cupiditatem
2385 446 2507 483 stricte

1453 506 1523 541 pro
1554 497 1860 544 concupiscentia
1889 498 2169 536 delectabilium
2198 507 2330 536 tactus.

1506 549 1564 584 AD
1585 559 1758 590 QUARTUM
1777 563 1962 589 DICENDUM
1981 552 2088 601 quod
2117 552 2387 590 delectationes
2406 565 2521 589 vene-

326 601 452 649 quitur
480 599 827 650 apprehensionem
865 600 1087 646 animalem,
1117 606 1232 648 prout
1260 598 1400 635 scilicet
1424 627 1426 652 ξ
1454 611 1607 637 reorum
1638 610 1724 639 sunt
1751 605 2058 643 vehementiores
2094 618 2213 654 quam
2252 606 2522 644 delectationes

325 654 459 702 aliquis
479 653 731 703 apprehendit
750 665 790 690 se
821 665 903 690 esse
926 653 976 690 ab
1004 652 1078 689 alio
1098 653 1258 700 laesum,
1280 664 1396 701 quam
1424 684 1425 691 ,

324 706 608 745 inclinationem
639 707 863 744 naturalem.
894 707 943 743 Et
966 705 1054 743 ideo
1076 705 1212 743 dicitur
1240 705 1396 755 quidem

324 760 458 809 aliquis
477 761 690 798 secundum
711 760 804 809 quid
825 759 1023 797 continens
1051 759 1142 807 irae,
1162 771 1242 796 non
1266 766 1396 797 tamen

323 814 554 863 simpliciter.

376 870 435 904 An
455 879 616 904 mariun
637 879 822 904 chnnnun
843 867 948 916 quod
966 866 1190 904 huiusmodi
1210 866 1396 903 exteriora

322 921 438 967 bona,
459 921 555 958 sicut
573 921 754 970 honores,
772 920 926 958 divitiae
947 928 983 957 et
1001 920 1231 968 huiusmodi,
1248 927 1289 956 ut
1307 919 1396 956 Phi-

200 992 206 1003 ‚
260 987 294 1026 .''
322 975 507 1024 losophus
537 974 644 1022 dicit,
668 973 708 1011 in
735 974 804 1011 Vll
833 974 954 1011 Ethic.
974 973 1005 1020 *,
1030 973 1208 1011 videntur
1236 973 1393 1022 quidem

75 1945 87 1957 ·
99 1945 135 1968 ΟΞ.
149 1950 214 1968 aun.
228 1951 259 1968 nv.

320 1028 526 1066 secundum
553 1040 594 1065 se
621 1040 700 1065 esse
727 1027 919 1078 eligibilia‚
939 1039 1015 1064 non
1044 1032 1170 1064 autem
1199 1027 1309 1075 quasi
1332 1038 1395 1063 ne-

321 1082 486 1119 cessaria
507 1081 556 1119 ad
576 1080 909 1119 conservationem
928 1087 1096 1118 naturae.
1118 1080 1168 1117 Et
1186 1080 1275 1117 ideo
1295 1079 1394 1116 circa

322 1147 367 1172 ea
395 1147 471 1172 non
490 1135 650 1172 dicimus
675 1134 892 1183 simpliciter
913 1133 1060 1183 aliquos
1088 1133 1316 1170 continentes
1334 1133 1395 1170 vel

321 1189 601 1233 incontinentes,
618 1188 686 1226 sed
706 1189 919 1226 secundum
934 1187 1038 1236 quid,
1054 1187 1277 1236 apponendo
1292 1187 1395 1235 quod

319 1242 394 1292 sint
419 1242 646 1281 continentes
672 1242 734 1278 vel
769 1241 1037 1279 incontinentes
1063 1240 1125 1278 vel
1146 1238 1160 1262 Β
1188 1240 1304 1286 lucri,
1332 1239 1394 1276 vel

319 1295 500 1341 honoris,
504 1284 568 1332 vel
588 1295 745 1332 alicuius
773 1294 1006 1332 huiusmodi.
1037 1294 1086 1331 Et
1108 1293 1196 1331 ideo
1215 1293 1277 1330 vel
1298 1293 1391 1330 Tul-

372 1418 400 1452 γ)
415 1418 641 1451 prosequendum.
655 1431 674 1437 -
688 1417 902 1450 persequendum
926 1417 1034 1442 ABEFI.

1453 652 1639 691 ciborum.
1671 656 1719 691 Et
1738 656 1824 693 ideo
1851 657 1948 694 circa
1975 671 2142 696 venerea
2170 659 2292 708 magis
2321 659 2522 696 consuevi-

1452 717 1538 743 mus
1559 707 1829 746 continentiam
1859 718 1895 747 et
1914 711 2226 750 incontinentiam
2255 712 2381 750 dicere
2403 725 2519 761 quam

1452 759 1550 796 circa
1579 761 1700 797 cibos:
1731 761 1826 809 licet,
1849 765 2058 802 secundum
2080 766 2356 814 Philosophum
2369 765 2400 814 ²¹²,
2422 766 2520 803 cirea

1449 820 1655 861 utrumque
1685 815 1803 862 possit
1833 816 1916 853 dici.

1502 867 1563 903 An
1583 877 1745 908 Qum‘ruM
1775 880 1958 906 manDUM
1983 871 2087 919 quod
2117 871 2347 909 continentia
2377 879 2432 909 est
2451 873 2519 909 bo-

1450 931 1543 956 num
1573 920 1728 957 rationis
1756 921 1969 958 humanae:
2001 931 2035 960 et
2063 923 2149 960 ideo
2189 925 2391 963 attenditur
2420 925 2518 962 circa

1448 973 1648 1022 passiones
1676 986 1774 1021 quae
1812 984 1972 1022 possunt
2000 988 2082 1013 esse
2110 977 2256 1015 homini
2293 986 2517 1016 connatura-

1419 1024 1426 1088 ἶ
1448 1027 1513 1063 les.
1543 1026 1655 1063 Unde
1676 1026 1932 1076 Philosophus
1954 1028 2052 1076 dicit,
2074 1029 2111 1066 in
2130 1030 2198 1066 VII
2218 1032 2338 1067 Ethic.
2358 1031 2389 1079 ³¹²,
2411 1033 2516 1080 quod
2545 1036 2555 1046 ⁴

1446 1080 1480 1116 si
1505 1079 1641 1127 aliquis
1669 1085 1795 1117 tenens
1817 1092 1982 1128 puerum
2002 1083 2240 1131 concupiscat
2265 1096 2349 1121 eum
2377 1086 2436 1122 vel
2455 1097 2516 1122 co—

1447 1133 1608 1178 medere,
1628 1133 1688 1170 vel
1713 1134 1765 1170 ad
1791 1146 2038 1171 venereorum
2068 1136 2386 1174 inconvenientem
2420 1138 2516 1175 dele-

1447 1187 1658 1232 ctationem,
1678 1187 1757 1224 sive
1775 1193 1955 1236 sequatur
1973 1189 2310 1237 concupiscentiam
2329 1191 2407 1227 sive
2426 1203 2513 1238 non,

1447 1252 1522 1276 non
1551 1240 1695 1277 dicetur
1728 1241 1945 1289 simpliciter
1980 1243 2189 1288 continens,
2220 1244 2286 1280 sed
2309 1245 2514 1282 secundum

1446 1293 1546 1342 quid.

1499 1415 1525 1448 δ)
1546 1418 1595 1442 vel.
1609 1430 1627 1435 -
1646 1417 1708 1442 Om.
1729 1417 1796 1442 PLa.

989 1504 1328 1538 Commentario
1348 1503 1603 1536 cardinalis
1625 1504 1830 1537 Caietam

347 1596 368 1617 n
384 1586 518 1617 articulo
542 1584 684 1616 secundo
707 1584 851 1615 eiusdem
875 1584 1082 1626 quaestionis,
1096 1583 1233 1615 dubium
1250 1593 1287 1614 ex
1301 1584 1385 1614 Mar-

347 1630 427 1668 tino,
443 1630 476 1660 in
500 1639 555 1671 qu.
572 1629 612 1660 de
628 1628 834 1660 Continentia
849 1629 876 1666 ²¹¹,
901 1629 1040 1660 occurrit
1063 1628 1241 1669 dupliciter.
1266 1628 1386 1665 Primo,

316 1681 468 1716 arguente
490 1674 579 1716 quod
603 1673 798 1705 continentia
820 1683 887 1704 non
911 1673 1140 1705 determinatur
1162 1673 1202 1703 ad
1221 1672 1387 1704 materiam

315 1719 429 1756 talem,
454 1719 574 1750 scilicet
603 1718 829 1750 delectationes
859 1725 978 1755 tactus,
1002 1719 1058 1749 sed
1085 1717 1261 1758 reperibilis
1285 1724 1332 1748 est
1354 1718 1386 1748 in

315 1764 406 1796 omni
429 1773 544 1805 genere
565 1762 700 1794 virtutis.
725 1780 746 1787 —
770 1762 919 1794 Secundo
934 1762 962 1800 *,
986 1763 1130 1794 solvente
1157 1762 1296 1792 rationes
1319 1771 1388 1792 san—

315 1808 357 1840 cti
372 1808 520 1840 Thomae
535 1808 569 1838 in
585 1807 647 1839 hoc
666 1807 811 1844 articulo,
828 1807 946 1848 quibus
969 1807 1133 1838 concludit
1157 1806 1386 1837 continentiam

314 1852 443 1894 proprie
459 1862 527 1884 esse
542 1852 623 1883 circa
639 1851 933 1892 concupiscentiam
952 1851 1188 1882 delectabilium
1207 1851 1386 1881 secundum

313 1905 445 1929 tactum.

369 1941 485 1982 Arguit
506 1940 603 1981 igitur
619 1941 741 1981 primo,
764 1940 808 1970 sic
822 1940 849 1970 *.
880 1940 915 1970 ln
939 1939 1030 1970 omni
1053 1949 1167 1980 genere
1190 1938 1314 1970 virtutis
1337 1948 1385 1969 re-

314 1985 435 2027 peritur
451 1984 656 2017 continentia.
671 1984 767 2025 Ergo.
781 2001 802 2007 -
813 1984 1014 2015 Antecedens
1030 1984 1192 2024 probatur.
1213 1983 1246 2014 Si
1263 1983 1335 2025 quis
1351 1983 1385 2013 in

313 2040 412 2072 opere
433 2029 571 2061 iustitiae
594 2028 733 2070 patiatur
760 2028 1020 2069 impugnationes
1042 2039 1060 2058 a
1079 2029 1172 2059 rebus
1196 2027 1385 2059 delectabili-

313 2076 384 2112 bus,
407 2081 485 2116 puta
507 2073 704 2110 muneribus,
721 2079 790 2110 etc„
809 2080 840 2104 et
858 2073 973 2110 vincat,
991 2073 1062 2104 talis
1086 2079 1133 2103 est
1148 2072 1251 2103 iustus
1275 2082 1385 2103 secun-

313 2120 393 2151 dum
415 2119 557 2160 aliquem
585 2118 729 2158 gradum.
754 2118 795 2149 Et
819 2128 884 2148 non
910 2117 1087 2148 secundum
1118 2117 1253 2157 gradum
1282 2117 1384 2147 heroi-

313 2172 407 2196 cum:
440 2163 517 2205 quia
549 2162 683 2194 tentatio
715 2172 783 2192 non
814 2162 936 2193 excedit
968 2171 1176 2192 communem
1209 2161 1380 2191 hominum

312 2209 506 2240 facultatem.
540 2207 607 2238 Nec
641 2207 820 2237 secundum
854 2207 990 2247 gradum
1023 2205 1269 2247 temperantiae:
1306 2205 1381 2246 quia

311 2253 431 2295 patitur
461 2251 751 2293 impugnationem.
784 2251 871 2291 Ergo
902 2251 1080 2282 secundum
1112 2251 1248 2290 gradum
1280 2250 1380 2280 conti-

311 2297 447 2330 nentiae.

366 2340 523 2374 Secundo.
555 2340 590 2370 In
614 2339 705 2369 omni
729 2340 859 2370 materia
887 2339 919 2369 in
944 2349 1008 2380 qua
1032 2338 1234 2379 reperiuntur
1258 2339 1380 2379 passio-

310 2397 366 2418 nes
386 2385 586 2427 impellentes
603 2384 642 2414 ad
657 2383 920 2424 prosequendum
936 2383 1056 2425 aliquid
1079 2383 1169 2424 quod
1193 2391 1276 2415 recta
1299 2383 1379 2414 ratio

310 2430 420 2466 dictat,
444 2429 604 2460 invenitur
632 2428 835 2459 continentia.
861 2428 922 2459 Sed
945 2428 978 2458 in
1002 2428 1092 2459 omni
1121 2438 1235 2468 genere
1259 2435 1289 2459 et
1313 2438 1378 2458 ma-

309 2475 386 2506 teria
417 2474 542 2505 virtutis
574 2473 775 2512 reperiuntur
807 2472 995 2503 huiusmodi
1028 2472 1203 2514 passiones.
1233 2473 1330 2512 Ergo.
1358 2491 1376 2495 —

309 2520 413 2551 Maior
428 2525 475 2549 est
491 2518 590 2549 sancti
606 2517 754 2547 Thomae
771 2517 803 2547 in
819 2517 882 2548 hoc
897 2517 1042 2554 articulo,
1058 2518 1091 2547 in
1107 2517 1281 2557 principio:
1305 2517 1379 2548 licet

309 2574 381 2594 eam
404 2563 538 2594 limitare
561 2562 722 2597 videatur,
747 2562 802 2592 sed
825 2561 963 2592 nimium
986 2561 1175 2598 voluntarie,
1200 2568 1236 2592 ut
1258 2561 1379 2602 patebit

310 2607 464 2638 solvendo
489 2606 646 2637 rationem
669 2605 748 2636 eius.
772 2621 793 2628 —
816 2605 923 2636 Minor
946 2613 992 2637 est
1015 2613 1107 2637 certa.
1138 2607 1222 2636 Nam
1245 2616 1302 2646 per
1326 2616 1379 2637 cu-

310 2651 475 2692 piditatem
497 2649 652 2692 pecuniae
674 2648 852 2690 impellitur
874 2650 946 2691 quis
963 2651 1002 2680 ad
1025 2650 1222 2686 iniustitiam,
1241 2649 1321 2680 alius
1338 2651 1378 2680 ad

309 2696 536 2737 proditionem,
562 2695 643 2725 alius
667 2694 706 2723 ad
730 2693 850 2734 fugam.

369 2741 487 2778 Tertio,
512 2744 629 2780 quarto
653 2745 684 2769 et
706 2740 831 2779 quinto,
857 2738 944 2769 affert
966 2739 1119 2779 primum,
1144 2739 1322 2770 secundum
1345 2745 1376 2770 et

309 2785 438 2816 tertium
467 2789 654 2824 argumenta
677 2783 772 2814 huius
797 2783 929 2814 articuli.
968 2784 1008 2814 Et
1037 2783 1158 2814 subdit:
1188 2783 1255 2813 Has
1282 2783 1376 2814 ratio-

255 2835 260 2840 ’
308 2840 364 2861 nes
387 2829 452 2860 fere
476 2838 590 2859 omnes
613 2827 708 2858 solvit
723 2827 868 2858 Thomas
892 2838 948 2867 per
971 2828 1032 2858 hoc
1052 2828 1142 2868 quod
1162 2838 1281 2858 nomen
1301 2838 1376 2858 con-

12 3030 13 3033 *
68 3010 280 3074 &Marwa

68 3063 134 3086 ἐἰ
148 3067 213 3086 num.
224 3070 246 3086 v.

307 2873 457 2905 tinentiae
489 2879 595 2914 potest
624 2871 724 2912 accipi
755 2872 985 2908 communiter,
1015 2872 1065 2902 vel
1095 2872 1210 2903 stricte.
1242 2872 1277 2902 In
1308 2882 1375 2913 quo

308 2928 374 2949 non
391 2925 438 2949 est
460 2918 499 2948 ab
516 2927 554 2948 eo
579 2916 751 2947 dissensio:
776 2916 855 2947 dum
872 2923 979 2947 tamen
996 2923 1118 2947 constet
1139 2916 1200 2947 hos
1221 2916 1376 2947 virtutum

307 2963 423 3003 gradus
446 2962 479 2992 in
504 2961 594 2992 omni
618 2961 742 2991 virtutis
765 2970 878 3000 genere
902 2961 1040 3001 reperiri.

363 3006 401 3038 ΙΙ.
418 3006 548 3038 Solvit*
567 3005 692 3042 deinde,
702 3006 811 3046 primo
826 3005 860 3024 **
862 3011 1112 3045 ,argumentum
1131 3004 1275 3035 litterae·
1267 3015 1300 3036 1n
1317 3015 1375 3046 op-

307 3051 450 3091 positum
473 3061 511 3082 ex
533 3050 719 3082 auctoritate
742 3049 920 3080 Aristotelis
937 3049 1272 3086 V11Ethic„sci1icet‚
1292 3049 1374 3080 Con-

307 3096 442 3127 tinentia
459 3101 490 3126 et
503 3096 733 3126 incontinentia
756 3100 833 3125 sunt
856 3095 943 3125 circa
968 3104 1005 3124 ea
1029 3095 1116 3124 circa
1133 3103 1216 3134 quae
1232 3099 1279 3125 cst
1295 3099 1374 3124 tem-

302 3141 455 3180 perantia
479 3145 508 3171 et
531 3139 798 3180 intemperantia:
821 3138 956 3169 dicendo
985 3139 1075 3179 quod
1098 3137 1283 3169 Aristoteles
1307 3148 1374 3169 non

307 3183 450 3225 loquitur
472 3183 516 3214 ibi
541 3184 579 3214 de
602 3183 810 3224 temperantia
839 3193 920 3224 quae
944 3183 1043 3214 virtus
1067 3189 1113 3213 est
1136 3182 1294 3222 specialis,
1319 3183 1374 3213 sed

308 3227 347 3258 de
371 3228 579 3268 temperantia
602 3238 686 3271 quae
710 3235 756 3260 est
778 3228 895 3268 gradus
920 3227 1076 3268 cuiusque
1099 3226 1232 3258 virtutis.

363 3271 526 3310 Secundo,
549 3273 708 3304 rationem
731 3273 764 3303 in
788 3282 922 3313 corpore
946 3271 1079 3307 articuli,
1105 3271 1236 3301 scilicet:
1263 3270 1374 3302 Conti-

308 3315 415 3346 nentia
443 3323 490 3346 est
513 3316 594 3347 circa
616 3317 782 3357 passiones
811 3316 1013 3357 impellentes
1043 3316 1263 3346 vehementer:
1288 3315 1374 3355 Ergo

308 3368 353 3391 est
378 3360 457 3391 circa
477 3360 634 3392 naturales
658 3362 697 3392 ad
721 3368 842 3392 tactum
866 3361 1057 3401 pertinentes
1074 3367 1110 3391 ut
1126 3359 1289 3400 propriam
1306 3369 1374 3389 rna-

307 3404 429 3440 teriam,
453 3404 530 3445 quia
552 3411 627 3436 sunt
648 3405 804 3447 principia
827 3405 972 3442 aliarum,
997 3412 1054 3436 etc.
1080 3405 1168 3435 Tum
1192 3405 1267 3445 quia
1291 3403 1373 3434 dele-

307 3448 459 3479 ctationes
489 3454 601 3489 gustus
625 3456 699 3480 sunt
722 3449 817 3480 etiam
848 3450 1017 3481 naturales.
1041 3467 1062 3473 -—
1086 3450 1174 3480 Tum
1198 3448 1274 3489 quia
1298 3458 1373 3478 con·
1398 3483 1400 3492 ,

306 3492 438 3524 tinentia
462 3499 508 3523 est
531 3492 662 3533 quidem
686 3493 766 3524 cirea
794 3493 957 3533 passiones
985 3494 1203 3529 vehementes,
1229 3494 1283 3524 sed
1307 3503 1372 3523 non
1398 3513 1399 3524 i

307 3537 387 3568 circa
419 3536 680 3567 vehementiores.
717 3537 882 3574 Quoniam
913 3546 979 3569 tam
1010 3538 1232 3569 vehementem
1265 3544 1374 3578 posset

1442 1590 1528 1614 extra
1555 1584 1690 1624 gradum
1722 1584 1946 1621 continentiae,
1972 1591 2003 1616 et
2026 1585 2141 1616 faceret
2163 1585 2271 1626 ipsum
2294 1586 2450 1627 pertinere
2474 1588 2513 1617 ad

1441 1628 1576 1668 gradum
1607 1629 1790 1660 heroicum:
1820 1636 1898 1670 puta
1929 1639 2004 1660 cum
2034 1630 2197 1661 inclinatio
2228 1630 2308 1662 facta
2339 1638 2420 1662 esset
2447 1638 2513 1662 tam

1441 1673 1613 1704 vehemens
1628 1674 1718 1715 quod
1738 1674 1832 1714 pauci
1855 1674 2029 1705 hominum
2047 1675 2231 1715 regulariter
2250 1685 2321 1706 earn
2340 1675 2510 1707 vincerent.

1501 1718 1619 1755 Tertio,
1645 1718 1740 1749 solvit
1763 1718 1924 1749 motivum
1947 1725 2115 1759 sumptum
2139 1729 2176 1750 ex
2199 1719 2300 1750 littera
2323 1720 2356 1750 in
2379 1730 2511 1760 respon-

1440 1761 1530 1792 sione
1553 1762 1593 1792 ad
1616 1762 1768 1814 primum,
1794 1762 1927 1793 scilicet:
1956 1763 2161 1794 Continentia
2178 1765 2315 1804 proprie
2337 1765 2457 1795 dicitur
2477 1766 2509 1795 in

1440 1806 1497 1836 illa
1530 1807 1666 1837 materia
1691 1807 1724 1836 in
1755 1816 1819 1847 qua
1843 1806 2071 1848 difficillimum
2097 1813 2144 1839 est
2175 1810 2333 1839 contineri
2354 1809 2380 1839 *.
2406 1809 2548 1840 Soluit·

1439 1857 1547 1880 autem
1571 1860 1635 1891 per,
1643 1851 1745 1881 idem:
1769 1850 1844 1892 quia
1869 1851 1986 1882 scilicet
2009 1859 2118 1892 posset
2141 1862 2207 1883 esse
2231 1859 2317 1883 tanta
2341 1852 2508 1884 difficultas

1439 1886 1636 1925 continend!
1646 1895 1735 1936 quod
1759 1901 1847 1926 actus
1871 1905 1937 1926 non
1968 1903 2050 1927 esset
2079 1903 2167 1927 actus
2198 1897 2428 1933 continentiae,
2453 1898 2508 1927 sed

1438 1938 1561 1970 virtutis
1592 1939 1753 1970 heroicae:
1783 1946 1861 1980 puta
1885 1940 1910 1970 si
1933 1940 2057 1971 vincere
2087 1941 2184 1971 talem
2214 1942 2397 1982 passionem
2427 1948 2508 1972 esset

1437 1993 1533 2024 supra
1557 1993 1766 2014 communem
1789 1984 1962 2014 hominum
1985 1984 2176 2017 facultatem.

1496 2028 1641 2066 Quarto,
1666 2028 1760 2059 solvit
1788 2028 1947 2059 motivum
1978 2039 2015 2059 ex
2044 2029 2146 2060 littera
2174 2030 2207 2060 in
2231 2029 2439 2070 responsione
2466 2030 2506 2060 ad

1436 2072 1582 2108 tertium,
1607 2073 1725 2103 scilicet
1747 2073 1786 2103 de
1810 2073 2004 2104 continentia
2033 2073 2230 2114 simpliciter,
2254 2074 2304 2104 vel
2328 2074 2505 2104 secundum

1436 2117 1525 2157 quid.
1559 2117 1600 2148 Et
1623 2117 1698 2148 dicit
1728 2118 1817 2158 quod
1848 2127 1922 2148 cum
1946 2118 1985 2148 de
2010 2118 2191 2149 continente
2214 2118 2264 2148 vel
2287 2118 2504 2149 incontinente

1434 2161 1600 2202 loquimur
1623 2162 1703 2192 circa
1726 2161 1802 2191 alias
1826 2162 2050 2192 delectationes
2067 2172 2084 2192 a
2100 2169 2185 2193 tactu
2206 2169 2237 2192 et
2255 2169 2360 2202 gustu,
2382 2163 2504 2203 aliquid

1434 2205 1582 2236 addimus
1605 2213 1641 2237 ut
1665 2205 1765 2246 magis
1797 2206 1991 2246 explicemus
2015 2206 2093 2247 quid
2117 2206 2322 2243 intendimus,
2347 2207 2503 2248 quoniam

1436 2250 1631 2280 continentia
1655 2249 1764 2280 multis
1789 2250 1894 2280 modis
1918 2250 2064 2281 sumitur.

1490 2294 1542 2325 111.
1568 2295 1618 2324 Ad
1642 2294 1834 2325 evidentiam
1858 2294 1953 2325 huius
1977 2294 2136 2331 materiae,
2154 2295 2320 2326 sciendum
2341 2302 2388 2325 est
2403 2296 2501 2336 quod,

1435 2348 1510 2368 cum
1533 2339 1619 2378 apud
1635 2339 1840 2370 Aristotelem
1854 2338 1882 2375 *,
1907 2339 2002 2370 etiam
2018 2339 2090 2379 ipso
2106 2339 2243 2370 Martino
2260 2346 2440 2380 acceptante
2455 2339 2502 2376 ⁴⁵³,

1434 2383 1629 2415 continentia
1659 2383 1787 2424 proprie
1816 2383 1855 2414 sit
1879 2383 1958 2414 circa
1986 2384 2188 2414 vehementes
2218 2394 2342 2424 pugnas
2370 2384 2502 2414 delecta-

1433 2427 1561 2458 tionum
1585 2428 1800 2459 humanarum
1808 2437 1816 2464 ;
1841 2434 1872 2458 et
1887 2428 1967 2459 circa
1982 2438 2106 2468 pugnas
2130 2429 2344 2459 humanarum
2369 2428 2501 2459 delecta-

1433 2472 1561 2503 tionum
1589 2473 1796 2509 naturalium,
1821 2472 1939 2503 scilicet
1963 2473 2023 2503 cibi
2047 2480 2079 2503 et
2101 2481 2197 2513 potus
2221 2483 2257 2503 ac
2280 2483 2500 2509 venereorum,

1432 2516 1555 2548 dicatur
1579 2517 1773 2548 continentia
1797 2517 1846 2547 vel
1870 2516 2099 2548 incontinentia
2123 2517 2321 2557 simpliciter;
2348 2517 2428 2548 circa
2444 2528 2501 2557 pu-

1431 2571 1510 2601 gnas
1540 2568 1648 2592 autem
1679 2561 1817 2592 aliorum
1849 2561 2093 2597 delectabilium,
2126 2568 2203 2601 puta
2234 2561 2375 2597 honoris,
2409 2571 2500 2601 pecu-

1432 2605 1512 2642 niae,
1537 2613 1605 2642 etc.,
1630 2606 1752 2636 dicatur
1774 2606 1952 2636 secundum
1976 2606 2064 2647 quid,
2090 2605 2207 2636 scilicet
2231 2616 2305 2636 cum
2329 2605 2498 2642 additione,

1433 2657 1520 2690 puta,
1535 2651 1701 2681 continens
1724 2651 1775 2681 vel
1797 2651 1998 2681 incontinens
2021 2651 2102 2687 irae,
2119 2650 2260 2687 honoris,
2280 2651 2451 2690 pecuniae,
2470 2656 2500 2680 et

1432 2705 1508 2731 non,
1533 2696 1699 2726 continens
1722 2695 1772 2726 vel
1795 2696 1996 2725 incontinens
2009 2693 2238 2734 simpliciter':
2264 2693 2444 2729 manifeste,
2469 2701 2500 2724 et

1431 2740 1551 2780 absque
1583 2739 1734 2780 scrupulo
1768 2739 1894 2779 aliquo,
1930 2748 2128 2779 consequens
2162 2745 2207 2768 est
2238 2746 2273 2769 ut
2305 2738 2499 2769 continentia

1430 2783 1582 2815 trifariam
1606 2783 1794 2820 inveniatur,
1812 2783 1928 2813 scilicet
1949 2783 2137 2823 simpliciter
2152 2788 2183 2813 et
2195 2792 2256 2822 per
2270 2792 2315 2820 se,
2341 2789 2372 2813 et
2386 2792 2498 2813 secun-

1429 2828 1506 2859 dum
1530 2828 1617 2869 quid,
1635 2835 1665 2858 et
1677 2837 1742 2868 per
1764 2827 1922 2858 accidens.
1947 2827 2030 2857 Nam
2054 2827 2086 2857 in
2110 2827 2166 2857 illo
2190 2827 2314 2857 virtutis
2336 2836 2449 2867 genere
2465 2826 2497 2856 in

1431 2882 1497 2914 quo
1528 2872 1692 2913 passiones
1722 2871 1956 2902 delectabilium
1980 2881 2046 2902 non
2070 2871 2130 2901 nisi
2153 2881 2209 2911 per
2238 2871 2380 2902 accidens
2411 2871 2497 2901 inve-

1430 2917 1578 2952 niuntur,
1602 2926 1801 2957 consequens
1832 2923 1878 2946 est
1908 2916 1997 2957 quod
2029 2915 2222 2947 continentia
2254 2926 2320 2946 non
2351 2915 2410 2945 nisi
2441 2925 2497 2954 per

1430 2961 1574 2992 accidens
1598 2960 1786 2991 inveniatur.
1811 2961 1852 2991 Et
1867 2960 1941 3001 quia
1964 2959 2118 2990 iniustitia
2135 2970 2200 2990 non
2217 2967 2264 2990 est
2280 2960 2359 2990 circa
2380 2959 2497 2999 passio-

1429 3015 1495 3042 nes,
1513 3006 1567 3036 sed
1585 3005 1786 3045 operationes
1810 3005 1849 3035 ad
1873 3005 2026 3040 alterum
2052 3011 2083 3035 et
2101 3015 2167 3035 non
2191 3005 2250 3034 nisi
2274 3014 2330 3044 per
2353 3003 2496 3034 accidens

1428 3051 1468 3080 ad
1483 3050 1636 3080 iustitiam
1653 3049 1816 3089 passiones
1833 3055 1990 3089 spectant:
2012 3048 2084 3079 ideo
2102 3048 2295 3080 continentia
2311 3049 2343 3078 in
2359 3047 2495 3078 iustitiae

1429 3094 1579 3134 operibus
1602 3094 1711 3124 locum
1736 3104 1802 3123 non
1826 3093 1920 3123 habet
1939 3093 1998 3123 nisi
2015 3103 2071 3133 per
2086 3093 2241 3124 accidens.
2258 3110 2280 3116 —
2298 3093 2332 3122 In
2348 3092 2403 3122 illo
2419 3101 2494 3122 vero

1427 3138 1551 3169 virtutis
1575 3148 1688 3178 genere
1712 3138 1743 3168 in
1769 3148 1835 3178 quo
1859 3138 2023 3177 passiones
2055 3137 2289 3168 delectabilium
2313 3146 2369 3176 per
2391 3146 2423 3166 se
2447 3136 2494 3166 in-

1426 3182 1607 3218 veniuntur,
1632 3189 1668 3213 ut
1690 3182 1723 3212 in
1747 3181 2017 3222 magnanimitate,
2043 3180 2285 3221 magnificentia,
2310 3180 2493 3211 liberalitate

1427 3233 1458 3257 et
1480 3226 1678 3262 huiusmodi,
1704 3226 1915 3256 continentiae
1940 3225 2071 3266 quidem
2095 3226 2174 3256 ratio
2199 3226 2346 3261 salvatur,
2372 3225 2436 3258 sed.
2458 3231 2495 3255 ut

1427 3270 1612 3301 Aristoteles
1636 3270 1712 3301 dixit
1725 3270 1752 3306 *,
1777 3271 1954 3300 secundum
1979 3270 2067 3310 quid.
2084 3286 2105 3292 -
2122 3270 2156 3300 In
2176 3269 2232 3300 illo
2249 3276 2356 3300 autem
2380 3279 2494 3309 genere

1427 3315 1460 3344 in
1490 3325 1556 3355 quo
1587 3315 1750 3354 passiones
1781 3314 2015 3344 delectabilium
2047 3324 2112 3344 non
2143 3314 2250 3344 solum
2280 3323 2336 3354 per
2364 3323 2414 3349 se,
2438 3314 2494 3344 sed

1427 3359 1615 3400 principales
1639 3358 1852 3394 inveniuntur,
1878 3365 1914 3388 ut
1935 3358 1968 3388 in
1992 3358 2208 3398 temperantia,
2231 3358 2274 3388 ibi
2298 3357 2493 3389 continentia

1428 3411 1458 3434 et
1482 3413 1538 3443 per
1561 3413 1593 3433 se
1618 3410 1648 3434 et
1671 3402 1856 3443 simpliciter
1878 3402 2046 3433 invenitur.

1483 3448 1523 3478 Et
1547 3447 1626 3478 ratio
1651 3446 1837 3477 diversitatis
1861 3446 1942 3477 inter
1964 3457 2020 3487 per
2044 3457 2076 3477 se
2100 3453 2131 3477 et
2153 3457 2209 3487 per
2233 3446 2393 3482 accidens,
2418 3446 2491 3476 satis

1427 3492 1508 3522 clara
1532 3499 1587 3523 est.
1612 3492 1673 3522 Sed
1696 3491 1777 3522 inter
1799 3491 1982 3531 simpliciter
2006 3498 2036 3522 et
2059 3491 2236 3522 secundum
2260 3491 2347 3532 quid,
2373 3488 2491 3529 duplex

1426 3536 1560 3567 videtur.
1592 3535 1698 3566 Prima
1721 3534 1833 3578 (quam
1858 3542 1937 3576 puto
1966 3534 2188 3577 principalem)
2211 3535 2336 3566 videtur
2359 3545 2395 3565 ex
2419 3544 2489 3569 usu,

306 3581 408 3612 facere
430 3581 670 3612 inclinationem
694 3581 784 3621 quod
807 3581 1007 3613 vehementia
1029 3582 1099 3622 ipsa
1118 3589 1251 3622 poneret
1266 3589 1372 3612 actum
1427 3581 1502 3621 quia
1532 3581 1650 3612 scilicet
1674 3580 1717 3611 sic
1741 3580 1966 3611 consuevimus
1996 3579 2045 3610 his
2069 3580 2253 3610 nominibus
2283 3579 2345 3610 uti:
2375 3578 2491 3608 scilicet

2549 770 2624 792 ‘Loe
2633 771 2672 793 cit.
2680 772 2703 793 in
2711 778 2759 799 arg.

2547 796 2596 818 Sed
2608 800 2669 820 cont.

2563 1815 2599 1837 cf.
2615 1819 2662 1838 not.
2677 1816 2699 1843 β.

2533 2344 2542 2353 “
2551 2342 2630 2365 Eekic.
2640 2343 2681 2365 lib.
2693 2344 2743 2372 vn,

2531 2375 2582 2397 cap.
2597 2375 2636 2392 vn.
2646 2383 2657 2388 -
2669 2378 2688 2392 a.
2699 2371 2743 2392 Th.

2531 2397 2583 2418 lect.
2596 2403 2636 2419 vn.

2531 2424 2552 2434 ⁸⁴
2572 2423 2607 2445 Cf.
2627 2430 2690 2446 num.
2711 2430 2742 2451 11,

2529 2449 2644 2472 Secundo.

2527 2703 2597 2724 ‘Loc.
2604 2704 2642 2725 eit
2649 2704 2672 2725 in
2678 2710 2738 2731 resp.

2526 2730 2555 2751 ad
2569 2736 2589 2758 3.

2522 3282 2531 3291 ⁸
2546 3281 2604 3302 lbid.
