2768 4198
67 869 78 879 ⁸
93 868 142 896 Qu.
157 872 254 889 cxxviu.

69 970 281 998 'OEssccli-eap

68 997 274 1026 u,-:ucvm⁴¹-

66 1030 176 1102 Ξκῖἒ.
181 1029 283 1078 {23:33

70 1114 282 1166 Makanitai).

106 1165 285 1192 ναιςιιΙαά

68 1200 161 1249 veni-58
159 1198 283 1246 ῗιχᾶἱίἔὸ.

69 1253 120 1276 cap.
135 1252 176 1273 ιιι,
191 1251 250 1268 en.
261 1251 283 1272 7.

69 1293 284 1350 aaa&

0 2736 11 2748 τ,
0 2696 3 2722 -·
0 2564 12 2676 summ

1004 246 1272 293 QUAESTIO
1303 248 1422 295 CXL,
1453 247 1751 285 ARTICULUS
1781 248 1812 283 11

2431 261 2496 286 121

1080 367 1398 410 ARTICULUS
1429 367 1730 411 SECUNDUS

654 459 813 491 UTRUM
836 458 1178 490 CONVENlENTER
1200 460 1474 492 TRADANTUR
1495 460 1756 492 PRAECEPTA
1780 461 1824 492 IN
1848 460 1962 492 LEGE
1985 460 2135 491 DIVINA

1094 504 1151 534 DE
1175 504 1385 536 PARTIBUS
1409 505 1719 536 FORTITUDINIS

342 609 368 643 ³„
382 615 402 635 ην
425 613 469 643 ss,
492 616 497 626 ,f
520 604 542 629 D
557 603 748 629 SECUNDUM
764 604 817 629 stc
832 604 1074 630 PROCEDITUR.
1090 593 1249 631 Videtur
1274 593 1378 652 quod

520 645 835 683 inconvenienter
873 646 1068 684 tradantur
1105 655 1308 696 praecepta
1340 647 1379 684 in

413 717 447 743 ς
460 686 491 741 'f
506 698 602 747 lege
618 698 748 736 divina
764 699 810 737 de
826 700 996 748 partibus
1011 700 1251 737 fortitudinis.
1276 701 1380 737 Sicut

367 748 495 795 ‘'2'35.»
481 747 623 790 enim
643 752 824 813 patientia
839 761 875 790 et
889 753 1174 802 perseverantia
1190 761 1276 790 sunt
1294 766 1380 802 par-

307 813 364 843 tes
392 805 633 852 fortitudinis,
655 806 704 843 ita
724 806 839 844 etiarn
864 807 1147 856 magnificentia
1167 814 1203 844 et
1222 819 1381 855 magna-

309 858 460 896 nimitas
489 859 569 896 sive
602 859 762 907 fiducia,
792 867 834 897 ut
862 873 907 897 ex
937 873 1050 910 supra
1075 860 1096 883 *
1125 860 1231 898 dictis
1266 868 1380 910 patet

311 913 388 950 Sed
426 912 473 949 de
515 913 695 962 patientia
732 913 978 951 inveniuntur
1015 914 1143 962 aliqua
1178 921 1382 963 praecepta

309 964 444 1002 tradita
472 965 510 1003 in
539 967 620 1015 lege
650 966 779 1004 divina
797 967 837 1004 *z
868 967 1038 1004 similiter
1066 975 1195 1005 autern
1228 975 1264 1003 et
1289 972 1307 988 α
1335 968 1382 1004 de
1409 963 1410 966 '

310 1021 595 1068 perseverantia
608 1019 640 1057 *.
663 1021 778 1069 Ergo,
795 1021 877 1070 pari
897 1021 1055 1068 ratione,
1073 1021 1121 1058 de
1137 1020 1383 1068 magnificen-

310 1079 362 1163 ξε
391 1080 427 1109 et
456 1073 768 1122 magnanimitate
797 1074 924 1123 aliqua
961 1081 1165 1123 praecepta
1192 1073 1289 1110 tradi
1320 1074 1383 1110 de-

337 1134 487 1163 uerunt.

367 1191 402 1217 2.
430 1180 666 1226 PRAETEREA,
687 1179 869 1229 patientia
898 1187 954 1216 est
977 1179 1095 1216 virtus
1125 1179 1290 1217 maxime
1320 1191 1383 1215 ne-

312 1233 494 1270 cessaria:
533 1246 621 1270 cum
657 1233 703 1270 sit
741 1239 862 1270 custos
899 1233 1065 1270 aliarum
1102 1233 1304 1278 virtutum,
1343 1240 1384 1269 ut

311 1286 520 1337 Gregorius
547 1286 638 1323 dicit
655 1285 687 1323 *.
718 1286 797 1323 Sed
826 1286 874 1324 de
902 1286 984 1323 aliis
1011 1286 1215 1323 virtutibus
1244 1286 1382 1323 dantur

309 1345 514 1388 praecepta
533 1339 718 1376 absolute.
745 1341 837 1376 Non
858 1352 947 1388 ergo
969 1340 1016 1377 de
1036 1339 1216 1389 patientia
1235 1339 1386 1376 fuerunt

311 1392 439 1430 danda
466 1400 673 1441 praecepta
701 1405 799 1442 quae
827 1393 1080 1441 intelligantur
1107 1394 1232 1430 solum
1253 1404 1383 1430 secun-

309 1445 399 1482 dum
423 1446 758 1494 praeparationem
787 1446 918 1492 animi,
946 1455 989 1483 ut
1016 1446 1250 1494 Augustinus
1283 1445 1383 1493 dicit,

311 1498 349 1536 in
377 1498 475 1536 libro
505 1499 625 1536 Serm.
655 1500 770 1537 Dom.
801 1500 838 1536 in
866 1500 1002 1537 Monte
1020 1499 1052 1537 ²⁸.

367 1553 402 1590 3.
429 1553 673 1599 Pmrmm,
702 1553 883 1602 patientia
913 1561 949 1590 et
976 1553 1261 1602 perseverantia
1299 1560 1386 1590 sunt

310 1613 438 1656 partes
465 1606 711 1653 fortitudinis,
740 1614 782 1644 ut
809 1606 952 1644 dictum
983 1615 1039 1644 est
1060 1607 1091 1644 ¹⁸¹.
1121 1607 1199 1645 Sed
1235 1607 1283 1644 de
1311 1607 1387 1644 for-

311 1659 473 1697 titudine
508 1671 588 1697 non
625 1660 764 1698 dantur
794 1668 1000 1710 praecepta
1036 1660 1278 1708 affirmativa,
1317 1661 1386 1698 sed

277 1731 286 1743 ι
312 1713 439 1751 solum
475 1713 674 1762 negativa,
703 1721 746 1751 ut
783 1726 899 1764 supra
917 1714 938 1736 *
964 1714 1138 1752 habitum
1177 1722 1242 1752 est.
1281 1715 1385 1763 Ergo

312 1765 429 1805 etiam
449 1779 574 1816 neque
599 1767 647 1805 de
672 1767 853 1817 patientia
872 1775 908 1805 et
926 1767 1210 1817 perseverantia
1234 1767 1387 1805 fuerunt

313 1819 440 1858 danda
467 1829 672 1870 praecepta
691 1821 934 1868 affirmativa,
954 1821 1024 1859 sed
1051 1822 1176 1858 solum
1197 1822 1384 1869 negativa.

367 1874 444 1911 Sei>
473 1885 711 1912 con-smmum
748 1875 912 1912 habetur
945 1887 990 1912 ex
1018 1874 1219 1912 traditione
1255 1887 1384 1912 sacrae

314 1927 544 1976 Scripturae.

367 1981 598 2018 Responnno
626 1991 812 2018 DICENDUM
841 1980 947 2029 quod
975 1981 1035 2018 lex
1064 1980 1191 2018 divina
1219 1981 1386 2030 perfecte

313 2033 494 2071 informat
529 2033 731 2081 hominem
761 2034 809 2072 de
837 2034 896 2072 his
925 2046 1023 2084 quae
1058 2042 1146 2072 sunt
1174 2035 1388 2072 necessaria

315 2087 365 2124 ad
393 2095 495 2124 recte
522 2086 749 2124 vivendum.
779 2087 925 2136 Indiget
952 2095 1081 2125 autem
1102 2088 1223 2125 homo
1253 2090 1300 2126 ad
1331 2100 1386 2125 re-

317 2147 375 2178 cte
392 2140 606 2178 vivendum
626 2153 706 2178 non
731 2141 858 2178 solum
877 2141 1080 2180 virtutibus
1100 2140 1385 2190 principalibus,

316 2193 386 2231 sed
413 2193 528 2232 etiam
555 2194 759 2232 virtutibus
787 2194 1022 2232 secundariis
1050 2202 1086 2232 et
1109 2194 1307 2232 adiunctis.
1337 2196 1387 2232 Et

315 2246 404 2285 ideo
441 2247 480 2284 in
513 2248 597 2296 lege
635 2247 783 2294 divina,
812 2248 910 2285 sicut
945 2249 1084 2286 dantur
1117 2248 1386 2286 convenientia

316 2307 520 2349 praecepta
548 2300 596 2338 de
631 2301 778 2338 actibus
804 2301 989 2339 virtutum
1017 2301 1305 2351 principalium,
1335 2301 1387 2339 ita

368 2415 397 2448 α)
414 2418 506 2441 autem
523 2418 559 2442 et.
570 2429 590 2435 -
607 2419 697 2442 autem
715 2416 836 2447 BCDFL,
856 2416 942 2450 igitur
959 2419 987 2442 et
1005 2416 1024 2447 1,
1042 2416 1125 2442 etiam
1143 2418 1175 2447 Α.
1194 2417 1276 2442 eriam
1295 2421 1322 2443 et
1339 2417 1385 2442 Pa.
1412 2419 1415 2456 ᾗ

368 2450 394 2485 β)
412 2451 644 2477 secundat-iarum.
655 2466 675 2471 -
691 2452 871 2478 secundarum
892 2452 980 2483 eom,
998 2453 1188 2478 secundarium
1207 2453 1261 2478 DF.

1434 594 1548 630 etiam
1579 595 1716 631 dantur
1745 594 2012 631 convenientia
2048 600 2254 643 praecepta
2284 593 2332 630 de
2360 593 2506 630 actibus

1435 647 1746 685 secundariarum
1767 646 1782 676 β
1809 647 1994 684 virtutum
2025 655 2060 684 et
2088 647 2368 684 adiunctarum.

1488 702 1548 737 An
1577 712 1714 738 PRIMUM
1743 712 1842 738 ERGO
1871 713 2056 738 mCENDUM
2090 701 2195 749 quod
2225 699 2508 748 magnificentia

1437 761 1473 790 et
1500 754 1794 814 magnanimitas
1813 767 1892 792 non
1925 754 2113 803 pertinent
2140 753 2188 791 ad
2216 765 2337 802 genus
2364 752 2508 790 fortitu-

1436 807 1533 844 dinis
1570 807 1640 844 nisi
1670 808 1883 845 secundum
1910 807 2109 870 quandam
2138 806 2410 856 magnitudinis
2445 819 2508 843 ex-

1437 861 1649 897 cellentiam
1677 873 1795 910 quam
1834 850 1932 898 circla
1959 861 2156 910 propriam
2185 860 2386 898 materiam
2419 872 2510 898 con-

1437 914 1615 951 siderant.
1653 915 1710 951 Ea
1739 921 1868 951 autem
1898 927 1996 963 quae
2025 914 2214 963 pertinent
2242 914 2291 952 ad
2325 915 2509 951 excellen-

1437 967 1528 1004 tiam
1547 967 1668 1015 magis
1689 967 1830 1004 cadunt
1849 968 1920 1004 sub
1945 967 2111 1004 consiliis
2131 967 2372 1016 perfectionis
2391 979 2508 1017 quam

1438 1021 1510 1057 sub
1538 1020 1751 1069 praeceptis
1779 1020 2024 1057 necessitatis.
2063 1022 2112 1057 Et
2139 1021 2228 1058 ideo
2257 1021 2306 1058 de
2335 1021 2509 1069 magnifi—

1439 1074 1561 1109 centia
1590 1080 1627 1109 et
1646 1073 1957 1121 magnanimitate
1978 1086 2057 1110 non
2076 1074 2228 1110 fuerunt
2248 1074 2375 1112 danda
2402 1086 2511 1124 prae-

1439 1133 1569 1175 cepta,
1599 1126 1667 1163 sed
1696 1126 1817 1174 magis
1847 1126 2016 1164 consilia.
2051 1127 2289 1164 Afflictiones
2318 1135 2445 1165 autem
2474 1136 2511 1165 et

1439 1180 1589 1216 labores
1626 1179 1836 1228 praesentis
1863 1179 1965 1217 vitae
1994 1180 2183 1229 pertinent
2211 1181 2259 1218 ad
2287 1181 2509 1230 patientiam

1439 1240 1476 1269 et
1504 1232 1830 1281 perseverantiam
1859 1245 1938 1270 non
1967 1233 2112 1270 ratione
2142 1234 2298 1270 alicuius
2327 1235 2511 1282 magnitu-

1440 1285 1536 1323 dinis
1565 1286 1604 1322 in
1634 1286 1687 1322 eis
1717 1286 1999 1333 consideratae,
2030 1287 2098 1324 sed
2127 1287 2273 1324 ratione
2305 1287 2422 1336 ipsius
2450 1299 2511 1336 ge-

1439 1338 1552 1376 neris.
1583 1339 1632 1376 Et
1660 1339 1748 1376 ideo
1778 1340 1825 1377 de
1854 1340 2032 1389 patientia
2062 1348 2097 1377 et
2125 1341 2409 1389 perseverantia
2434 1341 2513 1378 fue-

1440 1399 1527 1429 runt
1556 1392 1683 1429 danda
1711 1401 1927 1442 praecepta.

1493 1448 1553 1483 An
1581 1457 1774 1484 SECUNDUM
1798 1458 1983 1484 DICENDUM
2008 1447 2125 1495 quod,
2156 1447 2250 1483 sicut
2278 1460 2393 1496 supra
2412 1448 2431 1469 *
2460 1447 2514 1485 di-

1441 1507 1544 1537 ctum
1575 1508 1641 1547 est,
1662 1508 1867 1549 praecepta
1887 1500 2128 1548 affirmativa,
2152 1500 2219 1537 etsi
2239 1513 2392 1550 semper
2420 1501 2513 1538 obli-

1439 1561 1548 1602 gent,
1580 1565 1658 1590 non
1687 1562 1816 1590 tamen
1854 1554 2022 1602 obligant
2061 1554 2109 1591 ad
2138 1566 2311 1602 semper,
2341 1554 2409 1591 sed
2442 1567 2512 1603 pro

1440 1608 1527 1644 loco
1558 1615 1594 1644 et
1621 1615 1811 1656 tempore.
1850 1608 1899 1644 Et
1927 1607 2015 1645 ideo
2044 1607 2141 1645 sicut
2172 1615 2377 1656 praecepta
2413 1608 2513 1645 affir-

1440 1660 1584 1698 mativa
1608 1673 1707 1708 quae
1728 1661 1776 1698 de
1807 1661 1986 1710 patientia
2006 1661 2156 1709 dantur,
2177 1669 2265 1698 sunt
2293 1661 2515 1711 accipienda

1441 1714 1654 1752 secundum
1674 1714 2006 1763 praeparationem
2026 1715 2154 1761 animi,
2175 1723 2217 1752 ut
2235 1714 2377 1752 scilicet
2393 1715 2514 1752 homo

1442 1768 1486 1805 sit
1505 1775 1660 1817 paratus
1675 1780 1720 1805 ea
1735 1768 1946 1817 adimplere
1966 1781 2055 1806 cum
2075 1781 2173 1818 opus
2192 1768 2314 1817 fuerit,
2330 1768 2380 1806 ita
2400 1769 2513 1806 etiam

1443 1828 1479 1858 et
1505 1829 1711 1870 praecepta
1738 1822 1942 1870 patientiae
1961 1827 1988 1858 Υ.

1494 1876 1554 1911 AD
1569 1886 1731 1912 TERTIUM
1750 1877 1938 1913 D1CENDUM'
1958 1875 2063 1924 quod
2083 1875 2277 1921 fortitudo,
2299 1877 2512 1912 secundum

1442 1928 1547 1977 quod
1571 1927 1810 1976 distinguitur
1828 1941 1851 1966 a
1870 1929 2050 1978 patientia
2079 1936 2115 1966 et
2142 1929 2438 1978 perseverantia,
2461 1936 2516 1966 est

1442 1981 1540 2018 circa
1560 1982 1729 2019 maxima
1743 1982 1930 2031 pericula:
1952 1982 1990 2019 in
2010 1982 2148 2031 quibus
2169 1983 2316 2019 cautius
2332 1990 2387 2020 est
2402 1994 2515 2031 agen-

1441 2036 1547 2082 dum,
1569 2047 1640 2072 nec
1668 2043 1820 2085 oportet
1848 2036 1990 2085 aliquid
2017 2035 2260 2073 determinari
2287 2036 2325 2073 in
2352 2036 2514 2085 particu-

1441 2088 1508 2125 lari
1536 2088 1628 2138 quid
1658 2089 1704 2127 sit
1731 2089 1961 2127 faciendum.
1999 2089 2077 2126 Sed
2109 2088 2290 2138 patientia
2324 2097 2360 2126 et
2387 2101 2515 2138 perse-

1440 2142 1613 2179 verantia
1649 2150 1735 2180 sunt
1778 2142 1875 2180 circa
1913 2142 2083 2180 minores
2121 2142 2347 2179 afflictiones
2385 2150 2422 2179 et
2465 2143 2517 2179 la-

1441 2195 1567 2232 bores.
1599 2196 1648 2232 Et
1674 2195 1761 2233 ideo
1791 2196 1914 2244 magis
1938 2195 2018 2233 sine
2046 2195 2216 2244 periculo
2245 2203 2370 2244 potest
2396 2195 2433 2232 in
2463 2195 2516 2232 eis

1412 2283 1413 2286 ,
1442 2248 1685 2286 determinari
1713 2249 1807 2297 quid
1836 2249 1881 2286 sit
1909 2249 2123 2298 agendum:
2161 2248 2326 2286 maxime
2356 2249 2394 2286 in
2435 2249 2518 2286 uni-

1439 2302 1590 2339 versali.

1494 2418 1522 2451 γ)
1538 2417 1700 2450 patientiae.
1711 2418 1915 2451 -sortt'tudinis
1929 2419 1964 2449 L,
1984 2426 2063 2452 supra
2077 2426 2126 2452 pro
2140 2426 2208 2452 quae
2222 2420 2255 2445 de
2264 2420 2402 2452 patientia
2416 2420 2518 2446 dantur

1413 2449 1415 2482 ἱ
1442 2453 1545 2487 aliquae
1564 2454 1691 2479 editiones
1711 2454 1800 2487 legunt
1818 2461 1886 2487 quae
1906 2454 1939 2480 de
1957 2454 2019 2480 aliis
2039 2455 2183 2480 virtutibus
2202 2456 2312 2481 dantur.

462 3644 573 3669 Suum
591 3643 695 3668 Timor„
714 3644 745 3669 D.
761 3643 876 3669 Tnouu.
895 3644 927 3669 T.
939 3645 994 3670 vn.

2336 3647 2365 3672 16
