2768 4198
42 646 52 655 ⁸
57 644 80 665 ln
86 650 146 671 resp.
156 644 184 665 ad
190 649 237 671 arg.
245 649 252 665 1

43 674 105 692 cont.
120 671 222 692 conclus.
235 677 250 692 ι.

40 827 51 837 ⁸
65 826 100 848 Cf.
115 831 179 847 num.
193 832 214 847 v.

39 958 49 968 ⁸
63 957 170 979 Conclus.
185 962 205 978 2.

31 1710 42 1719 ⁸
55 1709 124 1731 Num.
141 1714 156 1730 ι.

34 2955 41 2962 ·
57 2952 91 2975 Cf.
104 2959 166 2974 num.
178 2958 240 2980 prae-

34 2979 92 3007 ced„
107 2979 155 3001 init.

285 300 359 336 322

948 294 1214 341 QUAESTIO
1246 293 1402 339 CLXII,
1432 294 1729 332 ARTICULUS
1758 295 1793 332 V

282 381 353 410 tale.
385 379 469 418 Ergo
502 388 558 408 nec
583 378 686 407 omnis
711 377 849 407 defectus
874 373 1076 405 subiectionis
1101 373 1138 402 ad
1163 373 1268 402 Deum
1298 378 1344 401 est
1368 370 1371 410 ξ
1398 372 1568 404 caritatem.
1593 373 1654 404 Sed
1671 373 1746 414 quia
1761 374 1886 403 istamet
1909 380 2044 414 possunt
2065 373 2148 404 sumi
2173 374 2349 403 secundum
2374 373 2462 414 quid,

282 430 447 464 peccatum
464 423 605 452 mortale.
622 440 643 444 -
660 422 855 452 Antecedens
876 419 1036 459 probatur.
1061 416 1144 454 Quia
1162 426 1227 446 non
1248 425 1343 456 quae-

281 468 356 499 libet
380 467 499 497 aversio
525 477 540 496 a
565 466 633 496 Deo
658 465 692 495 fit
716 475 770 504 per
793 471 897 493 actum
923 461 1070 491 nolendi:
1102 461 1155 490 sed
1180 460 1285 500 aliqua
1309 458 1344 490 fit

281 522 337 553 per
361 511 559 551 negationem
585 516 671 540 actus
688 508 824 543 volendi,
849 507 880 536 in
899 516 930 536 re
947 512 977 535 et
996 515 1054 545 pro
1071 512 1215 544 tempore
1229 504 1262 534 in
1279 514 1342 544 qua

1369 416 1370 429 ³
1397 426 1434 446 ex
1453 416 1692 457 imperfectione
1708 425 1812 448 actus:
1838 418 1887 448 vel
1910 426 2040 458 propter
2055 417 2349 448 indeliberationem
2364 425 2462 454 actus,

1367 444 1370 476 Ι

1367 478 1370 487 v

1368 492 1369 501 l

1397 467 1432 491 ut
1455 461 1610 501 contingit
1632 462 1665 492 in
1689 462 1798 502 primis
1823 462 1981 499 motibus;
2013 463 2063 492 vel
2090 469 2220 502 propter
2250 461 2462 501 imperfectio-

1368 515 1369 519 *
1396 514 1470 534 nem
1494 505 1658 542 materiae,
1686 513 1720 536 ut
1743 506 1897 545 contingit
1926 506 1958 536 in
1982 506 2117 546 peccatis
2141 506 2317 536 venialibus
2342 516 2379 536 ex
2402 516 2462 537 suo

281 565 311 587 et
342 566 400 596 pro
429 565 494 595 quo
524 564 589 584 non
619 561 763 583 tenemur
792 550 930 581 converti
955 550 994 579 ad
1018 549 1123 579 Deum
1154 549 1213 579 sub
1238 558 1341 588 poena

280 599 399 640 peccati
422 598 573 629 mortalis.

1366 627 1368 641 4

335 643 447 675 Subdit
471 649 578 681 postea
594 641 611 659 *
634 639 786 670 Martinus
808 637 1048 678 responsionem
1065 637 1102 666 ad
1120 636 1339 667 auctoritatem
1366 671 1368 674 r

279 687 425 728 Apostoli
449 686 610 716 inductam
634 684 664 713 in
688 683 798 718 littera,
823 683 929 712 dicens
954 682 1052 722 quod,
1078 681 1102 711 si
1128 681 1339 716 concluderet,

279 732 378 772 magis
407 730 609 761 concluderet
636 728 673 757 de
697 727 781 757 inani
806 727 905 766 gloria
934 736 1032 766 quam
1061 725 1225 765 superbia.
1251 725 1339 765 quod

278 777 317 806 sit
340 782 504 815 peccatum
529 772 671 802 mortale.

333 820 368 850 ΙΙ.
395 818 576 849 Secundum
601 816 735 845 dubium
752 817 766 833 ‘⁶
791 821 836 845 est
859 814 940 844 circa
956 813 1113 844 rationem
1137 813 1228 854 quasi
1244 813 1339 843 aliam

276 873 371 904 quare
391 861 536 901 superbia
560 867 605 890 est
629 866 792 899 peccatum
810 859 952 895 mortale,
973 858 1049 898 quia
1066 858 1183 888 scilicet
1199 864 1245 888 est
1264 867 1339 887 con·
1365 875 1366 891 ἢ

276 914 414 947 temptus
432 905 504 936 Dei:
530 911 565 935 ut
587 907 709 934 Auctor
733 903 807 933 dicit
823 913 967 943 expresse
984 903 1015 932 in
1032 902 1178 943 sequenti
1193 901 1339 932 articulo.
1364 917 1366 945 ξ

275 952 404 986 Contra,
420 949 523 990 inquit
537 948 690 979 Martinus
706 948 737 977 *:
764 958 829 977 non
847 947 951 978 omnis
969 947 1115 988 superbia
1132 954 1178 977 est
1195 953 1338 976 contem-

274 1003 346 1036 ptus
371 994 439 1024 Dei.
469 994 554 1032 Ergo
579 1003 643 1022 non
668 992 773 1022 omnis
797 992 943 1031 superbia
968 1002 1004 1022 ex
1027 991 1080 1021 illa
1104 1001 1198 1022 causa
1223 990 1339 1021 consti-

273 1040 372 1070 tuitur
394 1044 560 1078 peccatum
579 1037 721 1067 mortale.
747 1054 765 1058 -
789 1036 988 1066 Antecedens
1013 1037 1174 1076 probatur.
1200 1035 1268 1066 Stat
1286 1035 1339 1065 ali·
1364 1059 1365 1062 ,

1364 1083 1365 1094 ’
1391 1081 1484 1111 iectio
1508 1091 1608 1122 quam
1630 1087 1816 1121 aspernatur
1839 1081 2000 1121 superbia,
2026 1081 2143 1112 scilicet
2166 1082 2256 1122 quod
2286 1087 2334 1112 est
2357 1082 2462 1112 subie-

273 1093 369 1125 quem
394 1082 483 1113 nullo
500 1082 599 1112 modo
615 1088 817 1111 contemnere
833 1081 939 1111 Deum
955 1080 1094 1121 amplius
1110 1090 1209 1120 quam
1225 1090 1338 1110 avarus

273 1127 447 1159 contemnit
475 1136 567 1162 eum,
592 1133 622 1156 et
653 1132 758 1156 tamen
788 1125 947 1165 despicere
975 1125 1178 1165 proximum,
1203 1131 1233 1155 et
1256 1124 1337 1155 forte

272 1172 447 1212 praelatum
464 1177 518 1201 aut
530 1170 704 1210 principem
723 1179 828 1200 suum.
846 1170 931 1209 Ergo
949 1179 1015 1200 non
1032 1169 1185 1210 reperitur
1199 1169 1231 1199 in
1249 1168 1338 1199 omni

272 1223 400 1257 peccato
425 1214 589 1255 superbiae
613 1213 769 1254 positivus
793 1214 851 1244 Dei
876 1220 1091 1254 contemptus.

326 1260 482 1291 Secundo.
515 1260 606 1289 Pono
635 1268 743 1288 casum
772 1258 860 1298 quod
889 1258 975 1288 Deus
1004 1265 1034 1288 et
1065 1257 1223 1298 praelatus
1250 1257 1336 1288 idem

271 1305 471 1346 praecipiant,
495 1310 524 1334 et
547 1313 605 1343 pro
626 1303 733 1343 aliquo
749 1310 893 1342 tempore
910 1303 986 1333 sciat
1002 1304 1158 1343 superbus
1174 1302 1255 1332 illud
1270 1312 1337 1333 esse

270 1356 474 1390 praeceptum
503 1358 520 1378 a
543 1347 700 1388 praelato,
726 1357 791 1377 non
815 1354 922 1377 autem
947 1358 964 1377 a
988 1348 1076 1378 Deo:
1110 1355 1140 1378 et
1170 1354 1338 1377 moveatur

269 1401 344 1425 tunc
366 1393 520 1434 superbus
544 1393 583 1422 ad
607 1391 847 1432 despiciendum
870 1393 1057 1432 praelatum,
1082 1399 1113 1423 et
1136 1398 1256 1432 postea,
1282 1401 1336 1422 co-

269 1439 356 1479 gnito
381 1438 468 1479 quod
485 1443 531 1467 est
554 1436 650 1467 etiam
674 1443 879 1476 praeceptum
896 1447 914 1467 a
930 1437 1010 1473 Deo,
1030 1436 1248 1472 nihilominus,
1268 1436 1335 1466 vin-

269 1490 357 1513 cente
381 1481 570 1518 infirmitate,
587 1491 652 1511 non
677 1491 713 1511 ex
733 1487 919 1521 contemptu
936 1481 1005 1518 Dei,
1022 1481 1076 1511 sed
1096 1491 1133 1512 ex
1149 1488 1335 1522 contemptu

268 1527 397 1568 praelati
421 1534 451 1557 et
475 1526 521 1556 sui
547 1525 715 1565 praecepti,
740 1525 995 1565 transgrediatur.
1024 1525 1084 1556 Hic
1108 1533 1239 1566 apparet
1262 1536 1336 1566 pos—

269 1572 356 1602 sibile
381 1581 447 1602 esse
471 1571 645 1611 superbum
669 1577 872 1600 contemnere
896 1570 1090 1610 praelatum,
1114 1577 1145 1601 et
1169 1580 1235 1600 non
1260 1580 1336 1600 con-

268 1624 408 1647 temnere
432 1616 548 1646 Deum.
577 1615 617 1645 Et
640 1625 696 1655 per
720 1624 921 1655 consequens
946 1625 1011 1644 non
1037 1614 1131 1645 habet
1154 1615 1260 1645 omnis
1284 1625 1336 1645 su-

268 1661 374 1702 perbia
399 1670 435 1690 ex
458 1666 645 1699 contemptu
670 1659 728 1689 Dei
753 1659 842 1700 quod
866 1659 906 1690 sit
928 1666 1096 1699 peccatum
1120 1659 1265 1690 mortale.

324 1706 374 1736 111.
399 1705 450 1735 Ad
478 1703 668 1734 evidentiam
696 1703 791 1743 primi
822 1703 910 1734 dubii
928 1704 961 1740 *,
987 1703 1152 1734 sciendum
1177 1710 1224 1734 est
1247 1704 1337 1744 quod

268 1757 415 1790 appetere
444 1748 563 1789 aliquid
592 1758 687 1788 supra
716 1747 856 1778 divinam
885 1748 1029 1788 regulam
1052 1758 1107 1778 seu
1132 1757 1335 1787 mensuram,

268 1794 420 1834 contingit
443 1793 619 1833 dupliciter.
645 1793 719 1823 Uno
743 1794 855 1831 modo,
879 1793 922 1823 ita
938 1793 1027 1834 quod
1044 1792 1203 1833 appetitus
1219 1792 1337 1823 feratur

266 1839 299 1869 in
321 1839 408 1869 illam
429 1848 494 1868 rem
511 1837 716 1877 appetibilem
737 1847 819 1878 quae
840 1837 959 1868 excedit
975 1837 1091 1868 limites
1107 1837 1231 1867 divinae
1247 1847 1336 1867 men·
1361 1872 1363 1877 .

267 1893 357 1914 surae
381 1890 522 1923 respectu
540 1881 734 1922 appetentis:
761 1889 848 1922 puta,
873 1882 993 1922 appetit
1010 1883 1164 1912 maiorem
1181 1882 1334 1912 excellen-

1361 1928 1363 1938 ¹
1389 1926 1471 1958 sicut
1500 1927 1652 1958 detractio
1682 1926 1857 1957 formaliter
1875 1926 2011 1957 alienam
2035 1926 2154 1956 famam
2177 1926 2274 1957 laedit
2296 1935 2334 1956 ex
2355 1925 2461 1957 inten-

267 1928 342 1959 tiam
358 1934 413 1957 aut
428 1927 562 1966 gloriam
579 1936 677 1967 quam
694 1926 751 1956 sibi
768 1927 945 1958 conveniat.
969 1927 1043 1957 Alio
1061 1927 1171 1963 modo,
1188 1926 1231 1958 ita
1247 1926 1336 1967 quod

266 1972 424 2013 appetitus
444 1971 560 2003 feratur
576 1971 609 2001 in
626 1971 728 2010 ipsam
745 1971 954 2002 abiectionem
971 1971 1177 2002 subiectionis
1193 1970 1334 2002 divinae:

268 2018 328 2048 hoc
352 2024 408 2053 est,
434 2017 521 2057 quod
545 2015 619 2046 hinc
643 2015 763 2056 appetit
786 2016 941 2046 maiorem
965 2016 1110 2056 gloriam,
1135 2016 1209 2057 quia
1235 2026 1338 2056 asper·
1361 2033 1363 2040 π

267 2068 361 2092 natur
383 2060 493 2091 subiici
528 2070 700 2091 mensurae
722 2070 785 2100 qua
816 2070 946 2091 mensus
970 2065 1017 2091 est
1041 2070 1111 2091 eum
1136 2061 1236 2091 Deus.
1271 2059 1336 2091 Lit-

267 2114 331 2136 tera
355 2104 526 2145 praesentis
551 2104 673 2135 articuli
697 2104 759 2135 hoc
775 2106 917 2135 secundo
935 2105 1034 2135 modo
1055 2105 1258 2146 intelligenda
1273 2112 1334 2136 est:

268 2158 298 2181 et
321 2160 387 2180 non
411 2149 515 2190 primo
540 2149 651 2185 modo,
677 2155 712 2179 ut
735 2149 891 2180 Martinus
915 2149 1045 2189 accepit.

321 2195 409 2225 Patet
425 2200 532 2224 autem
548 2194 634 2223 hunc
658 2203 724 2223 esse
742 2203 871 2224 sensum
895 2194 1024 2230 litterae,
1042 2204 1078 2224 ex
1098 2204 1136 2224 eo
1159 2194 1248 2234 quod
1265 2193 1335 2224 fun-

268 2239 453 2269 damentum
471 2238 537 2268 eius
554 2245 600 2268 est
616 2237 779 2277 oppositio
796 2238 835 2268 ad
852 2238 1074 2269 humilitatem.
1099 2238 1234 2268 Constat
1250 2237 1335 2268 enim
1362 2277 1364 2281 ι

268 2283 357 2324 quod
376 2282 538 2312 humilitas
563 2282 740 2322 appetitum
761 2283 942 2312 tendentem
965 2282 997 2312 in
1014 2282 1133 2312 excelsa
1154 2282 1337 2312 moderatur

268 2327 461 2367 apponendo
486 2326 531 2356 illi
555 2326 690 2356 modum
715 2326 838 2356 divinae
862 2326 1077 2357 subiectionis.
1109 2329 1154 2357 Ac
1183 2336 1239 2366 per
1263 2326 1336 2362 hoc,
1362 2353 1364 2359 ,

269 2370 415 2411 superbia
439 2370 591 2410 appetitui
622 2370 767 2410 propriae
791 2371 991 2401 excellentiae
1022 2370 1155 2411 apponit
1178 2370 1335 2400 immode—

269 2415 402 2446 rantiam
419 2422 638 2454 aspernantem
655 2414 795 2445 divinam
812 2415 1052 2445 subiectionem.
1073 2415 1114 2445 Et
1128 2414 1202 2445 huic
1219 2424 1337 2455 propo-

270 2460 331 2490 sito
349 2459 513 2489 manifeste
530 2459 663 2489 deservit
687 2466 753 2490 tota
776 2459 887 2496 littera,
904 2459 929 2489 si
950 2459 1146 2499 prospexeris
1170 2459 1258 2500 quod
1282 2469 1336 2489 au—

270 2504 395 2534 ctoritas
420 2503 567 2544 Apostoli
592 2510 626 2534 ut
650 2503 835 2544 interposita
866 2504 1048 2544 accipienda
1072 2510 1118 2534 est
1141 2503 1181 2534 ad
1205 2503 1335 2534 manife-
1362 2535 1363 2551 ἶ

270 2548 419 2579 standum
451 2547 553 2588 qualis
583 2555 629 2578 est
659 2548 812 2578 subiectio
843 2559 860 2578 a
891 2559 954 2589 qua
986 2547 1105 2584 deficit,
1137 2547 1335 2588 aspernando

270 2602 351 2630 eam,
368 2592 523 2632 superbia.

325 2636 378 2667 1V.
403 2636 452 2666 Ad
471 2637 616 2676 primum
634 2646 709 2675 ergo
734 2643 958 2676 argumentum
976 2636 1112 2672 Martini,
1131 2637 1273 2676 neganda
1290 2643 1336 2666 est

269 2680 452 2720 simpliciter
476 2680 711 2723 consequentia,
736 2681 942 2721 intelligendo
967 2690 1165 2722 consequens
1189 2681 1334 2716 univoce,

270 2725 386 2755 scilicet
409 2725 440 2754 in
471 2735 563 2755 sensu
588 2725 753 2762 Auctoris,
779 2733 887 2756 contra
916 2735 1011 2766 quem
1044 2725 1159 2756 directe
1183 2725 1334 2765 arguitur.

269 2770 431 2800 Extollens
453 2769 611 2810 siquidem
636 2780 668 2800 se
690 2780 726 2800 ex
749 2777 852 2810 spreta
874 2769 1070 2800 subiectione
1094 2770 1210 2806 divina,
1228 2776 1337 2810 peccat

269 2814 451 2845 mortaliter.

325 2859 374 2888 Ad
389 2858 562 2889 secundum
580 2858 694 2888 dicitur
717 2859 805 2899 quod
825 2869 925 2889 vanus
943 2865 973 2889 et
988 2858 1174 2889 ambitiosus
1198 2868 1263 2889 non
1280 2868 1334 2898 ap·
1360 2857 1362 2873 ¹

1360 2919 1362 2922 ⁴
1388 2905 1478 2944 quod
1502 2903 1592 2940 dico,
1615 2904 1730 2935 subiici
1751 2903 1837 2940 Deo,
1863 2909 2047 2943 opponatur
2069 2909 2100 2933 et
2123 2901 2186 2933 hoc
2209 2901 2298 2942 quod
2322 2908 2369 2932 est
2391 2911 2454 2932 non

269 2910 380 2943 petunt
397 2902 517 2932 maiora
533 2913 570 2932 ex
586 2903 710 2942 repulsa
726 2903 848 2933 divinae
872 2903 1085 2934 subiectionis.
1110 2903 1151 2934 Et
1172 2902 1244 2933 ideo
1268 2913 1334 2933 non

269 2954 342 2978 sunt
359 2947 396 2977 ad
420 2947 638 2986 propositum:
664 2947 718 2977 sed
738 2947 822 2978 iuxta
842 2948 982 2987 primum
999 2958 1127 2978 sensum
1143 2947 1160 2966 *
1183 2948 1333 2988 arguitur.

324 2992 374 3022 Ad
398 2992 526 3021 tertium
552 2991 665 3021 dicitur
694 2992 783 3031 quod
807 2992 838 3022 in
863 2992 915 3023 tali
940 2992 1158 3023 aestimatione
1185 2999 1215 3023 et
1238 3002 1333 3032 appe-

269 3036 344 3072 titu,
369 3036 498 3076 quando
522 3042 568 3065 est
592 3043 756 3075 peccatum
780 3036 919 3073 veniale,
945 3047 1010 3067 non
1034 3044 1081 3068 est
1104 3036 1251 3077 superbia
1274 3036 1334 3067 nisi

269 3080 478 3111 materialiter.
504 3079 544 3109 Et
568 3087 733 3120 propterea
758 3091 823 3110 non
848 3088 894 3111 est
918 3081 1046 3112 mirum.

324 3124 375 3154 Ad
396 3129 546 3164 quartum
571 3124 684 3155 dicitur
714 3125 803 3165 quod
829 3126 1016 3156 antecedens
1040 3133 1086 3157 est
1109 3125 1332 3161 falsissimum,

270 3168 328 3198 nisi
343 3169 512 3199 abutamur
527 3169 700 3200 vocabulis.
723 3169 763 3199 Et
782 3170 821 3199 ad
841 3170 1072 3210 probationem,
1093 3177 1225 3210 negatur
1244 3170 1333 3211 quod

270 3212 310 3242 sit
325 3212 473 3252 possibile
490 3212 655 3243 hominem
676 3214 771 3245 averti
789 3224 806 3244 a
822 3214 901 3251 Deo,
919 3215 982 3245 sive
1000 3225 1055 3254 per
1077 3222 1183 3245 actum
1207 3214 1334 3245 nolitio-

271 3256 318 3286 nis
335 3256 398 3286 sive
414 3257 584 3293 volitionis,
598 3257 630 3287 in
648 3268 688 3294 re,
704 3265 857 3298 tempore,
871 3259 953 3293 loco,
968 3267 1038 3295 etc.,
1052 3259 1118 3290 sine
1139 3259 1334 3299 obligatione

272 3301 311 3330 ad
334 3301 476 3331 mortale.
511 3302 674 3339 Quoniam
698 3309 752 3333 aut
776 3313 842 3333 non
866 3311 912 3334 est
936 3304 1031 3334 averti
1056 3314 1074 3334 a
1096 3304 1180 3334 Deo:
1213 3310 1283 3340 aut,
1308 3303 1333 3333 si

273 3351 318 3374 est
341 3345 446 3380 averti,
471 3353 516 3376 est
539 3354 703 3385 peccatum
723 3348 866 3378 mortale.
892 3348 952 3378 Sed
972 3348 1126 3378 falluntur
1145 3347 1224 3378 forte
1242 3347 1334 3378 multi

273 3387 347 3428 quia
376 3398 440 3418 non
465 3389 644 3421 discernunt
674 3391 754 3422 inter
777 3392 965 3432 simpliciter
993 3399 1023 3423 et
1048 3392 1223 3423 secundum
1247 3392 1333 3433 quid.

272 3432 355 3462 Nam
380 3432 454 3462 haec
478 3434 595 3469 omnia,
621 3435 737 3466 scilicet
768 3446 832 3466 non
857 3437 967 3467 subiici
991 3437 1071 3473 Deo,
1097 3437 1193 3468 averti
1217 3447 1234 3466 a
1255 3437 1335 3472 Deo,

274 3475 374 3506 facere
398 3483 505 3506 contra
523 3477 625 3516 legem
642 3479 710 3515 Dei,
732 3481 862 3511 abiicere
880 3481 1018 3511 divinam
1036 3482 1187 3521 regulam,
1205 3481 1337 3511 abiicere

275 3519 414 3549 divinam
438 3530 633 3558 mensuram,
659 3530 688 3552 et
712 3524 842 3560 similia,
866 3525 890 3555 si
915 3526 1097 3566 simpliciter
1121 3533 1151 3557 et
1174 3525 1336 3561 absolute,
1362 3547 1363 3550 ,

1362 3577 1364 3586 ¹
1390 3578 1530 3609 quorum
1562 3567 1707 3607 superbia
1739 3566 1832 3596 habet
1864 3576 1922 3606 pro
1954 3566 2082 3597 materia
2107 3566 2398 3603 conculcationem,
2423 3571 2454 3596 et

274 3564 336 3594 hoc
360 3571 405 3594 est
429 3564 494 3594 sine
519 3565 678 3596 additione
703 3568 817 3608 aliqua,
842 3577 1016 3606 sumantur,
1037 3570 1210 3611 important
1229 3576 1338 3600 motus

274 3608 471 3638 voluntarios
499 3610 617 3650 peccati
642 3612 781 3642 mortalis
809 3623 845 3643 ex
869 3624 928 3643 suo
952 3623 1081 3654 genere:
1113 3615 1187 3655 quia
1215 3614 1337 3654 impor-

275 3659 342 3683 tant
366 3652 528 3684 manifeste
553 3654 691 3684 divinam
715 3655 873 3693 iniuriam,
898 3668 932 3688 ac
957 3668 1011 3698 per
1035 3659 1106 3695 hoc,
1131 3665 1205 3689 sunt
1228 3665 1338 3689 contra
1363 3669 1365 3692 ξ

1395 558 1518 588 genere,
1544 556 1580 580 ut
1603 550 1806 580 mendacium
1823 549 2004 581 officiosum
2028 550 2119 593 (haec
2134 551 2220 581 enim
2238 550 2347 580 omnia
2363 550 2462 581 disso—

1367 596 1368 605 ¹
1396 600 1472 624 nant
1495 604 1512 623 a
1536 593 1641 624 divina
1657 594 1735 633 lege,
1760 604 1917 631 mensura,
1943 595 2148 631 subiectione,
2173 595 2291 635 regula,
2317 595 2371 625 sed
2396 605 2463 625 non

1395 637 1455 667 nisi
1479 638 1657 668 secundum
1681 637 1758 677 quid
1783 644 1891 668 contra
1914 639 1991 669 haec
2015 646 2107 670 sunt:
2137 646 2167 670 et
2190 646 2367 679 propterea,
2394 649 2462 669 cor-

1366 684 1367 702 ³
1394 689 1476 712 recte
1490 682 1665 723 loquendo,
1681 682 1817 712 dicimus
1841 683 1932 724 quod
1953 690 2028 714 sunt
2044 689 2180 724 praeter
2198 684 2314 725 legem,
2333 682 2423 726 etc.):
2441 701 2462 706 -

1392 725 1509 756 idcirco
1535 725 1651 756 falsum
1675 733 1806 766 apparet
1829 728 1918 767 quod
1941 727 1999 757 ista
2024 728 2087 759 sint
2110 738 2146 758 ex
2161 738 2221 758 suo
2238 737 2351 768 genere
2375 737 2462 758 mor-

1393 769 1480 800 talia:
1513 780 1585 800 cum
1611 776 1717 800 tamen
1740 770 1773 800 in
1795 771 1925 801 veritate
1948 771 1992 802 sic
2015 772 2093 808 sint;
2127 772 2202 813 quia
2224 772 2293 813 ipsa
2316 772 2462 803 absolute

1393 821 1521 854 sumpta
1544 814 1733 850 iudicantur,
1759 824 1817 844 nec
1841 814 2045 846 falsificentur
2061 825 2097 846 ex
2113 826 2152 847 eo
2169 817 2267 857 quod,
2283 817 2462 847 secundum

1393 859 1471 899 quid
1494 859 1632 895 inventa,
1657 868 1723 889 non
1747 858 1807 901 nisi
1829 858 1964 890 venialia
1987 860 2196 900 reperiuntur.
2220 878 2242 884 —
2263 861 2306 892 Et
2324 861 2387 891 hoc
2406 861 2461 891 ha-

1392 903 1465 933 beto
1490 903 1522 933 in
1547 903 1722 933 moralibus
1745 913 1871 943 semper
1893 913 1968 944 prae
1992 904 2104 941 oculis,
2128 904 2155 935 si
2178 915 2245 935 non
2269 905 2315 935 vis
2339 905 2415 936 falli.

1448 948 1499 978 Ad
1528 947 1723 978 solutionem
1752 947 1946 979 auctoritatis
1975 948 2196 988 Apostolicae,
2231 949 2344 980 dicitur
2371 949 2462 991 quod

1393 992 1562 1022 auctoritas
1590 1002 1655 1022 non
1681 999 1727 1023 est
1750 992 1843 1022 allata
1866 999 1901 1023 ut
1925 1002 1961 1022 ex
1984 1002 2020 1023 ea
2044 993 2253 1024 concludatur
2279 993 2461 1034 superbiam

1393 1046 1459 1066 esse
1483 1043 1649 1077 peccatum
1669 1036 1819 1068 mortale:
1844 1036 1900 1066 sed
1919 1044 1955 1068 ut
1971 1047 2007 1067 ex
2024 1047 2060 1067 ea
2079 1044 2184 1077 pateat
2207 1037 2310 1078 qualis
2324 1045 2371 1068 est
2386 1038 2461 1068 sub-

1392 1125 1454 1156 ctio
1479 1125 1519 1156 ad
1542 1126 1649 1156 Deum
1669 1132 1849 1156 mensurate
1865 1125 2118 1157 distribuentem.
2142 1126 2183 1157 Et
2206 1126 2364 1167 quoniam
2379 1126 2461 1166 aspi-

1392 1180 1462 1200 cere
1486 1170 1526 1200 ad
1550 1170 1691 1200 divinam
1714 1170 1945 1200 subiectionem
1969 1180 2035 1200 non
2059 1177 2105 1201 est
2127 1170 2229 1201 inanis
2252 1170 2381 1211 gloriae,
2405 1171 2463 1201 sed

1391 1214 1567 1255 superbiae,
1592 1214 1664 1245 ideo
1690 1214 1860 1245 auctoritas
1883 1214 1984 1255 magis
2008 1215 2047 1246 ad
2067 1215 2250 1256 superbiam
2273 1224 2372 1256 quam
2395 1214 2463 1245 ina-

1392 1269 1466 1289 nem
1490 1259 1626 1300 gloriam
1649 1269 1686 1289 ex
1709 1259 1767 1289 hac
1791 1266 1878 1299 parte
1904 1265 2033 1300 spectat.

1445 1304 1484 1334 V.
1510 1304 1560 1334 Ad
1580 1303 1756 1334 secundum
1774 1303 1909 1334 dubium
1924 1303 1951 1340 *‚
1974 1304 2074 1344 quod,
2091 1303 2167 1344 quia
2184 1303 2223 1334 de
2239 1302 2461 1344 propositione

1390 1347 1494 1388 posita
1517 1348 1550 1378 in
1573 1348 1675 1379 littera
1699 1348 1860 1389 sequentis
1880 1348 2002 1379 articuli
2019 1354 2075 1384 est,
2101 1348 2234 1379 debebat
2255 1347 2312 1378 illo
2336 1347 2460 1385 deferri,

1389 1399 1495 1423 tamen
1525 1392 1559 1423 in
1587 1393 1837 1433 praesentiarum
1865 1392 2127 1433 respondendum
2151 1392 2243 1423 duxi:
2277 1400 2308 1424 et
2330 1399 2463 1433 propter

1391 1437 1635 1468 coincidentiam
1659 1437 1799 1474 rationis,
1825 1444 1860 1468 ut
1883 1437 2016 1478 patebit;
2048 1444 2078 1467 et
2101 1443 2232 1478 propter
2255 1443 2460 1477 arguentem,

1389 1481 1445 1523 qui
1469 1482 1510 1512 ad
1533 1481 1754 1523 quaestionem
1779 1482 1951 1522 praesentis
1971 1481 2094 1512 articuli
2118 1481 2245 1512 retorsit
2267 1480 2461 1522 propositio-

1389 1536 1464 1556 nem
1487 1526 1585 1557 illam.
1611 1526 1696 1558 Cum
1720 1525 1816 1566 igitur
1839 1526 1981 1567 arguitur
2004 1525 2126 1566 primo,
2151 1526 2241 1567 quod
2264 1535 2331 1556 non
2355 1524 2462 1556 omnis

1389 1571 1536 1611 superbia
1565 1577 1612 1602 est
1641 1578 1844 1611 contemptus
1874 1571 1953 1608 Dei,
1983 1577 2124 1611 negatur.
2157 1570 2198 1602 Et
2229 1570 2344 1602 dicitur
2371 1569 2462 1611 quod

1389 1616 1536 1655 superbia
1555 1626 1591 1646 ex
1611 1615 1739 1656 propria
1755 1615 1804 1646 sui
1820 1616 1942 1655 generis
1958 1614 2080 1646 ratione
2104 1615 2199 1646 habet
2221 1615 2310 1656 quod
2327 1615 2366 1646 sit
2385 1623 2461 1645 con-

1389 1666 1529 1700 temptus
1546 1660 1752 1692 subiectionis
1767 1660 1808 1690 ad
1822 1660 1946 1692 Deum:
1971 1659 2053 1691 sicut
2076 1659 2239 1690 humilitas
2257 1659 2353 1690 habet
2371 1658 2461 1700 quod

1389 1704 1429 1735 sit
1458 1704 1623 1745 amplexus
1650 1704 1856 1735 subiectionis
1889 1705 1927 1735 ad
1957 1705 2074 1735 Deum.
2109 1703 2325 1745 Contemptus
2353 1710 2462 1735 autem

1390 1748 1594 1779 subiectionis
1625 1749 1664 1779 ad
1694 1749 1819 1786 Deum,
1845 1755 1876 1780 et
1903 1755 2108 1790 contemptus
2135 1748 2205 1785 Dei,
2230 1755 2267 1780 ut
2290 1747 2461 1790 synonima

1388 1800 1463 1824 sunt
1485 1793 1518 1823 in
1538 1794 1718 1834 proposito,
1743 1794 1784 1824 Et
1806 1793 1879 1824 ideo
1899 1793 1962 1824 dixi
1978 1794 2067 1834 quod
2084 1799 2131 1823 est
2147 1799 2278 1823 unamet
2293 1792 2373 1823 ratio
2389 1792 2460 1830 ista,

1390 1844 1421 1868 et
1443 1838 1643 1878 praecedens,
1667 1847 1765 1879 quare
1789 1838 1936 1878 superbia
1960 1845 2006 1869 est
2029 1844 2196 1878 peccatum
2219 1837 2364 1868 mortale.

1446 1883 1496 1912 Ad
1533 1881 1757 1922 probationem
1790 1881 1904 1913 dicitur
1941 1883 2049 1923 quod,
2081 1888 2118 1912 ut
2144 1881 2209 1912 iam
2242 1889 2364 1913 tactum
2394 1887 2460 1918 est,

1361 1985 1363 1996 ·
1388 1972 1475 2002 tione
1491 1971 1635 2002 laedendi
1653 1971 1782 2006 famam,
1799 1978 1831 2002 et
1845 1978 1951 2001 tamen
1967 1971 2120 2002 detractio
2137 1969 2337 2002 materialiter
2359 1979 2466 2012 quan-7

1389 2016 1497 2057 doque
1526 2015 1660 2046 mortale
1685 2022 1851 2056 peccatum
1880 2022 1935 2052 est,
1961 2015 1996 2052 si,
2024 2015 2091 2045 sine
2114 2014 2291 2046 intentione
2315 2012 2462 2045 laedendi

1390 2060 1519 2098 famam,
1537 2060 1718 2092 notabiliter
1734 2060 1806 2100 quis
1827 2060 1931 2091 laedat
1954 2059 2071 2090 famam
2097 2059 2234 2100 proximi
2257 2069 2294 2090 ex
2318 2057 2461 2100 loquaci-

2488 1309 2499 1320 ·
2512 1309 2584 1332 Nun.
2598 1314 2624 1331 u.

1390 2112 1452 2136 tate
1468 2105 1494 2142 *,
1512 2113 1543 2136 et
1567 2112 1642 2136 tunc
1662 2112 1749 2135 actus
1766 2105 1846 2135 redit
1865 2105 1903 2134 ad
1927 2111 2073 2135 naturam
2090 2113 2165 2134 suae
2189 2102 2314 2145 speciei,
2331 2108 2465 2144 propter
2487 2107 2603 2158 25:²3³*
2621 2114 2702 2137 am,

1390 2149 1578 2190 implicitam
1601 2149 1811 2180 intentionem
1835 2149 1954 2179 famam
1977 2148 2133 2185 laedendi,
2156 2157 2240 2190 quae
2261 2148 2305 2179 ibi
2329 2147 2461 2179 convin-

1391 2194 1487 2231 citur;
1520 2194 1563 2225 ita
1592 2193 1738 2234 superbia
1767 2193 1942 2224 formaliter
1974 2193 2126 2234 importat
2157 2203 2195 2224 ex
2223 2199 2327 2234 spreta
2355 2192 2462 2224 divim

1390 2238 1587 2269 subiectione
1611 2238 1788 2278 appetitum
1813 2237 2013 2268 excellentiae
2037 2237 2199 2279 propriae,
2224 2245 2255 2269 et
2277 2244 2460 2278 propterea,

1391 2292 1465 2313 cum
1489 2283 1561 2323 quis
1585 2283 1768 2323 proximum
1793 2292 1830 2313 ex
1853 2281 1907 2312 illa
1930 2282 2033 2312 radice
2057 2281 2192 2323 spernit,
2218 2281 2374 2322 superbus
2397 2281 2462 2313 for-

1391 2326 1515 2357 maliter
1538 2334 1598 2362 est;
1631 2336 1705 2357 curn
1729 2335 1804 2356 vero
1828 2326 2012 2366 proximum
2037 2326 2156 2366 spernit
2178 2333 2365 2366 contemptu
2390 2335 2460 2368 spe-

1391 2378 1494 2401 ctante
1518 2371 1557 2401 ad
1581 2370 1780 2411 superbiam,
1805 2377 1835 2401 et
1859 2380 1925 2400 non
1949 2379 1986 2400 ex
2008 2370 2062 2400 illa
2085 2370 2207 2406 radice,
2232 2370 2257 2400 si
2281 2370 2463 2402 notabiliter

1391 2415 1581 2451 contemnit,
1606 2415 1645 2445 ad
1670 2414 1834 2455 superbiae
1858 2414 1996 2454 speciem
2021 2414 2101 2444 redit
2129 2414 2210 2444 sicut
2237 2415 2461 2454 imperfectum

1390 2459 1430 2489 ad
1453 2459 1641 2500 perfectum.
1671 2458 1883 2490 Convincitur
1912 2458 2070 2500 siquidem
2101 2458 2159 2489 iste
2187 2458 2330 2489 similiter
2355 2458 2461 2490 inten-

1391 2504 1472 2534 disse
1496 2504 1648 2544 implicite
1672 2503 1805 2534 abiicere
1829 2503 1970 2534 divinam
1997 2502 2228 2534 subiectionem
2256 2503 2288 2533 in
2317 2502 2459 2544 appetitu

1390 2548 1536 2589 propriae
1561 2548 1775 2579 excellentiae:
1801 2547 1882 2578 sicut
1905 2548 1956 2578 ille
1980 2547 2136 2578 detractor
2159 2546 2360 2578 materialiter
2383 2557 2459 2578 con-

1389 2592 1526 2623 vincitur
1544 2592 1706 2623 intendere
1721 2591 1873 2632 implicite
1892 2591 2067 2622 laesionem
2087 2591 2199 2622 famae.
2221 2609 2243 2615 -
2262 2591 2303 2622 Et
2322 2600 2379 2632 per
2397 2590 2460 2623 hoc

1389 2644 1474 2677 patet
1498 2637 1618 2667 solutio
1642 2636 1782 2668 secundi.

1445 2681 1516 2711 Dixi
1540 2689 1657 2718 autem,
1681 2683 1710 2712 si
1724 2685 1923 2721 contemptus
1944 2685 2067 2720 spectat
2089 2680 2132 2711 ad
2154 2679 2348 2720 superbiam.
2373 2679 2459 2718 Quia

1361 2735 1363 2749 τ
1388 2725 1470 2756 sicut
1501 2733 1575 2756 sunt
1607 2726 1725 2756 multae
1753 2725 1873 2765 species
1903 2724 2059 2755 virtutum
2093 2724 2175 2756 circa
2210 2724 2459 2757 honorationem

1389 2770 1543 2810 proximi,
1569 2777 1647 2810 puta
1671 2770 1787 2810 pietas,
1809 2769 2023 2805 observantia,
2045 2776 2121 2805 etc.;
2145 2769 2187 2799 ita
2210 2775 2286 2799 sunt
2309 2769 2458 2809 opposita

1387 2814 1447 2845 illis
1471 2814 1547 2845 vitia
1571 2814 1651 2845 circa
1675 2813 1943 2845 dehonorationes
1964 2823 2020 2844 seu
2037 2820 2240 2853 contemptus
2263 2813 2411 2854 proximi.

1443 2859 1497 2890 Vl.
1522 2859 1557 2889 In
1582 2859 1696 2890 eodem
1713 2858 1846 2889 articulo
1862 2858 1987 2899 quinto,
2011 2858 2138 2889 adverte
2161 2857 2263 2898 quod,
2285 2866 2359 2888 cum
2382 2856 2457 2888 huic

1387 2948 1501 2978 subiici
1516 2949 1598 2986 Deo,
1616 2954 1647 2978 et
1666 2948 1727 2978 hoc
1751 2947 1840 2988 quod
1856 2954 1903 2978 est
1921 2955 2076 2987 praeesse
2089 2946 2160 2977 Deo
2167 2953 2180 2984 ;
2200 2952 2231 2976 et
2246 2945 2347 2985 magis
2363 2945 2458 2978 distet

1389 3003 1405 3022 a
1430 2992 1626 3023 subiectione
1657 2992 1695 3022 ad
1728 2992 1834 3022 Deum
1866 3001 2009 3032 praeesse
2032 2991 2102 3021 Deo
2132 2999 2230 3031 quam
2254 2999 2319 3020 non
2344 2989 2456 3021 subiici

1386 3036 1448 3067 illi:
1473 3037 1621 3077 superbia
1640 3044 1746 3067 tamen
1767 3046 1832 3067 non
1849 3035 2021 3066 attenditur
2035 3035 2068 3065 in
2084 3035 2185 3065 littera
2200 3043 2297 3074 penes
2312 3044 2456 3075 praeesse

1387 3081 1467 3115 Deo,
1493 3081 1547 3111 sed
1571 3091 1669 3122 penes
1693 3091 1759 3111 non
1783 3080 1895 3111 subiici
1919 3080 1999 3111 Deo.
2024 3079 2065 3110 Et
2087 3078 2167 3110 ratio
2191 3085 2238 3109 est
2259 3078 2335 3118 quia
2349 3088 2455 3109 sermo

1388 3133 1434 3157 est
1465 3125 1503 3155 de
1532 3125 1679 3166 superbia
1709 3135 1791 3166 quae
1819 3131 1866 3155 est
1887 3123 2002 3155 vitium
2029 3123 2224 3154 humanum:
2259 3122 2340 3153 sicut
2363 3127 2394 3154 et
2417 3123 2456 3154 de

1387 3170 1496 3200 ceteris
1518 3169 1611 3200 vitiis.
1637 3169 1773 3200 Constat
1796 3176 1903 3200 autem
1926 3168 2008 3199 inter
2030 3167 2170 3198 humana
2184 3166 2259 3197 vitia
2275 3164 2455 3207 computari

1388 3221 1609 3255 contemptum
1640 3213 1843 3244 subiectionis
1871 3213 1910 3243 ad
1934 3213 2056 3243 Deum:
2088 3211 2143 3242 sed
2170 3212 2258 3252 quod
2283 3211 2398 3252 aliquis
2421 3211 2455 3242 in

1387 3265 1512 3289 tantum
1545 3258 1697 3289 exorbitet
1721 3265 1756 3288 ut
1778 3257 1854 3288 velit
1885 3265 2027 3297 praeesse
2051 3256 2140 3292 Deo,
2165 3255 2227 3286 hoc
2260 3256 2332 3296 plus
2356 3265 2455 3297 quam

1388 3303 1453 3334 vitii
1477 3310 1539 3339 est;
1565 3309 1684 3343 spectat
1708 3311 1846 3342 namque
1869 3300 1931 3331 hoc
1950 3300 1989 3330 ad
2006 3299 2200 3330 bestialitatis
2217 3300 2372 3331 ordinem.
2397 3300 2456 3331 Est

1361 3353 1362 3360 ¹
1389 3348 1483 3388 igitur
1510 3346 1657 3388 superbia
1687 3347 1867 3377 humanum
1895 3344 2026 3380 vitium,
2051 3353 2133 3385 quae
2161 3344 2391 3375 subiectionem
2413 3344 2454 3375 ad

1389 3393 1493 3422 Deum
1517 3399 1711 3432 aspernatur,
1736 3399 1834 3431 quam
1853 3388 2015 3419 humilitas
2031 3388 2241 3429 amplectitur.
2266 3389 2322 3420 Est
2345 3395 2376 3419 et
2399 3398 2454 3419 su·

1389 3436 1496 3477 perbia
1519 3437 1592 3476 plus
1616 3444 1714 3476 quam
1738 3433 1902 3469 diabolica,
1923 3443 2004 3474 quae
2022 3440 2052 3463 et
2067 3433 2136 3463 Deo
2160 3443 2303 3473 praeesse
2320 3433 2452 3474 appetit:

1389 3481 1427 3511 de
1451 3490 1514 3521 qua
1539 3479 1691 3519 scriptum
1715 3478 1808 3509 est*:
1840 3477 1995 3518 Superbia
2025 3487 2135 3508 eorum
2166 3478 2221 3518 qui
2244 3483 2274 3508 te
2296 3477 2452 3515 oderunt,

1389 3524 1532 3555 ascendit
1546 3532 1681 3563 semper.
1699 3521 1862 3553 Rarissimi
1880 3522 1965 3552 enim
1982 3529 2056 3552 sunt
2072 3522 2148 3552 odio
2164 3522 2313 3552 habentes
2330 3521 2451 3552 Deum:

1390 3611 1546 3653 quidquid
1567 3621 1692 3651 semper
1708 3610 1799 3650 peius
1815 3610 1961 3647 occurrit,
1979 3611 2116 3647 deitatis;
2141 3620 2239 3652 quarn
2255 3617 2286 3640 et
2301 3610 2452 3646 calamus,

1389 3664 1420 3687 et
1442 3656 1560 3696 lingua,
1586 3663 1616 3686 et
1639 3655 1789 3695 cogitatio
1813 3654 1929 3686 horret.

2523 3201 2526 3206 ¹
2558 3201 2611 3215 ΔΙΙΙΙΠ
2644 3202 2646 3214 ἰ

2518 3488 2625 3511 sumt,
2631 3488 2692 3506 vora.
