2768 4198
85 568 94 577 ·
109 566 175 588 Vers.
190 572 221 593 ¹4·

85 1147 92 1156 ⁸
107 1144 172 1166 Vers.
187 1151 210 1171 4.

82 1865 89 1873 ⁸
115 1863 162 1891 Qu.
191 1868 292 1888 amn,

81 1894 121 1911 art.
137 1896 156 1911 z.

322 324 396 371 376
971 319 1238 367 QUAESTIO
1269 318 1444 365 CLXXI,
1473 319 1772 357 ARTICULUS
1801 320 1851 356 VI

322 402 411 439 dam
431 403 636 439 similitudo
658 402 809 439 divinae
838 399 1108 449 praescientiae
1133 405 1245 447 prout
1274 397 1387 445 inspi-

323 455 370 492 cit
389 454 403 477 ⁶
432 455 514 504 ipsa
543 457 665 492 futura
695 453 948 501 contingentia
977 453 1014 488 in
1043 451 1186 500 seipsis.
1228 451 1276 487 Et
1304 450 1388 487 talia
1416 467 1417 488 l
1442 456 1622 488 vertatur.
1653 452 1798 489 Dicitur
1820 460 1950 489 autem
1971 453 2077 489 Deus
2098 452 2295 500 poenitere
2314 452 2514 500 metapho-

322 509 375 545 sic
395 509 577 546 eveniunt
596 509 690 545 sicut
709 508 999 556 prophetantur:
1022 505 1117 541 sicut
1132 509 1143 525 ⁸
1164 504 1253 541 illud
1270 504 1388 540 Isaiae
1416 489 1418 543 i
1445 504 1532 551 rice,
1554 503 1780 553 inquantum
1804 506 1853 543 ad
1878 507 2041 544 modum
2071 505 2299 555 poenitentis
2320 517 2360 542 se
2379 505 2513 541 habet:

321 562 424 598 V11*:
453 563 568 607 Εεεε,
597 562 708 610 virgo
744 559 934 607 concipiet.
966 579 989 586 -
1019 557 1265 605 Quandoque
1293 569 1387 593 vero
1416 547 1418 589 Ϊ
1444 565 1558 605 prout
1595 557 1736 594 scilicet
1771 565 1892 596 mutat
1926 560 2159 606 sententiam,
2189 560 2257 596 etsi
2292 570 2367 596 non
2401 563 2518 595 mutet

322 615 544 664 prophetica
574 613 752 651 revelatio
782 620 838 648 est
861 612 1046 660 impressa
1067 610 1273 647 similitudo
1295 609 1389 647 divi·
1445 610 1642 646 consilium
1662 610 1692 647 ²¹².

322 680 393 704 nae
412 667 682 716 praescientiae
701 673 815 713 prout
836 664 1030 712 cognoscit
1054 664 1227 701 ordinem
1259 675 1389 700 causa—
1417 664 1419 711 i
1498 665 1557 700 AD
1595 675 1757 701 TERTmM
1789 676 1976 702 DlCENDUM
2010 667 2132 714 quod,
2163 666 2252 715 quia
2290 665 2427 702 eadem
2463 671 2518 701 est

322 733 406 757 rum
433 721 480 757 ad
502 720 668 756 effectus.
698 718 747 754 Et
765 726 855 755 tunc
875 717 1108 766 quandoque
1138 717 1245 753 aliter
1264 717 1391 753 evenit
1444 716 1584 753 veritas
1613 717 1837 766 prophetiae
1860 725 1896 754 et
1924 714 2077 756 divinae
2096 718 2382 768 praescientiae,
2402 726 2445 754 ut
2464 717 2517 755 di-

322 786 439 821 quam
459 774 717 821 prophetetur.
749 772 832 808 Nec
858 780 988 808 tamen
1007 770 1231 819 prophetiae
1261 770 1391 807 subest
1417 772 1419 815 ξ
1445 777 1548 807 ctum
1580 779 1636 807 est
1653 770 1685 817 ³¹⁸,
1716 771 1791 807 hoc
1811 770 1932 808 modo
1953 772 2022 809 ista
2051 772 2316 810 conditionalis
2337 779 2393 809 est
2410 783 2517 819 vera,

321 827 478 862 falsum:
509 838 598 862 nam
629 837 762 861 sensus
781 824 1004 874 prophetiae
1034 832 1090 860 est
1114 824 1219 872 quod
1240 823 1390 860 inferio·
1417 846 1419 874 ς
1444 824 1487 860 Si
1513 824 1659 872 aliquid
1676 829 1729 860 est
1749 825 2031 872 prophetatum,
2053 826 2134 872 erit,
2155 826 2251 863 sicut
2278 826 2360 874 ista,
2390 826 2432 862 Si
2450 825 2518 862 ali-

322 892 405 915 rum
427 890 626 915 causarum
649 878 857 927 dispositio,
874 878 954 915 sive
975 877 1203 914 naturalium
1225 877 1306 914 sive
1321 878 1390 914 hu·
1417 876 1419 920 l
1446 877 1537 925 quid
1564 885 1618 915 est
1638 878 1883 926 praescitum,
1913 879 1994 915 erit.
2026 880 2068 915 In
2095 887 2257 928 utraque
2283 880 2386 917 enirn
2416 888 2519 916 ante-

320 944 524 969 manorum
546 940 713 978 actuum,
731 932 806 969 hoc
826 932 942 968 habet
960 939 1002 968 ut
1021 931 1103 968 talis
1125 931 1282 967 effectus
1303 943 1390 967 eve·
1417 924 1419 981 J
1445 931 1586 968 cedens
1617 938 1672 967 est
1700 931 1936 980 impossibile
1975 944 2054 968 non
2084 944 2178 970 esse.
2215 933 2329 971 Unde
2358 941 2394 970 et
2428 945 2518 970 con-

320 985 407 1022 niat.
440 986 488 1022 Et
506 986 718 1022 secundum
744 986 818 1022 hoc
839 985 1054 1033 intelligitur
1077 985 1240 1021 verbum
1271 984 1390 1021 Isaiae
1417 983 1419 1030 l
1445 997 1610 1033 sequens
1632 993 1687 1021 est
1707 985 1978 1032 necessarium,
2000 997 2079 1022 non
2099 985 2314 1023 secundum
2334 987 2440 1035 quod
2464 994 2520 1024 est

320 1038 494 1085 dicentis,
524 1039 719 1084 Morieris,
749 1045 784 1075 et
811 1051 884 1075 non
914 1040 1027 1085 vives,
1058 1039 1164 1085 idest,
1188 1038 1390 1086 Dispositio
1417 1036 1419 1080 ξ
1445 1039 1615 1075 futurum
1647 1046 1821 1087 respectu
1850 1039 1986 1086 nostri,
2018 1039 2084 1076 sed
2114 1047 2155 1076 ut
2192 1040 2454 1077 consideratur
2482 1040 2518 1077 in

319 1093 488 1140 corporis
507 1093 562 1128 tui
578 1093 630 1129 ad
647 1098 807 1129 mortem
827 1092 1048 1136 ordinatum
1075 1100 1110 1129 et
1130 1092 1234 1141 quod
1256 1091 1392 1129 dicitur
1417 1104 1516 1129 :vsuo
1544 1092 1754 1141 praesenti,
1785 1101 1899 1141 prout
1927 1093 2124 1130 subiicitur
2161 1093 2435 1142 praescientiae
2465 1093 2518 1131 di-

320 1146 435 1182 lonae
451 1158 487 1182 111
501 1145 532 1192 ²¹⁵,
558 1146 693 1182 Adhuc
712 1146 968 1195 quadraginta
988 1146 1077 1192 dies,
1094 1151 1129 1182 et
1146 1146 1288 1183 NJnive
1306 1147 1391 1182 sub·
1417 1127 1419 1180 i
1443 1146 1570 1192 vinae,
1602 1154 1642 1182 ut
1669 1145 1707 1182 in
1736 1145 1866 1183 Primo
1886 1146 1906 1168 ’¹‘
1936 1146 2079 1184 dictum
2111 1154 2177 1184 est.

1415 400 1417 466 i
1442 397 1623 448 vertetur,
1644 399 1740 436 idest
1759 398 1782 446 ζ,
1811 400 1902 436 Hoc
1921 400 2055 436 merita
2076 399 2155 435 eius
2174 399 2345 448 exigunt,
2367 404 2407 434 ut
2429 399 2513 434 sub-

371 1258 396 1291 δ)
417 1260 533 1291 inspicit.
546 1274 564 1279 -
583 1261 692 1292 respicit
711 1261 756 1286 Pa.
1418 1264 1422 1329 Ι

372 1296 394 1325 ε)
414 1296 492 1321 sicut.
505 1310 523 1315 -
540 1297 686 1321 secundum
706 1297 760 1321 PH.

1501 1261 1526 1294 ζ)
1547 1261 1623 1287 idest.
1636 1275 1654 1280 —
1673 1261 1699 1286 in
1719 1261 1902 1293 ABEFLpCK.

1003 1375 1338 1408 Commentaria
1361 1375 1614 1410 cardinatis
1636 1377 1839 1411 Caietam

348 1466 369 1486 N
385 1456 517 1487 articulo
535 1463 622 1487 sexto
640 1457 782 1487 eiusdem
799 1456 994 1497 quaestionis
1011 1455 1393 1496 centesimaeseptuagesi—

323 1469 553 1542 Imaeprimae,
579 1508 664 1538 nota,
689 1502 720 1531 in
737 1511 870 1542 corpore
887 1501 1019 1537 articuli,
1044 1502 1133 1542 quod
1157 1501 1326 1542 prophetia
1346 1501 1392 1530 di-

319 1547 400 1578 citur
422 1547 564 1587 cognitio
587 1556 740 1586 expressa
765 1556 806 1577 ex
827 1546 937 1577 divina
962 1546 1157 1576 revelatione
1175 1555 1239 1586 per
1261 1546 1390 1577 modum

318 1592 505 1628 doctrinae,
531 1600 596 1621 non
619 1598 778 1632 quantum
801 1591 841 1620 ad
866 1591 1063 1627 discursum,
1087 1591 1142 1621 sed
1168 1597 1328 1632 quantum
1352 1591 1390 1620 ad

320 1635 663 1667 communicationem:
695 1635 738 1666 ita
766 1635 856 1676 quod
884 1635 1019 1666 intendit
1041 1637 1181 1672 Auctor,
1206 1645 1272 1665 non
1302 1636 1391 1676 quod

320 1682 407 1711 Deus
439 1680 551 1710 doceat
575 1680 765 1721 prophetam
795 1680 1031 1721 syllogizando‚
1057 1687 1099 1711 ut·
1121 1680 1270 1720 magister
1300 1681 1394 1711 docet

320 1724 514 1766 discipulum
537 1734 574 1754 ex
589 1725 732 1765 quodam
749 1724 781 1754 in
797 1725 962 1764 quoddam
979 1724 1202 1760 discurrend0;
1228 1726 1282 1755 sed
1302 1725 1391 1766 quod

321 1770 414 1800 docet
443 1769 609 1800 hominem
634 1769 904 1799 communicando
932 1768 978 1798 illi
1002 1769 1148 1799 notitiam
1172 1779 1280 1805 suam,
1310 1770 1392 1800 sicut

321 1814 469 1854 magister
491 1814 709 1844 communicat
732 1813 889 1853 discipulo
909 1813 1056 1843 notitiam
1076 1823 1174 1853 quam
1195 1814 1298 1844 habet.
1322 1815 1392 1845 Mo-

320 1860 380 1890 dus
403 1865 511 1890 autem
534 1868 600 1899 quo
616 1858 674 1889 ista
695 1857 946 1888 communicatio
960 1856 1004 1894 fit,
1021 1857 1181 1888 inferius*
1200 1858 1391 1889 tractabitur.

376 1903 412 1934 11.
438 1903 473 1933 In
498 1903 612 1933 eodem
636 1902 779 1939 articulo,
803 1902 836 1933 in
861 1902 1068 1942 responsione
1084 1903 1123 1933 ad
1140 1903 1328 1939 secundum,
1346 1910 1393 1934 sta

320 1957 492 1988 suspensus
511 1947 543 1977 in
565 1947 662 1977 dubio
679 1947 751 1983 illo,
777 1957 816 1977 an
841 1947 1035 1988 prophetans
1052 1947 1229 1978 secundum
1247 1947 1392 1978 ordinem

320 2002 487 2023 causarum
512 1998 636 2022 tantum
661 2001 716 2022 seu
741 1991 939 2027 meritorum,
965 1998 1138 2031 cognoscat
1157 1999 1233 2022 tunc
1258 1993 1394 2023 revelata

320 2037 378 2068 sibi
403 2046 470 2067 esse
494 2036 671 2067 secundum
695 2036 841 2067 ordinem
857 2046 1024 2067 causarum
1043 2043 1179 2068 tantum.
1204 2036 1338 2067 Inferius
1354 2037 1394 2067 si-

320 2081 462 2123 quidem,
486 2081 519 2111 in
543 2088 598 2112 art.
623 2090 645 2120 4
667 2091 721 2122 qu.
738 2091 860 2118 cuxm,
886 2081 1106 2115 clarificabitur
1129 2082 1252 2118 veritas,
1278 2082 1333 2112 ubi
1358 2092 1394 2112 ex

320 2126 488 2167 proposito
508 2132 657 2157 tractatur
673 2126 752 2167 quid
767 2126 942 2166 prophetae
967 2134 1167 2166 cognoscunt
1183 2126 1222 2157 de
1239 2126 1394 2158 revelatis.

1501 1458 1552 1488 ΠΙ.
1579 1458 1613 1488 In
1638 1458 1754 1488 eodem
1777 1458 1924 1496 articulo,
1947 1457 1979 1487 in
1997 1457 2207 1498 responsione
2231 1459 2269 1489 ad
2287 1459 2427 1497 tertium,
2444 1465 2522 1492 nota

1445 1502 1521 1532 duo.
1548 1503 1691 1533 Primum
1716 1509 1763 1533 est
1785 1503 1875 1544 quod
1900 1505 2022 1533 Auctor
2045 1502 2154 1534 asserit
2177 1503 2366 1535 antecedens
2381 1504 2474 1542 illud.
2492 1505 2521 1535 A

1445 1552 1492 1577 est
1509 1548 1751 1587 prophetatum,
1777 1554 1807 1578 et
1830 1546 1983 1583 similiter,
2008 1549 2035 1577 A
2061 1553 2108 1578 est
2134 1549 2347 1588 praescitum,
2372 1558 2440 1580 esse
2461 1549 2523 1581 im·

1445 1591 1596 1632 possibile
1613 1602 1679 1622 non
1695 1602 1774 1630 esse,
1791 1592 1853 1623 hoc
1869 1599 1925 1628 est,
1943 1601 2010 1622 esse
2027 1592 2251 1625 necessarium.
2277 1593 2322 1625 Ita
2337 1594 2427 1634 quod
2447 1604 2525 1626 con-

1445 1635 1527 1667 cedit
1541 1643 1732 1676 argumento
1757 1637 1846 1678 quod
1862 1637 2050 1668 antecedens
2069 1644 2115 1668 est
2134 1638 2280 1670 absolute
2297 1638 2522 1671 necessarium.

1445 1681 1486 1711 Et
1508 1681 1570 1711 hoc
1594 1688 1679 1717 nota,
1705 1688 1814 1712 contra
1838 1681 1945 1712 minus
1969 1681 2109 1713 eruditos
2134 1681 2166 1712 in
2190 1682 2402 1723 speculativis.

1502 1725 1687 1756 Secundum
1711 1732 1758 1756 est
1780 1726 1869 1767 quod
1894 1726 2060 1766 responsio
2085 1725 2216 1757 remittit
2232 1737 2264 1757 se
2284 1727 2324 1757 ad
2340 1726 2522 1768 responsio-

1446 1779 1520 1800 nem
1537 1776 1698 1800 extensam
1714 1770 1747 1800 in
1759 1770 1867 1800 Primo
1881 1770 1989 1807 Libro,
2003 1771 2058 1801 ubi
2083 1771 2205 1802 dictum
2221 1778 2268 1802 est
2284 1771 2374 1812 quod
2392 1772 2523 1813 quando

1445 1816 1478 1844 in
1495 1815 1701 1845 antecedente
1714 1816 1852 1855 ponitur
1870 1815 1994 1856 aliquid
2007 1817 2177 1855 pertinens
2192 1816 2236 1847 ad
2254 1821 2361 1847 actum
2378 1817 2521 1855 animae,

1446 1868 1643 1899 consequens
1665 1864 1712 1890 est
1736 1859 1980 1900 intelligendum
2002 1861 2178 1891 secundum
2194 1861 2280 1901 quod
2293 1861 2419 1892 substat
2433 1862 2523 1893 actui

1445 1904 1585 1933 animae.
1602 1902 1737 1934 Constat
1753 1910 1862 1935 autem
1877 1904 1968 1944 quod
1984 1904 2113 1935 scientia
2129 1911 2160 1935 et
2175 1905 2343 1946 prophetia
2358 1905 2398 1936 ad
2414 1912 2523 1938 actum

1446 1947 1571 1978 animae
1594 1954 1747 1988 spectant.
1773 1948 1813 1978 Et
1836 1948 1909 1979 ideo
1934 1951 2065 1985 Auctor,
2090 1948 2225 1980 breviter
2249 1959 2426 1986 summans,
2447 1948 2524 1986 dicit

1446 1992 1536 2033 quod
1561 2002 1760 2034 consequens
1785 1999 1831 2023 est
1855 1993 2068 2024 necessarium
2093 1998 2127 2024 ut
2151 1993 2378 2025 consideratur
2406 1994 2439 2024 in
2463 2003 2523 2026 suo

1441 2038 1618 2078 praesenti,
1638 2041 1740 2077 prout
1761 2037 1911 2068 subditur
1933 2037 2063 2069 divinae
2081 2039 2328 2079 praescientiae.
2354 2038 2443 2070 Haec
2466 2047 2522 2069 au-

1446 2089 1511 2113 tem
1527 2082 1560 2112 in
1577 2092 1631 2123 qu.
1650 2092 1701 2112 xiv
1713 2082 1730 2100 *
1749 2081 1847 2112 Primi
1871 2082 1957 2113 Libri
1973 2082 2035 2114 late
2052 2081 2195 2114 discussa
2218 2089 2302 2114 sunt.
2328 2083 2434 2120 Nunc,
2451 2091 2524 2114 mo·

1446 2126 1565 2158 ralibus
1588 2126 1779 2163 insistentes,
1804 2134 2003 2159 transeamus
2026 2127 2114 2159 haec.

2545 613 2554 622 ⁸
2564 611 2600 634 cf.
2609 611 2688 634 Gloss.
2698 612 2755 634 Ord.

2544 638 2568 660 in
2601 638 2673 660 Isaiae
2703 645 2755 667 cap.

2543 671 2642 714 &53¹¹
2658 671 2756 714 νῧὲὲὲῐ

2545 718 2585 740 lib.
2599 718 2620 740 Χ
2656 735 2662 745 ,
2673 724 2724 746 cap.
2733 725 2757 745 x,

2545 745 2573 766 al.
2584 751 2614 772 w,
2624 744 2648 767 in
2657 749 2702 766 vet.
2713 751 2744 768 vt.

2545 777 2555 786 ⁸
2569 777 2596 798 In
2611 781 2719 804 corpore.

2545 1130 2616 1180 ³3:¹⁰
2623 1136 2672 1158 xlv,
2682 1133 2726 1153 nrt.
2734 1136 2764 1160 ¹3,

2548 2075 2625 2126 ἰηῗξὲ
2643 2081 2673 2125 2³:
2692 2075 2766 2125 33¹3

2548 2135 2600 2158 sqq.
