2768 4198
64 912 272 962 ὶῗὲὡῖἕῡῗξένᾞῑ

64 965 142 990 Lxm,
159 970 208 991 cap.
224 970 271 985 xiii.

63 1227 72 1236 ⁸
96 1226 161 1247 Cant.
184 1225 270 1252 Ion-in„

62 1252 99 1273 lib.
116 1253 132 1274 1.
143 1263 155 1267 -
169 1252 204 1274 Cf.
221 1258 269 1273 can.

61 1279 103 1326 {I}
106 1279 157 1326 {¹51⁰
161 1295 183 1333 'q
186 1285 207 1326 uc
213 1285 247 1327 ax
252 1285 262 1300 s
266 1294 270 1300 ²

60 1966 269 2021 cssfffigrf‘fiaffinf.

59 2030 70 2034 —
91 2019 125 2049 Cf.
156 2020 268 2067 νΑψέριτῐκΊ,

59 2046 161 2068 Gratiam
175 2053 188 2067 a
219 2052 267 2067 can.

57 2072 115 2094 Illae
120 2075 204 2100 autem,
207 2079 267 2094 caus.

59 2098 151 2121 xxxn.
167 2106 203 2127 qu⁴
221 2106 241 2120 ν,

58 2395 269 2447 εάΑξξηῗῃὲὲκῆἳῖιέ

58 2454 123 2502 galus..
156 2448 253 2470 XXXVI
263 2465 269 2473 ,

158 2502 173 2535 β

60 2870 67 2878 “
84 2868 147 2890 Vei-s.
162 2875 195 2897 32,
209 2875 241 2898 33.

60 3293 69 3302 ⁸
88 3292 124 3313 De
140 3291 270 3317 Adulterio,

61 3318 88 3339 ad
114 3318 197 3339 obiect,
224 3319 269 3346 3³¹⁰

61 3349 121 3366 cont.
137 3345 238 3366 conclus.
255 3351 268 3366 ι(

312 288 388 323 236

956 280 1223 328 QUAESTIO
1253 279 1388 326 CLIV,
1419 280 1718 317 ARTICULUS
1746 280 1832 316 VIII

1083 405 1403 448 ARTICULUS
1434 405 1709 449 OCTAVUS

502 496 655 528 UTRUM
679 491 964 525 ADULTERIUM
989 490 1055 521 SIT
1080 489 1398 520 DETERMINATA

480 568 570 599 Supra,
590 571 635 589 art.
658 573 683 593 13
704 564 737 587 IV
757 563 838 590 Seni„
858 562 916 585 dist.
936 568 984 590 xu,
1003 565 1050 584 art.
1069 567 1094 591 4,
1114 559 1164 592 qu*
1187 568 1207 589 1,

432 661 471 680 ,s
515 650 537 674 D
553 647 724 673 OCTAVUM
743 646 796 670 sm
815 643 1056 669 PROCEDthJR.
1084 631 1244 668 Videtur
1263 630 1368 679 quod
1395 631 1397 666 l

356 682 378 697 '¹
420 677 493 734 “3⁷²1.
515 688 740 726 adulterium
771 698 848 722 non
879 686 924 722 sit
951 685 1203 722 determinata
1225 684 1369 733 species

341 738 353 749 ‘'
378 729 680 779 vstluxuriae
710 741 757 776 ab
778 739 857 775 aliis
878 738 1060 775 distincta.
1091 737 1238 775 Dicitur
1267 737 1367 774 enim

469 788 738 832 &adulterium
769 804 812 828 ex
842 792 1023 840 eoquod
1048 791 1183 839 aliquis
1202 791 1254 827 ad
1280 790 1368 827 alte-

303 861 385 886 ram
415 848 558 885 accedit
586 854 734 896 praeter
761 857 892 891 suam,
923 845 1019 882 sicut
1054 844 1142 881 dicit
1176 844 1367 892 quaedam

301 903 424 950 glossa
452 913 566 949 super
592 900 772 937 Exodum
786 898 817 935 *.
849 898 927 935 Sed
955 898 1027 935 alia
1056 898 1192 934 mulier
1220 905 1370 946 praeter
1394 894 1396 921 ἕ

301 967 408 991 suam
438 962 563 1003 potest
592 965 673 990 esse
709 953 947 990 diversarum
978 951 1261 989 conditionum:
1301 950 1369 987 sci-

301 1008 385 1044 licet
411 1008 474 1044 vel
501 1007 609 1054 virgo
640 1007 676 1043 in
698 1011 715 1027 α
744 1013 929 1054 potestate
958 1005 1073 1054 patris
1103 1004 1276 1050 existens,
1306 1004 1368 1040 vel

300 1060 495 1107 meretrix,
529 1061 591 1097 vel
626 1060 900 1108 cuiuscumque
939 1059 1090 1095 alterius
1128 1057 1366 1095 conditionis.

300 1115 400 1162 Ergo
421 1113 572 1150 videtur
601 1113 707 1161 quod
736 1112 963 1149 adulterium
985 1124 1063 1148 non
1083 1112 1129 1148 sit
1148 1111 1294 1160 species
1314 1112 1368 1148 lu-

299 1167 426 1204 xuriae
457 1167 504 1203 ab
533 1166 613 1203 aliis
642 1166 826 1204 distincta.
1394 1171 1396 1194 i

354 1232 389 1257 2.
420 1221 660 1267 PRAETEREA,
691 1219 953 1267 Hieronymus
983 1217 1110 1256 dicit*
1143 1218 1248 1267 quod
1278 1218 1370 1254 nihil
1394 1243 1396 1249 ,

299 1275 449 1310 interest
475 1285 525 1310 ex
543 1285 618 1322 qua
642 1285 758 1310 causa
787 1273 869 1321 quis
897 1272 1071 1309 insaniat.
1107 1272 1213 1308 Unde
1241 1272 1369 1308 Sixtus

298 1328 595 1376 thhagoricus:
636 1342 654 1359 α
677 1327 837 1363 Adulter
858 1341 896 1372 »,
927 1326 1065 1374 inquit,
1097 1340 1116 1358 «
1139 1330 1194 1361 est
1219 1332 1370 1362 amator
1393 1318 1396 1376 ξ

299 1380 492 1418 ardentior
520 1381 557 1417 in
585 1391 694 1416 suam
725 1391 884 1416 uxorem
908 1395 941 1415 ».
971 1380 1020 1415 Et
1048 1378 1130 1427 pari
1153 1378 1309 1425 ratione,
1331 1378 1369 1415 in

299 1434 508 1483 quamlibet
537 1433 648 1470 aliam
678 1433 892 1470 mulierem.
924 1432 1000 1469 Sed
1029 1431 1067 1468 in
1088 1431 1193 1468 omni
1222 1431 1368 1469 luxuria

301 1495 355 1524 est
384 1499 492 1524 amor
521 1486 712 1523 ardentior
741 1486 881 1524 debito.
921 1486 1022 1533 Ergo
1052 1485 1280 1522 adulterium
1314 1485 1368 1522 in-

298 1540 448 1577 venitur
476 1541 513 1576 in
543 1539 649 1576 omni
677 1540 835 1576 luxuria.
875 1535 969 1576 Non'
1006 1551 1095 1586 ergo
1126 1538 1238 1575 debet
1275 1539 1368 1587 poni

300 1594 468 1631 luxuriae
497 1593 653 1642 species.

355 1649 389 1684 3.
411 1648 645 1690 ΡκΑΕΤΕκΕΑ,
666 1646 731 1683 ubi
753 1654 808 1682 est
827 1647 962 1684 eadem
988 1644 1081 1681 ratio
1106 1645 1367 1692 deformitatis,

299 1700 349 1736 ibi
378 1713 456 1737 non
485 1700 636 1737 videtur
665 1711 747 1736 esse
775 1699 846 1736 alia
875 1699 1019 1748 species
1048 1699 1204 1747 peccati.
1236 1699 1309 1735 Sed
1331 1698 1368 1735 in

300 1761 429 1802 stupro
460 1761 495 1790 et
523 1752 706 1790 adulterio
733 1752 882 1789 videtur
911 1764 992 1789 esse
1023 1752 1159 1788 eadem
1181 1752 1274 1788 ratio
1304 1751 1368 1789 de·
1394 1770 1396 1794 ρ

300 1806 514 1842 formitatis:
545 1806 634 1854 quia
653 1806 856 1853 utrobique
876 1805 1041 1842 violatur
1060 1804 1196 1841 mulier
1222 1805 1368 1841 alienae
1394 1802 1396 1817 '

298 1859 472 1908 potestati
500 1859 679 1895 subiecta.
719 1859 821 1906 Ergo
851 1857 1077 1895 adulterium
1111 1870 1190 1894 non
1219 1865 1275 1898 est
1304 1858 1367 1895 de-

297 1912 494 1949 terminata
524 1912 670 1960 species
698 1912 865 1948 luxuriae
895 1912 943 1948 ab
973 1911 1053 1948 aliis
1084 1911 1267 1948 distincta.

351 1967 425 2002 SED
455 1976 601 2002 CONTRA
630 1976 696 2002 EST
723 1965 829 2013 quod
859 1966 939 2002 Leo
969 1965 1075 2014 Papa
1094 1963 1113 1985 '¹‘
1143 1964 1232 2001 dicit
1261 1964 1367 2013 quod

295 2073 427 2109 stinctu
450 2071 509 2109 uel
537 2072 683 2108 alienae
710 2084 904 2117 consensu,
925 2083 1011 2108 cum
1031 2071 1149 2108 altero
1169 2071 1229 2108 vel
1247 2071 1366 2108 altera

297 2131 428 2162 contra
456 2131 611 2174 pactum
645 2126 846 2175 coniugale
878 2125 1151 2162 concumbitur.
1186 2125 1262 2162 Sed
1291 2125 1366 2162 hoc

297 2180 476 2227 importat
505 2178 709 2227 specialem
739 2179 1018 2216 deformitatem
1049 2178 1226 2215 luxuriae.
1263 2178 1365 2227 Ergo

298 2232 524 2270 adulterium
555 2239 611 2268 est
639 2232 887 2269 determinata
916 2231 1062 2280 species
1090 2231 1271 2268 luxuriae.

352 2286 577 2322 Responnsso
617 2297 799 2322 mcaNDUM
838 2285 945 2332 quod
983 2284 1234 2331 adulterium,
1273 2284 1367 2321 sicut

298 2337 420 2386 ipsum
451 2350 595 2375 nornen
624 2346 744 2384 sonat,
767 2347 822 2374 est
850 2350 1019 2375 accessus
1047 2338 1099 2374 ad
1119 2338 1285 2375 alienum
1315 2343 1367 2374 to-

298 2403 383 2428 rum
403 2390 434 2427 ²¹⁸.
466 2392 506 2428 In
536 2403 612 2439 quo
643 2391 798 2439 quidem
829 2391 1025 2440 dupliciter
1054 2398 1185 2428 contra
1221 2391 1365 2428 castita-

298 2452 373 2480 tem
413 2451 450 2480 et
477 2442 492 2473 β
525 2445 717 2481 humanae
754 2444 1008 2492 generationis
1045 2445 1193 2481 bonum
1232 2444 1396 2493 aliquis*

1394 2498 1395 2501 ’
1422 2506 1549 2535 autem
1581 2506 1635 2535 est
1655 2499 1726 2535 sub
1747 2506 1932 2547 potestate
1952 2499 2068 2548 patris
2091 2499 2187 2536 sicut
2205 2512 2274 2549 per
2294 2513 2383 2538 eum
2412 2513 2493 2539 ma-

299 2496 501 2545 delinquit:
537 2497 661 2546 primo
692 2498 860 2546 quidem,
890 2498 1116 2546 inquantum
1143 2497 1288 2534 accedit
1317 2498 1366 2535 ad

298 2551 497 2587 mulierem
527 2563 602 2588 non
634 2551 703 2587 sibi
733 2551 978 2588 matrimonio
1005 2552 1235 2600 copulatam,
1260 2551 1366 2600 quod

296 2604 496 2652 requiritur
524 2604 573 2641 ad
603 2605 748 2641 bonum
777 2605 893 2653 prolis
918 2604 1095 2654 propriae
1125 2605 1365 2650 educandae;

296 2657 368 2694 alio
398 2657 536 2704 modo,
568 2658 656 2705 quia
684 2657 829 2695 accedit
858 2658 906 2695 ad
935 2658 1135 2695 mulierem
1166 2658 1267 2695 alteri
1297 2670 1366 2707 per

296 2710 581 2747 matrimonium
612 2712 842 2760 copulatam,
878 2719 914 2748 et
942 2711 995 2748 sic
1025 2711 1183 2760 impedit
1217 2712 1363 2748 bonum

295 2763 410 2812 prolis
436 2763 592 2801 alienae.
624 2764 771 2802 Eadem
802 2765 894 2801 ratio
926 2773 981 2802 est
1010 2765 1056 2802 de
1085 2765 1244 2802 muliere
1273 2778 1364 2802 con-

295 2817 418 2865 iugata
452 2829 548 2866 quae
578 2830 647 2866 per
683 2818 908 2855 adulterium
944 2818 1210 2868 corrumpitur.
1252 2819 1364 2856 Unde

295 2869 429 2907 dicitur
463 2870 579 2907 Eccli.
614 2870 762 2908 xx111*:
807 2871 937 2908 Omnis
979 2872 1115 2909 mulier
1152 2872 1364 2920 relinquens

347 2985 374 3016 α)
395 2985 429 3010 in.
442 2999 461 3004 -
479 2985 521 3010 vel
538 2985 564 3010 in
585 2985 681 3011 ΡΑΚα.

347 3019 372 3052 β)
392 3025 425 3045 et.
439 3036 455 3040 -
475 3021 538 3046 Om.
556 3021 658 3046 codices
678 3026 703 3045 et
720 3029 752 3051 a‚·
772 3029 819 3054 pro
839 3022 943 3051 bonum,
964 3022 1099 3047 hominum
1119 3022 1321 3055 BCEFHKLpA
1335 3027 1360 3047 et

294 3063 310 3080 a
330 3062 355 3080 et
373 3061 432 3088 post
450 3056 547 3089 aliquis
567 3056 597 3086 Ι),
617 3056 730 3081 hominis
750 3057 767 3081 Ι.

1421 488 1592 520 SPECIES
1616 490 1837 521 LUXURIAE
1862 491 1916 521 AB
1940 492 2048 522 ALIIS
2072 491 2306 523 DISTINCTA

1230 566 1257 587 2:
1278 559 1319 583 De
1339 558 1421 588 Malo,
1442 566 1487 591 qu.
1506 567 1545 589 xv,
1565 564 1611 584 art.
1632 559 1661 589 33
1683 559 1724 584 De
1744 560 1808 585 Dec.
1827 560 1975 593 Pmecept..
1996 569 2052 594 cap.
2072 562 2105 586 de
2129 562 2167 586 VI
2182 562 2320 594 Praecept-

1424 631 1547 667 virum
1575 643 1699 677 suum,
1713 633 1907 680 peccabit:
1929 633 2059 681 primo
2088 635 2200 680 enim,
2221 635 2258 671 in
2283 635 2367 684 lege
2386 635 2496 672 Altis-

1422 684 1509 720 simi
1535 684 1762 721 incredibilis
1776 685 1879 733 fuit,
1908 686 1947 722 in
1975 698 2052 734 qua
2081 687 2220 725 scilicet
2246 688 2495 737 praecipitur,

1426 752 1444 770 <a
1468 737 1559 773 Non
1581 737 1848 775 moechaberis
1871 751 1909 784 »;
1937 745 1974 775 et
1993 744 2009 767 Υ
2036 741 2211 786 secundo,
2231 742 2356 778 virum
2385 754 2495 779 suum

1423 790 1655 839 derelinquit,
1676 791 1714 827 in
1737 803 1814 839 quo
1834 791 1920 828 facit
1939 800 2069 829 contra
2099 794 2360 831 certitudinem
2380 796 2496 844 prolis

1423 843 1522 890 eius3
1553 844 1671 890 tertio,
1701 845 1739 881 in
1768 844 1952 882 adulterio
1970 846 2169 894 fornicata
2197 853 2261 894 est,
2281 854 2318 884 et
2342 860 2393 885 ex
2419 849 2495 886 alio

1421 897 1505 934 viro
1515 897 1623 945 filios
1641 898 1767 934 statuit
1784 898 1866 944 sihi,
1888 899 1993 946 quod
2014 907 2071 936 est
2090 908 2221 937 contra
2241 901 2385 938 bonum
2407 914 2496 951 pro-

1422 951 1527 1000 priae
1547 950 1675 1000 prolis.
1707 951 1783 987 Sed
1803 951 1972 1000 primum
1992 960 2047 988 est
2076 965 2284 990 commune
2304 954 2342 992 in
2372 955 2495 992 omni—

1423 1004 1494 1040 bus
1513 1004 1679 1052 peccatis
1699 1004 1943 1042 mortalibus:
1974 1005 2046 1042 alia
2065 1017 2159 1043 vero
2189 1006 2267 1044 duo
2287 1007 2497 1056 specialiter

1422 1057 1611 1106 pertinent
1639 1058 1687 1095 ad
1717 1058 2000 1095 deformitatem
2021 1060 2204 1096 adulterii.
2233 1060 2347 1098 Unde
2375 1061 2495 1099 mani-

1423 1111 1561 1147 festum
1583 1119 1639 1147 est
1666 1111 1772 1159 quod
1793 1111 2021 1148 adulterium
2047 1121 2104 1149 est
2132 1113 2382 1151 determinata
2411 1125 2495 1163 spe-

1424 1164 1498 1201 cies
1536 1164 1706 1201 luxuriae
1731 1164 1772 1211 ³¹⁸,
1801 1173 1934 1214 utpote
1971 1166 2178 1214 specialem
2213 1167 2495 1205 deformitatem

1423 1218 1570 1255 habens
1599 1218 1698 1255 circa
1726 1225 1832 1255 actus
1862 1231 2060 1256 venereos.

1477 1273 1536 1308 AD
1565 1283 1704 1309 prunum
1733 1283 1831 1309 ERGO
1860 1284 2047 1310 DICENDUM
2068 1273 2173 1321 quod
2202 1273 2262 1310 ille
2287 1273 2353 1322 qui
2381 1274 2497 1311 habet

1423 1336 1596 1371 uxorem,
1627 1325 1658 1362 si
1688 1325 1736 1362 ad
1766 1325 1876 1362 aliam
1907 1326 2063 1373 accedit,
2093 1335 2296 1375 peccatum
2327 1327 2408 1364 eius
2426 1340 2496 1376 po·

1423 1386 1495 1415 test
1524 1378 1763 1415 denominari
1792 1379 1854 1416 vel
1884 1391 1929 1416 ex
1957 1387 2064 1429 parte
2094 1392 2175 1428 sua,
2205 1387 2243 1417 et
2270 1380 2323 1417 sic
2344 1392 2497 1430 semper

1425 1439 1479 1468 est
1499 1432 1740 1479 adulterium,
1758 1432 1846 1481 quia
1866 1441 1997 1470 contra
2013 1433 2131 1470 fidem
2153 1433 2384 1471 matrimonii
2404 1433 2495 1483 agit:

1422 1486 1484 1522 vel
1500 1497 1544 1522 ex
1559 1493 1665 1534 parte
1685 1485 1851 1523 mulieris
1867 1487 1916 1523 ad
1932 1499 2047 1535 quam
2069 1486 2225 1524 accedit.
2247 1487 2295 1524 Et
2310 1487 2362 1524 sic
2377 1499 2496 1536 quan-

1424 1539 1551 1587 doque
1573 1546 1628 1575 est
1647 1539 1887 1586 adulterium,
1907 1547 2000 1588 puta
2029 1552 2117 1576 cum
2147 1540 2371 1588 coniugatus
2390 1553 2497 1579 acce-

1424 1592 1477 1629 dit
1497 1592 1545 1629 ad
1574 1604 1734 1629 uxorem
1764 1593 1935 1629 alterius:
1965 1594 2197 1643 quandoque
2225 1602 2352 1631 autem
2381 1595 2498 1632 habet

1424 1645 1610 1682 rationem
1632 1645 1762 1694 stupri,
1778 1647 1840 1683 vel
1859 1645 2017 1683 alicuius
2032 1647 2195 1693 alterius,
2213 1648 2425 1685 secundum
2441 1648 2496 1686 di-

1422 1711 1554 1736 versas
1575 1698 1813 1736 conditiones
1837 1699 2041 1736 mulierum
2061 1701 2109 1737 ad
2130 1713 2225 1749 quas
2244 1701 2400 1739 accedit,
2429 1702 2496 1739 Di-

1424 1759 1527 1788 ctum
1544 1760 1599 1788 est
1614 1759 1742 1788 autem
1760 1765 1875 1801 supra
1889 1751 1909 1774 ’²‘
1927 1753 2033 1802 quod
2048 1754 2195 1802 speeies
2214 1754 2384 1792 luxuriae
2399 1755 2496 1792 acci·
2525 1768 2535 1776 ·

1423 1805 1578 1854 piuntur
1596 1805 1808 1842 secundum
1830 1805 2000 1843 diversas
2017 1807 2222 1844 mulierum
2243 1808 2494 1847 conditiones.

1476 1859 1534 1895 AD
1554 1870 1746 1896 SECUNDUM
1767 1870 1951 1896 morannum
1972 1860 2079 1907 quod
2098 1861 2388 1899 matrimonium
2409 1874 2495 1911 spe-

1394 1929 1396 1934 ·
1423 1911 1564 1948 cialiter
1583 1919 1640 1948 est
1665 1911 1882 1948 ordinatum
1903 1912 1952 1949 ad
1973 1913 2121 1950 bonum
2141 1914 2336 1951 humanae
2364 1915 2494 1964 prolis,

1422 1965 1518 2001 sicut
1547 1964 1689 2001 dictum
1720 1972 1775 2001 est
1793 1964 1823 2001 *.
1854 1965 2097 2004 Adulterium
2126 1975 2255 2004 autem
2285 1967 2496 2016 specialiter

1422 2018 1668 2055 matrimonio
1708 2018 1975 2056 contrariatur:
2005 2018 2233 2068 inquantum
2267 2020 2386 2058 violat
2414 2033 2496 2059 ma-

1421 2071 1589 2108 trimonii
1608 2071 1740 2119 fidem,
1761 2084 1877 2120 quam
1900 2072 1985 2120 quis
2005 2073 2157 2121 coniugi
2177 2073 2302 2111 debet.
2333 2075 2382 2112 Et
2405 2074 2496 2123 quia

1422 2125 1482 2162 ille
1511 2125 1575 2174 qui
1605 2133 1661 2162 est
1688 2125 1881 2162 ardentior
1908 2133 2058 2163 amator
2086 2126 2227 2174 uxoris,
2247 2127 2336 2165 facit
2363 2135 2496 2166 contra

1422 2179 1569 2215 bonum
1600 2178 1845 2224 matrimonii,
1875 2179 2075 2217 inhoneste
2106 2193 2152 2217 eo
2180 2188 2307 2228 utens,
2338 2181 2424 2218 licet
2450 2181 2495 2220 fi-

1423 2232 1513 2269 dem
1542 2244 1620 2268 non
1648 2231 1783 2276 violet;
1821 2231 1908 2269 ideo
1942 2232 2153 2281 aliqualiter
2185 2242 2310 2283 potest
2347 2235 2496 2273 adulter

1423 2284 1630 2330 nominari;
1662 2293 1698 2321 et
1727 2285 1847 2332 magis
1875 2298 1993 2334 quarn
2009 2285 2022 2308 δ
2051 2286 2111 2324 ille
2130 2287 2196 2337 qui
2217 2295 2273 2325 est
2300 2288 2495 2327 ardentior

1423 2346 1571 2375 amator
1599 2338 1752 2375 alterius
1781 2338 1951 2376 mulieris
1968 2338 1999 2376 ³¹⁸.

1475 2393 1534 2428 An
1557 2403 1718 2428 TER‘riuM
1748 2403 1933 2429 mcmmum
1967 2394 2070 2441 quod
2106 2405 2202 2430 uxor
2231 2401 2287 2430 est
2314 2394 2352 2431 in
2385 2402 2493 2443 pote-

1422 2453 1515 2482 state
1542 2444 1614 2482 viri
1653 2445 1748 2482 sicut
1781 2445 1814 2481 ei
1852 2445 2098 2483 matrimonio
2132 2447 2329 2495 copulata:
2366 2449 2493 2496 puella

1422 2552 1600 2589 trimonio
1630 2552 1857 2601 copulanda.
1897 2553 1945 2589 Et
1973 2552 2060 2590 ideo
2099 2552 2173 2590 alio
2210 2554 2332 2591 modo
2361 2563 2492 2593 contra

1421 2607 1568 2643 bonum
1590 2605 1822 2642 matrimonii
1843 2613 1899 2642 est
1917 2614 2117 2654 peccatum
2147 2606 2331 2654 adulterii,
2353 2616 2389 2645 et
2418 2608 2492 2646 alio

1421 2659 1540 2696 modo
1560 2666 1760 2708 peccatum
1780 2659 1910 2707 stupri.
1942 2659 1991 2696 Et
2009 2667 2165 2708 propter
2193 2661 2268 2697 hoc
2297 2669 2493 2710 ponuntur

1421 2712 1594 2750 diversae
1624 2712 1792 2749 luxuriae
1821 2712 1979 2761 species.

1472 2766 1531 2802 De
1561 2765 1642 2803 aliis
1670 2773 1799 2803 autem
1819 2765 1868 2803 ad
1898 2766 2124 2804 adulterium
2144 2767 2417 2816 pertinentibus
2437 2767 2490 2806 di-

1391 2821 1392 2824 ’
1420 2827 1525 2856 cetur
1554 2819 1592 2856 in
1620 2819 1751 2856 Tertia
1779 2819 1909 2866 Parte,
1941 2832 2030 2857 cum
2061 2819 2108 2857 de
2137 2820 2381 2867 matrimonio
2415 2829 2489 2859 tra-

1419 2873 1579 2909 ctabitur
1597 2871 1628 2910 *.

1466 2987 1493 3054 ἔξ

1513 2991 1548 3013 et.
1557 3001 1576 3006 —
1585 2989 1648 3013 Om.
1662 2988 1699 3012 sD
1707 2995 1714 3018 ς
1728 2995 1776 3020 pro
1791 2987 1959 3020 derelinquit,
1975 2988 2119 3020 dereliquit
2132 2987 2276 3018 PEF'IeBK,
2292 2988 2424 3022 deanun‘t
2437 2989 2487 3022 ρΚ.

1511 3030 1631 3055 quma.-
1650 3023 1712 3048 Om.
1731 3023 1834 3056 aliquae
1853 3024 1988 3049 editiones.

975 3135 1308 3168 Commenta-ia
1333 3135 1584 3170 Cardinalis
1605 3137 1806 3171 Caietam

301 3215 345 3276 IN
371 3205 501 3235 articulo
533 3212 645 3236 octavo
677 3205 871 3246 quaestionis
907 3206 1049 3237 eiusdem
1081 3207 1361 3249 centesimaequin-

329 3249 670 3290 quagesimaequartae‚
694 3250 726 3280 in
751 3251 958 3290 responsione
982 3252 1022 3281 ad
1041 3251 1197 3292 primum,
1223 3262 1258 3283 ex
1283 3253 1362 3283 Mar-

298 3292 364 3322 tino
379 3292 396 3311 *
420 3293 553 3324 dubium
577 3294 711 3325 occurrit
735 3301 843 3325 contra
866 3295 946 3326 hanc
969 3296 1222 3336 responsionem,
1239 3296 1361 3328 dicente
1387 3301 1389 3374 1

298 3337 385 3376 quod
409 3337 466 3367 ista
494 3338 648 3377 expositio
674 3346 719 3369 est
743 3340 877 3370 obscura
901 3347 931 3370 et
954 3340 1046 3380 ponit
1079 3341 1360 3382 incompossibilia.

299 3379 439 3410 Obscura
463 3382 601 3421 quidem,
623 3383 697 3422 quia
722 3393 786 3413 non
811 3384 884 3414 dicit
908 3385 1000 3424 plane
1026 3392 1132 3415 utrum
1156 3385 1187 3415 in
1210 3385 1263 3416 tali
1288 3396 1361 3416 casu
1388 3382 1389 3425 l

299 3425 484 3454 concubitus
507 3426 645 3456 mulieris
669 3427 708 3457 sit
731 3428 929 3459 adulterium.
954 3430 1020 3459 Nec
1044 3430 1136 3460 etiam
1155 3430 1230 3461 dicit
1254 3437 1362 3461 utrum

299 3467 345 3497 vir
369 3478 405 3498 ex
428 3477 512 3507 parte
530 3469 668 3500 mulieris
692 3471 893 3508 adulteretur,
911 3483 950 3503 an
968 3483 1043 3504 non.
1070 3474 1110 3504 Et
1125 3474 1197 3505 licet
1217 3475 1370 3505 devutso»

1473 3208 1749 3249 Incompossibilia
1773 3215 1880 3240 autem
1909 3208 1984 3240 dicit
2007 3209 2083 3240 haec
2113 3210 2180 3240 duo
2195 3210 2228 3240 ⁴¹:
2254 3210 2371 3242 scilicet
2397 3211 2487 3252 quod

1415 3252 1462 3283 vir
1486 3262 1522 3284 ex
1547 3260 1633 3294 parte
1660 3263 1716 3284 sua
1741 3253 1912 3284 committit
1934 3253 2141 3291 adulterium
2173 3261 2204 3285 et
2227 3255 2315 3296 quod
2346 3255 2486 3287 diversae

1416 3297 1536 3338 species
1566 3297 1708 3329 luxuriae
1741 3304 1908 3329 sumantur
1938 3298 2114 3328 secundum
2143 3298 2280 3330 diversas
2313 3300 2485 3331 mulierum

1416 3342 1625 3373 conditiones.
1662 3342 1709 3372 Ex
1739 3342 1880 3372 secundo
1908 3341 1992 3372 enim
2023 3341 2164 3382 arguitur
2189 3350 2298 3374 contra
2332 3345 2485 3385 primum.

1416 3386 1543 3426 Species
1567 3386 1708 3417 luxuriae
1732 3393 1904 3417 sumuntur
1927 3387 2103 3417 secundum
2127 3387 2262 3418 diversas
2287 3389 2485 3420 conditiones

1416 3430 1600 3461 mulierum.
1624 3430 1684 3461 Sed
1701 3437 1858 3471 quantum
1875 3437 1920 3461 est
1944 3441 1980 3461 ex
1997 3431 2180 3462 conditione
2197 3432 2338 3463 mulieris
2362 3434 2485 3465 solutae

1459 3485 1585 3516 nr-qua
1616 3474 1804 3514 coniugatus
1835 3475 2027 3511 concumbit,
2061 3486 2125 3506 non
2157 3477 2367 3508 committitur
2397 3478 2485 3508 adul-

299 3522 361 3552 que
390 3512 489 3551 magis
517 3513 657 3544 videatur
687 3515 795 3545 beatus
819 3516 963 3547 Thomas
987 3518 1088 3548 dicere
1112 3519 1200 3559 quod
1225 3529 1304 3555 non,
1330 3519 1361 3549 in
1415 3519 1541 3550 terium.
1573 3519 1658 3558 Ergo
1687 3518 1744 3549 iste
1776 3518 1960 3559 simpliciter
1991 3529 2055 3550 non
2083 3521 2254 3552 committit
2281 3521 2482 3553 adulterium.

299 3555 352 3586 tali
377 3563 480 3586 tamen
499 3566 582 3592 casu,
600 3557 654 3597 qui
671 3557 848 3598 frequenter
872 3561 1024 3601 contingit
1039 3569 1069 3592 et
1093 3563 1270 3594 multorum
1287 3573 1362 3594 con-

300 3599 442 3630 scientias
466 3600 580 3641 pulsat,
606 3601 705 3631 fuerat
728 3602 926 3643 loquendum
951 3605 1097 3645 apertius.

1417 3563 1521 3593 Immo
1545 3573 1603 3593 nec
1627 3572 1663 3593 ex
1688 3569 1774 3603 parte
1805 3573 1861 3593 sua
1890 3563 1948 3595 iste
1972 3564 2142 3595 committit
2172 3565 2379 3597 adulterium:
2409 3566 2484 3606 quia

1417 3607 1618 3643 adulterium,
1644 3607 1819 3638 secundum
1844 3608 2029 3638 sententiam
2055 3609 2185 3640 secundi
2209 3609 2292 3646 dicti,
2318 3619 2482 3650 nunquam

2524 1179 2628 1206 ’0.84.

2523 1978 2533 1987 ⁸
2547 1978 2599 1999 Art.
2613 1983 2633 2000 2.

2521 2338 2573 2360 ·n.
2588 2338 2622 2368 85·

2518 2820 2528 2831 ·
2538 2819 2597 2842 vide

2516 2852 2555 2901 {¹133
2570 2851 2686 2901 32¹2*
2704 2853 2730 2876 ’²

2514 3212 2525 3222 ⁴
2539 3210 2575 3234 Cf.
2590 3217 2655 3234 nun.
2668 3217 2703 3235 ιιι.
