2768 4198
95 3421 105 3432 ⁸
118 3419 202 3442 Lomb.
212 3419 236 3441 in
245 3418 305 3440 titul.

94 3447 163 3469 Pult.
168 3445 305 3468 exea-aiod.

943 284 1209 331 QUAESTIO
1241 282 1449 329 CLXXIV,
1479 282 1775 320 ARTICULUS
1806 283 1854 319 111

305 369 396 406 dent
412 379 482 417 per
500 364 763 414 imaginariam
783 364 986 410 visionem,
1008 363 1185 412 quamvis
1205 363 1265 400 illa
1284 375 1371 413 pro-

304 421 433 471 phetia
461 419 506 456 sit
525 419 691 456 nobilior
709 429 808 466 quae
839 425 894 454 est
921 429 989 466 per
1010 417 1298 453 intellectualem
1316 416 1372 454 vi-

306 475 476 511 sionem:
507 472 599 510 dum
627 479 756 508 tamen
778 470 824 507 sit
845 470 982 507 eadem
1001 470 1140 506 veritas
1168 470 1371 518 utrobique

307 527 484 564 revelata.
515 525 563 567 Si,
583 536 677 561 vero
706 525 836 560 lumen
865 524 1115 560 intellectuale
1145 523 1252 559 alicui
1280 522 1373 560 divi·
1400 522 1402 525 ’

307 580 406 616 nitus
442 579 661 615 infundatur
696 589 775 614 non
814 576 862 613 ad
898 576 1210 624 cognoscendum
1249 573 1402 624 aliqua'

307 631 619 680 supernaturalia,
638 631 704 668 sed
725 630 774 667 ad
794 630 1042 667 iudicandum
1062 630 1275 666 secundum
1298 641 1375 665 cer-

307 684 506 722 titudinem
534 683 703 720 veritatis
733 683 883 720 divinae
913 696 959 720 ea
987 695 1086 732 quae
1119 684 1289 719 humana
1318 694 1375 718 ra-
1402 694 1403 702 ¹

307 738 410 775 tione
440 737 619 785 cognosci
649 745 825 785 possunt;
855 736 909 773 sic
936 736 1019 773 talis
1042 735 1243 785 prophetia
1271 735 1377 772 intel·
1403 767 1404 772 ,

308 790 476 828 lectualis
505 797 562 826 est
589 790 684 827 infra
703 790 805 826 illam
827 801 926 837 quae
956 798 1011 826 est
1040 801 1127 826 curn
1157 788 1376 836 imaginaria

308 844 458 880 visione
479 844 641 881 ducente
661 843 700 879 in
720 843 1048 892 supernaturalem
1067 842 1284 888 veritatem3
1315 853 1378 878 cu·
1404 839 1405 873 ἰ

309 896 477 934 iusmodi
496 897 737 946 prophetiam
766 897 983 933 habuerunt
1002 907 1138 932 omnes
1157 895 1207 932 illi
1226 895 1289 943 qui
1311 907 1378 931 nu—
1405 905 1406 936 g

310 957 506 988 merantur
525 950 563 986 in
591 949 725 987 ordine
754 950 1044 998 Prophetarum.
1083 949 1159 995 Qui
1190 948 1302 985 etiam
1333 959 1378 984 ex
1406 963 1407 976 π

310 1004 386 1040 hoc
414 1003 624 1052 specialiter
653 1002 829 1040 dicuntur
856 1002 1080 1051 prophetae,
1101 1002 1188 1050 quia
1216 1002 1380 1050 prophe·
1406 997 1408 1041 ἶ

310 1056 386 1093 tico
415 1056 543 1093 officio
563 1056 837 1104 fungebantur:
866 1056 971 1092 unde
991 1062 1028 1091 et
1047 1066 1092 1091 ex
1111 1066 1278 1103 persona
1302 1055 1380 1090 Do·
1407 1044 1409 1107 ξ

312 1110 405 1146 mini
438 1110 713 1158 loquebantur,
743 1108 912 1146 dicentes
946 1108 994 1144 ad
1032 1108 1240 1155 populum,
1269 1108 1382 1144 Haec
1408 1128 1410 1152 ς

366 1233 387 1265 ε)
408 1232 606 1266 hagiographa.
618 1245 638 1251 -
655 1230 825 1265 ageographt'
843 1230 874 1256 L.

345 1446 630 1487 gesimaequartae,
655 1445 781 1475 adverte
804 1443 910 1484 quod,
936 1442 962 1472 si
984 1442 1079 1472 verba
1105 1441 1138 1471 in
1161 1440 1255 1471 titulo
1280 1440 1384 1480 posita

313 1490 442 1532 proprie
465 1496 629 1530 perspecta
652 1489 685 1519 in
709 1487 867 1528 principio
891 1486 1023 1522 fuerint,
1048 1485 1161 1516 clarior
1184 1485 1241 1515 erit
1263 1484 1386 1515 intelle·
1411 1494 1412 1499 ¹

314 1541 384 1567 ctus
405 1533 538 1575 legentis
562 1533 740 1564 articulum.
764 1531 919 1572 Alioquin
943 1539 1046 1571 usque
1070 1530 1109 1560 ad
1126 1529 1244 1560 calcem
1263 1529 1386 1560 articuli

313 1578 489 1611 fluctuabit.
514 1578 621 1610 Utitur
636 1577 795 1618 siquidem
818 1575 930 1606 titulus
954 1584 1030 1611 non,
1039 1573 1161 1615 formis
1185 1574 1384 1615 imaginatis,
1412 1575 1413 1580 ’

1412 1641 1414 1653 ,
1441 1617 1521 1649 citur
1545 1617 1583 1648 de
1607 1616 1659 1647 illa
1684 1626 1766 1657 quae
1794 1615 1888 1646 habet
1910 1615 2067 1645 visionem
2090 1615 2324 1655 imaginariam,
2350 1622 2380 1645 et
2403 1615 2509 1645 minus

315 1667 463 1702 ationem,
488 1671 597 1697 utrum
615 1666 787 1706 prophetia
810 1666 880 1695 sine
896 1663 1196 1705 phantasmatibus,
1221 1663 1293 1698 sed,
1317 1663 1388 1693 sine
1412 1664 1414 1672 '

315 1713 436 1743 visione
458 1711 667 1752 imaginaria.
692 1709 734 1741 Et
757 1709 911 1750 quoniam
936 1708 975 1738 de
998 1706 1167 1748 prophetia
1192 1714 1239 1738 est
1261 1716 1385 1743 sermo,
1413 1709 1414 1712 ’

315 1623 388 1662 sed,
413 1624 533 1654 visione
556 1622 774 1662 imaginaria:
803 1620 846 1651 ita
870 1619 959 1661 quod
984 1628 1050 1649 non
1078 1618 1209 1649 vertitur
1232 1618 1264 1648 in
1289 1627 1385 1659 quae-

313 1755 500 1796 intefligitur
530 1755 570 1786 de
596 1754 719 1785 visione
746 1753 931 1794 imaginaria
962 1751 1158 1792 prophetica.
1192 1752 1232 1782 Et
1262 1751 1324 1781 hoc
1353 1750 1386 1781 in

315 1801 400 1832 calce
422 1799 578 1831 articuli*
601 1799 784 1839 explicatur.
810 1799 855 1829 Ita
871 1797 961 1838 quod
985 1806 1095 1826 sensus
1111 1795 1307 1836 quaestionis
1323 1802 1385 1826 est:
1413 1804 1415 1824 1

315 1855 356 1876 an
377 1844 547 1885 prophetia
562 1843 681 1874 habens
696 1843 827 1874 alteram
842 1849 967 1873 tantum
984 1840 1204 1881 propheticam
1219 1839 1386 1875 visionem,

317 1976 547 2018 imaginariam.

374 2021 411 2052 11.
437 2021 472 2052 ln
496 2020 704 2061 responsione
727 2020 768 2050 ad
790 2019 920 2050 tertium
944 2018 1087 2048 eiusdem
1104 2016 1237 2053 articuli,
1261 2017 1388 2046 adverte

318 2067 408 2107 quod
431 2065 608 2096 similitudo
631 2065 664 2095 in
687 2064 791 2095 littera
814 2063 918 2104 posita
940 2063 1022 2093 inter
1044 2061 1141 2092 fidem
1165 2067 1309 2101 respectu
1334 2071 1387 2091 co-
1414 2074 1415 2078 ¹

317 2109 470 2152 gnitionis
493 2109 562 2140 viae
585 2115 615 2140 et
638 2108 773 2150 patriae,
798 2115 829 2139 et
855 2106 1056 2148 prophetiam
1088 2113 1232 2146 respectu
1255 2105 1387 2135 visionis

318 2153 522 2195 imaginariae
547 2160 577 2184 et
599 2152 837 2186 intellectualis.
862 2161 927 2182 non
952 2150 1047 2182 currit
1070 2156 1210 2191 quatuor
1233 2149 1385 2190 pedibus:

320 1413 365 1476 IN
387 1401 523 1443 articulo*
536 1401 677 1432 secundo
695 1399 838 1430 eiusdem
854 1397 1051 1439 quaestionis
1067 1396 1383 1436 centesimaeseptua-
1410 1404 1412 1420 ν

2414 280 2486 327 395

1427 363 1516 400 dicit
1539 363 1744 406 Dominus;
1781 362 1886 411 quod
1916 373 1994 398 non
2030 359 2219 396 faciebant
2254 358 2304 395 illi
2333 358 2397 406 qui
2425 358 2489 394 ha-

1427 416 1634 464 giographa
1653 421 1665 436 ²
1694 415 1999 463 conscripserunt
2017 413 2058 460 *,
2089 424 2255 462 quorum
2283 412 2409 460 plures
2438 410 2492 446 lo-

1429 470 1644 518 quebantur
1681 468 1911 517 frequentius
1941 468 1988 504 de
2017 466 2074 503 his
2104 478 2202 515 quae
2231 465 2399 501 humana
2437 475 2492 499 ra-

1428 523 1530 559 tione
1566 522 1743 569 cognosci
1778 528 1955 570 possunt,
1986 532 2064 557 non
2102 519 2210 568 quasi
2250 529 2293 554 ex
2330 528 2492 566 persona

1429 576 1512 621 Dei,
1543 576 1611 611 sed
1640 587 1685 611 ex
1714 587 1878 623 persona
1910 573 2076 623 propria,
2107 584 2194 609 cum
2224 570 2412 608 adiutorio
2441 577 2492 606 ta-

1431 641 1521 665 men
1550 627 1669 665 divini
1698 627 1862 667 luminis.

1483 684 1542 718 Ao
1581 692 1753 723 QUARTUM
1787 682 1971 717 DicaNouM
2005 679 2109 727 quod
2147 677 2341 714 illustratio
2379 675 2494 713 divini

1431 735 1525 772 radii
1554 735 1591 771 in
1619 734 1697 770 vita
1725 733 1913 782 praesenti
1952 745 2030 769 non
2058 732 2101 768 fit
2134 732 2213 768 sine
2241 729 2495 767 velaminibus

1432 789 1743 837 phantasmatum
1782 786 2147 835 qualiumcumque:
2187 784 2276 832 quia
2314 791 2495 820 connatu-

1433 842 1510 878 rale
1531 848 1586 878 est
1605 840 1762 885 homini,
1781 839 1992 876 secundum
2009 846 2147 875 statum
2163 837 2370 886 praesentis
2383 836 2496 882 vitae,

1433 902 1475 931 ut
1502 906 1580 930 non
1609 893 1787 940 intelligat
1807 893 1886 929 sine
1907 893 2171 941 phantasmate
2191 890 2222 927 *.
2254 889 2497 938 Quandoque

1434 955 1564 984 tamen
1584 946 1776 983 sufficiunt
1794 946 2060 994 phantasmata
2080 956 2178 992 quae
2200 942 2397 980 communi
2416 954 2497 978 mo-

1436 1001 1485 1038 do
1507 1013 1531 1043 a
1549 999 1722 1036 sensibus
1738 999 2017 1044 abstrahuntur,
2034 1010 2104 1034 nec
2126 997 2282 1045 exigitur
2301 996 2425 1044 aliqua
2444 995 2498 1031 vi-

1436 1054 1492 1090 sio
1513 1051 1736 1100 imaginaria
1757 1051 1936 1088 divinitus
1963 1058 2176 1099 procurata.
2208 1051 2256 1086 Et
2284 1050 2336 1085 sic
2366 1048 2500 1085 dicitur

1437 1106 1618 1143 revelatio
1638 1104 1861 1153 prophetica
1880 1103 1962 1140 fieri
1992 1103 2071 1140 sine
2101 1103 2320 1151 imaginaria
2338 1102 2499 1138 visione.

992 1309 1328 1342 commentaria
1352 1309 1606 1342 Cau-danaus
1630 1308 1854 1341 Caietani

1439 1396 1493 1427 sed
1517 1403 1565 1426 sat
1589 1402 1635 1426 est
1665 1395 1755 1435 quod
1779 1394 1914 1434 exempli
1939 1393 2095 1424 rationem
2119 1394 2248 1430 habeat,
2274 1402 2308 1424 ut
2332 1394 2506 1434 intelligant

1439 1439 1612 1471 audientes.
1644 1438 1815 1478 Prophetia
1838 1438 1996 1478 siquidem
2020 1438 2241 1477 distinguitur,
2266 1448 2331 1468 non
2356 1448 2411 1478 per
2434 1448 2506 1478 pro-

1439 1485 1507 1525 prie
1529 1484 1580 1514 vel
1603 1483 1777 1523 improprie
1802 1482 1862 1512 dici
1886 1482 1925 1512 de
1944 1482 2039 1512 altera
2055 1482 2227 1518 visionum,
2253 1482 2333 1512 sicut
2355 1482 2432 1512 fides
2449 1482 2507 1512 im-

1440 1528 1567 1569 proprie
1599 1528 1754 1558 diceretur
1782 1527 1819 1556 de
1848 1526 2029 1566 cognitione
2053 1527 2190 1566 patriae:
2224 1527 2277 1556 secl
2307 1526 2509 1566 distinguitur

1440 1583 1537 1614 penes
1560 1572 1662 1612 magis
1678 1578 1708 1602 et
1724 1571 1831 1601 minus
1848 1570 1984 1611 proprie.
2011 1570 2056 1600 Ita
2079 1571 2169 1611 quod
2193 1570 2293 1610 magis
2317 1571 2444 1610 proprie
2464 1571 2509 1600 di-

1441 1661 1569 1703 proprie
1594 1661 1632 1691 de
1656 1660 1709 1691 illa
1733 1670 1815 1701 quae
1838 1659 1933 1690 habet
1956 1659 2058 1690 solam
2078 1659 2323 1690 intellectualem
2339 1659 2509 1689 visionem:

1442 1707 1480 1737 de
1505 1713 1638 1746 utraque
1662 1712 1768 1735 tamen
1793 1704 1932 1744 proprie,
1953 1711 1989 1734 ut
2004 1710 2090 1744 patet
2114 1714 2150 1734 ex
2167 1703 2350 1734 definitione
2374 1704 2510 1743 prophe-

1441 1751 1503 1782 tiae
1526 1760 1564 1780 ex
1588 1749 1784 1780 Cassiodoro
1799 1748 1826 1778 *.

1497 1794 1548 1825 111.
1574 1794 1609 1824 In
1634 1793 1748 1824 eodem
1765 1792 1898 1823 articulo
1915 1793 2067 1828 secundo,
2092 1792 2124 1822 in
2140 1792 2347 1832 responsione
2364 1792 2403 1822 ad
2419 1803 2512 1833 quar-

1413 1873 1415 1879 ,
1441 1846 1521 1875 turn,
1539 1837 1704 1868 manifeste
1727 1837 1823 1868 habes
1847 1837 1945 1877 quod,
1963 1843 2262 1877 quantumcumque
2288 1836 2327 1867 sit
2357 1837 2511 1867 excellens

314 1888 435 1920 scilicet
464 1887 727 1923 intellectualem,
753 1887 792 1918 sit
822 1885 1024 1917 excellentior
1050 1884 1219 1925 prophetia
1251 1883 1387 1914 habente
1413 1884 1415 1930 ξ

317 1939 487 1974 utramque
511 1931 732 1972 propheticam
755 1931 923 1966 visionem,
948 1929 1066 1960 scilicet
1088 1928 1334 1959 intellectualem
1359 1935 1389 1959 et
1414 1931 1415 1935 ’

1414 2007 1415 2012 ¹
1442 1971 1529 2002 niarn
1553 1970 1659 2001 divina
1683 1969 1835 2010 sapientia
1858 1969 1997 2010 disponit
2019 1971 2126 2000 omnia
2149 1969 2341 2000 suaviter*:
2367 1976 2397 1999 et
2421 1971 2511 2004 natu-

1441 1882 1661 1914 intellectualis
1685 1881 1765 1912 visio
1797 1880 1981 1921 prophetica
2010 1882 2130 1921 absque
2162 1881 2345 1920 imaginaria
2374 1881 2510 1917 visione,

1442 1936 1609 1968 nunquam
1633 1933 1739 1957 tamen
1763 1932 1809 1956 est
1833 1925 1899 1955 sine
1922 1925 2182 1964 phantasmatum
2206 1924 2392 1955 ministerio.
2421 1926 2511 1962 Quo-

1441 2016 1505 2046 rale
1535 2022 1580 2046 est
1610 2014 1734 2045 homini
1758 2014 1877 2055 absque
1900 2013 2119 2054 phantasmate
2144 2024 2208 2044 non
2233 2013 2415 2053 intelligere.
2447 2014 2513 2044 Nec

1442 2059 1590 2091 extendas
1618 2059 1695 2090 haec
1711 2059 1750 2089 ad
1771 2065 1898 2098 raptum
1922 2058 2012 2088 Pauli
2036 2066 2091 2089 aut
2114 2057 2236 2099 Moysi:
2268 2058 2421 2098 quoniam
2448 2069 2512 2088 non

1440 2103 1606 2144 loquimur
1638 2103 1675 2133 de
1706 2102 1893 2133 huiusmodi
1916 2102 2146 2142 singularibus,
2172 2103 2226 2132 sed
2251 2103 2289 2132 de
2321 2103 2513 2142 propheticis

1414 2174 1416 2183 ,
1441 2147 1618 2178 visionibus
1643 2147 1834 2188 regulariter.

1129 2304 1453 2346 ARTICULUS
1486 2302 1716 2345 TERTIUS

461 2401 619 2433 UTRUM
642 2399 816 2431 GRADUS
838 2398 1116 2430 PROPHETIAE
1141 2397 1319 2428 possm‘r
1343 2396 1562 2427 DlsriNGui
1589 2395 1836 2451 SECUNDUM!
1850 2395 2057 2426 visIONEM
2086 2394 2378 2426 IMAGINARIAM

656 2479 690 2504 1v
709 2479 791 2508 Sent„
812 2479 870 2503 dist.
890 2485 956 2508 xux,
976 2485 1020 2510 qu.
1039 2485 1066 2507 n.
1086 2482 1131 2502 art.
1152 2484 1176 2509 7,
1199 2477 1230 2501 ad
1251 2483 1280 2508 ²3
1302 2476 1342 2501 De
1365 2475 1463 2506 Ver-it„
1485 2483 1530 2508 qu.
1550 2482 1594 2504 ιιι,
1614 2480 1661 2499 art.
1686 2474 1728 2505 ¹33
1749 2474 1758 2498 l
1777 2474 1815 2498 ad
1837 2474 1907 2503 Corn,
1928 2481 1982 2506 cap.
2001 2481 2054 2504 xm,
2075 2474 2133 2499 lect.
2152 2481 2185 2499 1v.

380 2589 418 2612 «ι
439 2589 507 2628 ⁶22«

356 2584 410 2626 22...
508 2592 511 2597 ‹
535 2581 558 2606 D
577 2579 738 2605 TERTmM
761 2579 814 2604 sm
834 2577 1075 2603 paocemrua.
1104 2564 1265 2602 Videtur
1285 2564 1391 2613 quod

353 2613 505 2683 ἱξὸᾼὲξῦ
535 2621 675 2670 gradus
695 2620 917 2669 prophetiae
936 2631 1015 2656 non
1043 2618 1191 2667 possint
1215 2617 1392 2665 distingui

341 2675 378 2722 ’,γ’
401 2692 461 2719 ν,
483 2673 750 2716 (secundum
769 2673 961 2710 visionem
989 2671 1266 2719 imaginariam.
1298 2671 1392 2708 Gra-

342 2724 354 2733 ”
379 2704 477 2761 ἐᾯῢ
493 2722 525 2765 Χ
537 2728 609 2765 dus
629 2727 731 2764 enim
751 2726 908 2763 alicuius
936 2726 990 2763 rei
1010 2737 1089 2762 non
1113 2725 1316 2762 attenditur
1335 2737 1392 2761 se—

329 3049 604 3097 distinguantur
641 3046 854 3084 secundum
890 3044 1153 3093 imaginariam
1190 3044 1393 3092 visionem,

329 3101 397 3139 sed
425 3102 550 3138 solum
580 3101 792 3138 secundum
822 3098 1125 3137 intellectualem.

385 3165 419 3190 2.
457 3155 700 3201 PRAETEREA,
734 3152 847 3190 unius
879 3152 1092 3201 prophetae
1125 3150 1276 3187 videtur
1312 3161 1395 3186 esse

307 3189 430 3243 'unus
467 3207 606 3254 gradus
633 3206 868 3256 prophetiae.
908 3205 986 3242 Sed
1013 3204 1079 3241 uni
1106 3203 1316 3252 prophetae
1354 3203 1397 3240 fit

332 3259 512 3296 revelatio
535 3260 747 3297 secundum
768 3260 937 3297 diversas
957 3256 1197 3305 imaginarias
1214 3255 1395 3293 visiones.

332 3313 436 3359 Ergo
465 3311 662 3349 diversitas
698 3312 941 3361 imaginariae
970 3310 1127 3349 visionis
1162 3322 1241 3347 non
1274 3308 1396 3347 diver-

332 3364 454 3402 sificat
481 3364 619 3412 gradus
646 3366 881 3415 prophetiae.

390 3418 424 3455 3.
449 3417 691 3464 Pam-renna,
720 3419 932 3456 secundum
966 3418 1143 3455 Glossam
1162 3415 1200 3463 ³⁸,
1230 3414 1268 3451 in
1295 3414 1396 3463 prin-

334 3470 432 3519 cipio
453 3469 632 3517 Psalterii,
643 3471 844 3520 prophetia
863 3470 1031 3508 consistit
1050 3471 1087 3507 in
1103 3469 1206 3507 dictis
1225 3474 1261 3505 et
1266 3468 1396 3516 factis,

389 3605 416 3636 α)
436 3603 521 3628 debet.
532 3615 551 3622 ·-
569 3602 665 3627 debent
683 3602 711 3627 P.

1443 2564 1590 2601 somnio
1619 2569 1654 2600 et
1680 2563 1835 2599 visione.
1872 2563 1964 2599 Non
1993 2573 2083 2609 ergo
2114 2561 2227 2598 debet
2248 2566 2265 2583 α
2293 2563 2515 2610 prophetiae

1418 2617 1586 2666 ·gradus
1624 2615 1745 2664 magis
1783 2615 1959 2663 distingui
1997 2614 2210 2651 secundum
2253 2614 2516 2663 imaginariam

1445 2670 1656 2717 visionem,
1687 2669 1735 2706 ad
1765 2680 1880 2717 quam
1918 2667 2078 2716 pertinet
2105 2667 2202 2704 visio
2237 2675 2273 2704 et
2307 2668 2514 2715 somnium,

439 2773 442 2776 ἢ
1419 2753 1421 2757 .
1446 2736 1563 2772 quam
1591 2722 1804 2760 secundum
1835 2721 1933 2758 dicta
1963 2728 1998 2758 et
2027 2721 2136 2757 facta.

325 2783 495 2820 cundum
525 2781 562 2818 id
592 2780 698 2830 quod
737 2787 792 2816 est
819 2786 976 2828 propter
1004 2778 1124 2825 aliud,
1155 2779 1222 2816 sed
1260 2790 1393 2815 secun·
1420 2807 1421 2819 ,

326 2837 418 2874 dum
439 2835 479 2872 id
499 2834 606 2882 quod
627 2841 682 2870 est
708 2840 866 2882 propter
885 2845 937 2869 se.
969 2834 1010 2868 In
1037 2831 1238 2880 prophetia
1263 2838 1392 2868 autem
1420 2823 1422 2876 ζ

325 2896 481 2939 propter
509 2900 549 2924 se
578 2887 771 2936 quaeritur
801 2886 900 2923 visio
933 2885 1208 2932 intellectualis,
1238 2892 1395 2934 propter
1420 2895 1422 2929 ξ

283 2969 298 2980 -.
325 2943 427 2981 aliud
457 2948 584 2978 autem
613 2940 710 2978 visio
740 2938 973 2987 imaginaria,
997 2946 1039 2975 ut
1067 2950 1183 2987 supra
1201 2937 1222 2959 ’¹‘
1250 2938 1393 2975 dictum
1420 2931 1422 2942 ¹

312 3004 393 3033 sest.
432 2996 535 3043 Ergo
564 2994 716 3031 videtur
752 2993 854 3042 quod
889 2992 1027 3040 gradus
1064 2991 1286 3040 prophetiae
1315 3004 1394 3028 non
1421 2986 1422 2999 ¹

1502 2778 1577 2814 SED
1597 2787 1744 2813 CONTRA
1763 2786 1830 2812 EST
1848 2775 1954 2823 quod
1983 2774 2155 2811 medium
2181 2773 2411 2810 diversificat
2435 2786 2515 2821 gra-

1449 2831 1519 2867 dus
1557 2828 1798 2877 cognitionis:
1837 2828 1932 2864 sicut
1969 2827 2123 2864 scientia
2149 2832 2307 2874 propter
2339 2828 2429 2875 quid
2461 2835 2516 2863 est

1447 2883 1567 2930 altior,
1598 2895 1645 2919 eo
1679 2882 1784 2930 quod
1814 2889 1869 2918 est
1896 2893 1965 2930 per
1993 2880 2156 2917 nobilius
2185 2879 2368 2927 medium,
2398 2893 2514 2928 quam

1448 2935 1604 2974 scientia
1623 2935 1712 2984 quia
1732 2933 1758 2982 β,
1788 2935 1850 2971 vel
1872 2934 1985 2971 etiam
2010 2946 2126 2981 quam
2148 2933 2290 2982 opinio.
2322 2933 2398 2970 Sed
2417 2933 2514 2970 visio

1447 2989 1668 3037 imaginaria
1687 2988 1726 3024 in
1747 2987 1960 3035 cognitione
1976 2986 2198 3036 prophetica
2214 2994 2269 3023 est
2284 2986 2379 3023 sicut
2393 2986 2516 3034 quod-

1449 3043 1539 3080 dam
1567 3041 1751 3079 medium.
1786 3042 1889 3088 Ergo
1918 3040 2057 3088 gradus
2086 3039 2309 3089 prophetiae
2339 3039 2515 3088 distingui

1450 3096 1591 3134 debent
1619 3094 1832 3132 secundum
1861 3094 2124 3142 imaginariam
2143 3093 2345 3130 visionem.

1503 3150 1730 3185 REspoum-:o
1759 3159 1943 3184 mcENDuM
1971 3148 2089 3196 quod,
2115 3146 2209 3183 sicut
2239 3145 2381 3182 dictum
2410 3153 2466 3182 est
2483 3145 2513 3193 ²¹²,

1449 3201 1650 3251 prophetia
1669 3200 1708 3237 in
1727 3212 1803 3248 qua
1821 3212 1890 3248 per
1917 3200 2048 3236 lumen
2073 3198 2301 3247 intelligibile
2330 3199 2516 3236 revelatur

1450 3254 1577 3302 aliqua
1605 3253 1900 3302 supernaturalis
1918 3253 2059 3290 veritas
2086 3265 2155 3301 per
2179 3252 2442 3300 imaginariam
2461 3252 2516 3289 vi-

1451 3307 1622 3353 sionem,
1652 3305 1824 3343 medium
1853 3306 2014 3353 gradum
2042 3313 2144 3342 tenet
2171 3305 2266 3342 inter
2298 3305 2400 3342 illam
2428 3318 2515 3354 pro-

1450 3359 1618 3409 phetiam
1648 3359 1687 3396 in
1715 3371 1790 3407 qua
1829 3359 2016 3396 revelatur
2052 3359 2344 3407 supernaturalis
2377 3359 2515 3395 veritas

1453 3414 1598 3462 absque
1636 3411 1857 3460 imaginaria
1884 3412 2052 3459 visione,
2083 3419 2119 3449 et
2146 3411 2248 3449 illam
2276 3411 2315 3449 in
2344 3424 2421 3460 qua
2447 3425 2516 3461 per

1452 3467 1582 3503 lumen
1610 3465 1838 3513 intelligibile
1867 3465 2011 3514 absque
2040 3464 2261 3513 imaginaria
2283 3464 2431 3502 visione
2462 3465 2514 3502 di-

1508 3598 1533 3632 β)
1553 3599 1623 3632 quia.
1636 3613 1654 3617 -
1673 3598 1733 3623 Om.
1753 3597 1872 3630 DEHpC,
1892 3597 1956 3630 quia
1973 3600 2013 3622 est
2036 3597 2081 3622 Pa.

2520 445 2529 454 ⁸
2543 443 2571 465 D.
2587 418 2651 471 ¹⁰39·

2527 891 2536 900 ⁸
2573 895 2640 917 .19o.

2539 1745 2548 1754 ⁴
2557 1743 2583 1765 In
2592 1742 2665 1765 Psalt.
2673 1749 2747 1771 prae-

2532 1770 2592 1799 fat„
2604 1776 2654 1798 cap.
2668 1776 2683 1791 ι.

2541 1973 2550 1982 ⁸
2564 1971 2622 1999 Sap.
2637 1977 2687 1998 cap.
2702 1977 2752 1999 viu,

2540 2005 2598 2021 vers.
2614 2004 2630 2019 ι.

2544 3150 2552 3160 ”
2566 3150 2616 3171 Art.
2640 3148 2752 3177 praeced„

2543 3175 2572 3197 ad
2585 3182 2606 3204 3.
