<?xml version="1.0" encoding="UTF-8"?>
<!DOCTYPE html PUBLIC "-//W3C//DTD XHTML 1.0 Transitional//EN"
    "http://www.w3.org/TR/xhtml1/DTD/xhtml1-transitional.dtd">
<html xmlns="http://www.w3.org/1999/xhtml" xml:lang="en" lang="en">
 <head>
  <title>
</title>
<meta http-equiv="Content-Type" content="text/html;charset=utf-8" />
  <meta name='ocr-system' content='tesseract 3.04.00' />
  <meta name='ocr-capabilities' content='ocr_page ocr_carea ocr_par ocr_line ocrx_word'/>
</head>
<body>
  <div class='ocr_page' id='page_1' title='image "./operaomniaiussui10thom_0205.png"; bbox 0 0 2768 4198; ppageno 0'>
   <div class='ocr_carea' id='block_1_1' title="bbox 60 617 272 646">
    <p class='ocr_par' dir='ltr' id='par_1_1' title="bbox 60 617 272 646">
     <span class='ocr_line' id='line_1_1' title="bbox 60 617 272 646; baseline -0.005 -7"><span class='ocrx_word' id='word_1_1' title='bbox 60 618 71 629; x_wconf 79' lang='lat'>’</span> <span class='ocrx_word' id='word_1_2' title='bbox 85 617 121 639; x_wconf 81' lang='lat' dir='ltr'><strong>cf.</strong></span> <span class='ocrx_word' id='word_1_3' title='bbox 134 621 176 639; x_wconf 84' lang='lat' dir='ltr'><strong>art.</strong></span> <span class='ocrx_word' id='word_1_4' title='bbox 188 623 204 646; x_wconf 72' lang='grc' dir='ltr'><strong>ι,</strong></span> <span class='ocrx_word' id='word_1_5' title='bbox 214 617 242 639; x_wconf 80' lang='lat' dir='ltr'><strong>ad</strong></span> <span class='ocrx_word' id='word_1_6' title='bbox 251 623 272 646; x_wconf 85' lang='lat'><strong>3.</strong></span> 
     </span>
    </p>
   </div>
   <div class='ocr_carea' id='block_1_2' title="bbox 161 724 175 753">
    <p class='ocr_par' dir='ltr' id='par_1_2' title="bbox 161 724 175 753">
     <span class='ocr_line' id='line_1_2' title="bbox 161 724 175 753; baseline 0 -9"><span class='ocrx_word' id='word_1_7' title='bbox 161 724 175 753; x_wconf 65' lang='grc' dir='ltr'><strong>’ῤ</strong></span> 
     </span>
    </p>
   </div>
   <div class='ocr_carea' id='block_1_3' title="bbox 143 1288 158 1311">
    <p class='ocr_par' dir='ltr' id='par_1_3' title="bbox 143 1288 158 1311">
     <span class='ocr_line' id='line_1_3' title="bbox 143 1288 158 1311; baseline 0 0"><span class='ocrx_word' id='word_1_8' title='bbox 143 1288 158 1311; x_wconf 70' lang='grc' dir='ltr'>Υ</span> 
     </span>
    </p>
   </div>
   <div class='ocr_carea' id='block_1_4' title="bbox 144 1387 158 1412">
    <p class='ocr_par' dir='ltr' id='par_1_4' title="bbox 144 1387 158 1412">
     <span class='ocr_line' id='line_1_4' title="bbox 144 1387 158 1412; baseline 0 0"><span class='ocrx_word' id='word_1_9' title='bbox 144 1387 158 1412; x_wconf 72' lang='lat'>6</span> 
     </span>
    </p>
   </div>
   <div class='ocr_carea' id='block_1_5' title="bbox 41 1420 291 1475">
    <p class='ocr_par' dir='ltr' id='par_1_5' title="bbox 41 1420 298 1477">
     <span class='ocr_line' id='line_1_5' title="bbox 41 1420 291 1451; baseline -0.004 -9"><span class='ocrx_word' id='word_1_10' title='bbox 41 1425 109 1449; x_wconf 66' lang='lat' dir='ltr'><strong>,nvn</strong></span> <span class='ocrx_word' id='word_1_11' title='bbox 115 1422 217 1451; x_wconf 52' lang='lat' dir='ltr'><strong>‚quanm</strong></span> <span class='ocrx_word' id='word_1_12' title='bbox 224 1423 231 1441; x_wconf 71' lang='lat' dir='ltr'><strong>t</strong></span> <span class='ocrx_word' id='word_1_13' title='bbox 249 1426 252 1430; x_wconf 89' lang='lat'>·</span> <span class='ocrx_word' id='word_1_14' title='bbox 287 1420 291 1423; x_wconf 87' lang='lat'>&#39;</span> 
     </span>
     <span class='ocr_line' id='line_1_6' title="bbox 90 1448 250 1475; baseline -0.01 -3"><span class='ocrx_word' id='word_1_15' title='bbox 90 1452 134 1475; x_wconf 48' lang='lat' dir='ltr'><strong>§Pal</strong></span> <span class='ocrx_word' id='word_1_16' title='bbox 149 1448 214 1474; x_wconf 55' lang='grc' dir='ltr'><strong>ἣρθ</strong></span> <span class='ocrx_word' id='word_1_17' title='bbox 216 1455 250 1469; x_wconf 53' lang='lat'><strong>&#39;⁸¹³⁴</strong></span> 
     </span>
    </p>
   </div>
   <div class='ocr_carea' id='block_1_6' title="bbox 0 1479 237 1526">
    <p class='ocr_par' dir='ltr' id='par_1_6' title="bbox 0 1479 237 1526">
     <span class='ocr_line' id='line_1_7' title="bbox 0 1479 227 1506; baseline -0.018 -4"><span class='ocrx_word' id='word_1_18' title='bbox 0 1491 2 1493; x_wconf 96' lang='lat'>·</span> <span class='ocrx_word' id='word_1_19' title='bbox 44 1485 106 1502; x_wconf 63' lang='grc' dir='ltr'><strong>υτ</strong></span> <span class='ocrx_word' id='word_1_20' title='bbox 109 1484 169 1506; x_wconf 62' lang='grc' dir='ltr'>’.ιω</span> <span class='ocrx_word' id='word_1_21' title='bbox 175 1479 227 1500; x_wconf 71' lang='lat' dir='ltr'><strong>nuno}</strong></span> 
     </span>
     <span class='ocr_line' id='line_1_8' title="bbox 153 1512 237 1526; baseline -0.012 0"><span class='ocrx_word' id='word_1_22' title='bbox 153 1512 179 1526; x_wconf 69' lang='lat' dir='ltr'><strong>nt*</strong></span> <span class='ocrx_word' id='word_1_23' title='bbox 196 1513 237 1526; x_wconf 54' lang='grc' dir='ltr'>,βιι</span> 
     </span>
    </p>
   </div>
   <div class='ocr_carea' id='block_1_7' title="bbox 0 1598 10 1642">
    <p class='ocr_par' dir='ltr' id='par_1_7' title="bbox 0 1598 10 1642">
     <span class='ocr_line' id='line_1_9' title="bbox 0 1598 10 1642; baseline -0.1 0"><span class='ocrx_word' id='word_1_24' title='bbox 0 1598 10 1642; x_wconf 65' lang='lat' dir='ltr'><strong>i</strong></span> 
     </span>
    </p>
   </div>
   <div class='ocr_carea' id='block_1_8' title="bbox 59 1739 169 1768">
    <p class='ocr_par' dir='ltr' id='par_1_8' title="bbox 59 1739 169 1768">
     <span class='ocr_line' id='line_1_10' title="bbox 59 1739 169 1768; baseline -0.009 -4"><span class='ocrx_word' id='word_1_25' title='bbox 59 1739 169 1768; x_wconf 52' lang='lat' dir='ltr'><strong>’Qvn</strong></span> 
     </span>
    </p>
   </div>
   <div class='ocr_carea' id='block_1_9' title="bbox 119 1827 204 1843">
    <p class='ocr_par' dir='ltr' id='par_1_9' title="bbox 119 1827 204 1843">
     <span class='ocr_line' id='line_1_11' title="bbox 119 1827 204 1843; baseline 0.014 -1"><span class='ocrx_word' id='word_1_26' title='bbox 119 1827 145 1843; x_wconf 72' lang='lat' dir='ltr'><strong>‚u</strong></span> <span class='ocrx_word' id='word_1_27' title='bbox 171 1827 204 1843; x_wconf 66' lang='lat' dir='ltr'><strong>ss!</strong></span> 
     </span>
    </p>
   </div>
   <div class='ocr_carea' id='block_1_10' title="bbox 57 2773 226 2801">
    <p class='ocr_par' dir='ltr' id='par_1_10' title="bbox 57 2773 226 2801">
     <span class='ocr_line' id='line_1_12' title="bbox 57 2773 226 2801; baseline 0 -6"><span class='ocrx_word' id='word_1_28' title='bbox 57 2773 107 2795; x_wconf 70' lang='lat' dir='ltr'><strong>‘In</strong></span> <span class='ocrx_word' id='word_1_29' title='bbox 121 2778 226 2801; x_wconf 77' lang='lat' dir='ltr'><strong>corpote.</strong></span> 
     </span>
    </p>
   </div>
   <div class='ocr_carea' id='block_1_11' title="bbox 58 2904 268 2927">
    <p class='ocr_par' dir='ltr' id='par_1_11' title="bbox 58 2904 268 2927">
     <span class='ocr_line' id='line_1_13' title="bbox 58 2904 268 2927; baseline 0 0"><span class='ocrx_word' id='word_1_30' title='bbox 58 2905 69 2916; x_wconf 79' lang='lat'><strong>¹⁸</strong></span> <span class='ocrx_word' id='word_1_31' title='bbox 81 2905 118 2927; x_wconf 80' lang='lat' dir='ltr'><strong>ef.</strong></span> <span class='ocrx_word' id='word_1_32' title='bbox 135 2911 184 2927; x_wconf 67' lang='lat' dir='ltr'><strong>ean.</strong></span> <span class='ocrx_word' id='word_1_33' title='bbox 206 2904 268 2927; x_wconf 59' lang='lat' dir='ltr'><strong>Iena-</strong></span> 
     </span>
    </p>
   </div>
   <div class='ocr_carea' id='block_1_12' title="bbox 56 2931 268 2980">
    <p class='ocr_par' dir='ltr' id='par_1_12' title="bbox 56 2931 268 2980">
     <span class='ocr_line' id='line_1_14' title="bbox 56 2931 268 2980; baseline -0.005 -26"><span class='ocrx_word' id='word_1_34' title='bbox 56 2931 268 2980; x_wconf 51' lang='lat' dir='ltr'><strong>ffiaearffldist.</strong></span> 
     </span>
    </p>
   </div>
   <div class='ocr_carea' id='block_1_13' title="bbox 58 2993 268 3022">
    <p class='ocr_par' dir='ltr' id='par_1_13' title="bbox 58 2993 268 3022">
     <span class='ocr_line' id='line_1_15' title="bbox 58 2993 268 3022; baseline 0.01 -7"><span class='ocrx_word' id='word_1_35' title='bbox 58 2993 143 3016; x_wconf 72' lang='lat' dir='ltr'><strong>’Lem’t-</strong></span> <span class='ocrx_word' id='word_1_36' title='bbox 149 3000 200 3022; x_wconf 70' lang='lat' dir='ltr'><strong>etp.</strong></span> <span class='ocrx_word' id='word_1_37' title='bbox 206 3000 268 3017; x_wconf 81' lang='lat' dir='ltr'><strong>xxm.</strong></span> 
     </span>
    </p>
   </div>
   <div class='ocr_carea' id='block_1_14' title="bbox 57 3026 165 3050">
    <p class='ocr_par' dir='ltr' id='par_1_14' title="bbox 57 3026 165 3050">
     <span class='ocr_line' id='line_1_16' title="bbox 57 3026 165 3050; baseline 0 -8"><span class='ocrx_word' id='word_1_38' title='bbox 57 3026 117 3042; x_wconf 82' lang='lat' dir='ltr'><strong>vers.</strong></span> <span class='ocrx_word' id='word_1_39' title='bbox 131 3026 165 3050; x_wconf 83' lang='lat'><strong>3²·</strong></span> 
     </span>
    </p>
   </div>
   <div class='ocr_carea' id='block_1_15' title="bbox 59 3390 227 3419">
    <p class='ocr_par' dir='ltr' id='par_1_15' title="bbox 59 3390 227 3419">
     <span class='ocr_line' id='line_1_17' title="bbox 59 3390 227 3419; baseline -0.006 -7"><span class='ocrx_word' id='word_1_40' title='bbox 59 3391 68 3400; x_wconf 84' lang='lat'><strong><em>⁴</em></strong></span> <span class='ocrx_word' id='word_1_41' title='bbox 83 3390 150 3419; x_wconf 62' lang='grc' dir='ltr'><strong>Καρ.</strong></span> <span class='ocrx_word' id='word_1_42' title='bbox 165 3390 194 3411; x_wconf 86' lang='lat' dir='ltr'><strong>ad</strong></span> <span class='ocrx_word' id='word_1_43' title='bbox 208 3397 227 3418; x_wconf 87' lang='lat'><strong>3.</strong></span> 
     </span>
    </p>
   </div>
   <div class='ocr_carea' id='block_1_16' title="bbox 948 267 1846 316">
    <p class='ocr_par' dir='ltr' id='par_1_16' title="bbox 948 267 1846 316">
     <span class='ocr_line' id='line_1_18' title="bbox 948 267 1846 316; baseline 0.002 -12"><span class='ocrx_word' id='word_1_44' title='bbox 948 267 1217 314; x_wconf 90' lang='lat' dir='ltr'><strong>QUAESTIO</strong></span> <span class='ocrx_word' id='word_1_45' title='bbox 1248 267 1438 316; x_wconf 85' lang='lat' dir='ltr'>CXLVII,</span> <span class='ocrx_word' id='word_1_46' title='bbox 1467 269 1767 307; x_wconf 87' lang='lat' dir='ltr'><strong>ARTICULUS</strong></span> <span class='ocrx_word' id='word_1_47' title='bbox 1796 269 1846 306; x_wconf 89' lang='lat' dir='ltr'><strong>Vl</strong></span> 
     </span>
    </p>
   </div>
   <div class='ocr_carea' id='block_1_17' title="bbox 301 346 1370 406">
    <p class='ocr_par' dir='ltr' id='par_1_17' title="bbox 301 346 1370 406">
     <span class='ocr_line' id='line_1_19' title="bbox 301 346 1370 406; baseline 0.001 -23"><span class='ocrx_word' id='word_1_48' title='bbox 301 359 362 384; x_wconf 85' lang='lat' dir='ltr'><strong>sas</strong></span> <span class='ocrx_word' id='word_1_49' title='bbox 390 358 596 395; x_wconf 83' lang='lat' dir='ltr'><strong>corporum</strong></span> <span class='ocrx_word' id='word_1_50' title='bbox 619 346 924 406; x_wconf 85' lang='lat' dir='ltr'>complexiones,</span> <span class='ocrx_word' id='word_1_51' title='bbox 946 358 992 383; x_wconf 87' lang='lat' dir='ltr'><strong>ex</strong></span> <span class='ocrx_word' id='word_1_52' title='bbox 1020 347 1159 396; x_wconf 91' lang='lat' dir='ltr'><strong>quibus</strong></span> <span class='ocrx_word' id='word_1_53' title='bbox 1190 347 1370 395; x_wconf 89' lang='lat' dir='ltr'><strong>contingit</strong></span> 
     </span>
    </p>
   </div>
   <div class='ocr_carea' id='block_1_18' title="bbox 301 399 1399 448">
    <p class='ocr_par' dir='ltr' id='par_1_18' title="bbox 301 399 1399 448">
     <span class='ocr_line' id='line_1_20' title="bbox 301 399 1399 448; baseline 0.002 -12"><span class='ocrx_word' id='word_1_54' title='bbox 301 399 406 448; x_wconf 89' lang='lat' dir='ltr'><strong>quod</strong></span> <span class='ocrx_word' id='word_1_55' title='bbox 433 410 533 436; x_wconf 88' lang='lat' dir='ltr'><strong>unus</strong></span> <span class='ocrx_word' id='word_1_56' title='bbox 551 399 699 446; x_wconf 82' lang='lat' dir='ltr'><strong>maiori,</strong></span> <span class='ocrx_word' id='word_1_57' title='bbox 721 400 814 436; x_wconf 90' lang='lat' dir='ltr'><strong>alter</strong></span> <span class='ocrx_word' id='word_1_58' title='bbox 841 400 978 436; x_wconf 89' lang='lat' dir='ltr'><strong>minori</strong></span> <span class='ocrx_word' id='word_1_59' title='bbox 1001 400 1142 448; x_wconf 83' lang='lat' dir='ltr'><strong>indiget</strong></span> <span class='ocrx_word' id='word_1_60' title='bbox 1162 400 1260 437; x_wconf 88' lang='lat' dir='ltr'><strong>cibo.</strong></span> <span class='ocrx_word' id='word_1_61' title='bbox 1292 401 1369 438; x_wconf 90' lang='lat' dir='ltr'><strong>Sed</strong></span> <span class='ocrx_word' id='word_1_62' title='bbox 1397 414 1399 426; x_wconf 55' lang='lat'><em>¹</em></span> 
     </span>
    </p>
   </div>
   <div class='ocr_carea' id='block_1_19' title="bbox 300 452 1372 608">
    <p class='ocr_par' dir='ltr' id='par_1_19' title="bbox 300 452 1372 608">
     <span class='ocr_line' id='line_1_21' title="bbox 300 452 1368 502; baseline 0.001 -13"><span class='ocrx_word' id='word_1_63' title='bbox 300 461 342 489; x_wconf 92' lang='lat' dir='ltr'><strong>ut</strong></span> <span class='ocrx_word' id='word_1_64' title='bbox 365 452 578 502; x_wconf 86' lang='lat' dir='ltr'><strong>plurimum</strong></span> <span class='ocrx_word' id='word_1_65' title='bbox 607 463 743 489; x_wconf 90' lang='lat' dir='ltr'><strong>omnes</strong></span> <span class='ocrx_word' id='word_1_66' title='bbox 770 461 931 502; x_wconf 90' lang='lat' dir='ltr'>possunt</span> <span class='ocrx_word' id='word_1_67' title='bbox 965 461 1122 490; x_wconf 87' lang='lat' dir='ltr'><strong>naturae</strong></span> <span class='ocrx_word' id='word_1_68' title='bbox 1156 454 1368 491; x_wconf 84' lang='lat' dir='ltr'>satisfacere</span> 
     </span>
     <span class='ocr_line' id='line_1_22' title="bbox 300 505 872 554; baseline 0 -12"><span class='ocrx_word' id='word_1_69' title='bbox 300 517 370 554; x_wconf 90' lang='lat' dir='ltr'><strong>per</strong></span> <span class='ocrx_word' id='word_1_70' title='bbox 397 506 550 543; x_wconf 91' lang='lat' dir='ltr'><strong>unicam</strong></span> <span class='ocrx_word' id='word_1_71' title='bbox 580 505 872 543; x_wconf 86' lang='lat' dir='ltr'>comestionem.</span> 
     </span>
     <span class='ocr_line' id='line_1_23' title="bbox 353 559 1372 608; baseline 0 -12"><span class='ocrx_word' id='word_1_72' title='bbox 353 561 412 596; x_wconf 84' lang='lat' dir='ltr'><strong>AD</strong></span> <span class='ocrx_word' id='word_1_73' title='bbox 445 571 637 596; x_wconf 76' lang='lat' dir='ltr'>SECUNDUM</span> <span class='ocrx_word' id='word_1_74' title='bbox 670 571 856 597; x_wconf 66' lang='lat' dir='ltr'><strong>menapum</strong></span> <span class='ocrx_word' id='word_1_75' title='bbox 889 559 995 608; x_wconf 91' lang='lat' dir='ltr'><strong>quod</strong></span> <span class='ocrx_word' id='word_1_76' title='bbox 1029 559 1170 608; x_wconf 87' lang='lat' dir='ltr'>duplex</span> <span class='ocrx_word' id='word_1_77' title='bbox 1197 568 1252 597; x_wconf 89' lang='lat' dir='ltr'><strong>est</strong></span> <span class='ocrx_word' id='word_1_78' title='bbox 1280 559 1372 597; x_wconf 88' lang='lat' dir='ltr'><strong>ieiu-</strong></span> 
     </span>
    </p>
   </div>
   <div class='ocr_carea' id='block_1_20' title="bbox 301 611 1399 662">
    <p class='ocr_par' dir='ltr' id='par_1_20' title="bbox 301 611 1399 662">
     <span class='ocr_line' id='line_1_24' title="bbox 301 611 1399 662; baseline 0.002 -14"><span class='ocrx_word' id='word_1_79' title='bbox 301 611 408 649; x_wconf 90' lang='lat' dir='ltr'><strong>nium</strong></span> <span class='ocrx_word' id='word_1_80' title='bbox 426 612 457 649; x_wconf 81' lang='grc'><strong>*.</strong></span> <span class='ocrx_word' id='word_1_81' title='bbox 487 612 618 650; x_wconf 91' lang='lat' dir='ltr'><strong>Unum</strong></span> <span class='ocrx_word' id='word_1_82' title='bbox 647 612 802 660; x_wconf 90' lang='lat' dir='ltr'><strong>quidem</strong></span> <span class='ocrx_word' id='word_1_83' title='bbox 833 620 1008 659; x_wconf 90' lang='lat' dir='ltr'><strong>naturae,</strong></span> <span class='ocrx_word' id='word_1_84' title='bbox 1036 614 1140 662; x_wconf 92' lang='lat' dir='ltr'><strong>quod</strong></span> <span class='ocrx_word' id='word_1_85' title='bbox 1170 611 1399 662; x_wconf 89' lang='lat' dir='ltr'><strong>requiritur</strong></span> <span class='ocrx_word' id='word_1_86' title='bbox 1398 626 1399 642; x_wconf 49' lang='lat' dir='ltr'><strong>i</strong></span> 
     </span>
    </p>
   </div>
   <div class='ocr_carea' id='block_1_21' title="bbox 301 665 1371 715">
    <p class='ocr_par' dir='ltr' id='par_1_21' title="bbox 301 665 1371 715">
     <span class='ocr_line' id='line_1_25' title="bbox 301 665 1371 715; baseline 0.002 -13"><span class='ocrx_word' id='word_1_87' title='bbox 301 666 348 702; x_wconf 88' lang='lat' dir='ltr'><strong>ad</strong></span> <span class='ocrx_word' id='word_1_88' title='bbox 374 665 624 702; x_wconf 88' lang='lat' dir='ltr'><strong>eucharistiae</strong></span> <span class='ocrx_word' id='word_1_89' title='bbox 655 666 926 715; x_wconf 86' lang='lat' dir='ltr'><strong>sumptionem.</strong></span> <span class='ocrx_word' id='word_1_90' title='bbox 957 667 1006 703; x_wconf 92' lang='lat' dir='ltr'><strong>Et</strong></span> <span class='ocrx_word' id='word_1_91' title='bbox 1028 667 1103 703; x_wconf 92' lang='lat' dir='ltr'><strong>hoc</strong></span> <span class='ocrx_word' id='word_1_92' title='bbox 1123 667 1282 704; x_wconf 90' lang='lat' dir='ltr'><strong>solvitur</strong></span> <span class='ocrx_word' id='word_1_93' title='bbox 1301 679 1371 715; x_wconf 91' lang='lat' dir='ltr'><strong>per</strong></span> 
     </span>
    </p>
   </div>
   <div class='ocr_carea' id='block_1_22' title="bbox 301 717 1399 769">
    <p class='ocr_par' dir='ltr' id='par_1_22' title="bbox 301 717 1399 769">
     <span class='ocr_line' id='line_1_26' title="bbox 301 717 1399 769; baseline 0.003 -14"><span class='ocrx_word' id='word_1_94' title='bbox 301 717 510 767; x_wconf 91' lang='lat' dir='ltr'><strong>quemlibet</strong></span> <span class='ocrx_word' id='word_1_95' title='bbox 528 727 677 769; x_wconf 91' lang='lat' dir='ltr'><strong>potum,</strong></span> <span class='ocrx_word' id='word_1_96' title='bbox 699 719 812 757; x_wconf 90' lang='lat' dir='ltr'><strong>etiam</strong></span> <span class='ocrx_word' id='word_1_97' title='bbox 832 732 972 768; x_wconf 88' lang='lat' dir='ltr'><strong>aquae:</strong></span> <span class='ocrx_word' id='word_1_98' title='bbox 1002 728 1089 769; x_wconf 90' lang='lat' dir='ltr'><strong>post</strong></span> <span class='ocrx_word' id='word_1_99' title='bbox 1113 733 1230 769; x_wconf 89' lang='lat' dir='ltr'><strong>quem</strong></span> <span class='ocrx_word' id='word_1_100' title='bbox 1251 719 1266 749; x_wconf 75' lang='grc' dir='ltr'><strong>β</strong></span> <span class='ocrx_word' id='word_1_101' title='bbox 1291 732 1371 758; x_wconf 90' lang='grc' dir='ltr'>ιιοιι</span> <span class='ocrx_word' id='word_1_102' title='bbox 1398 726 1399 730; x_wconf 78' lang='grc'>’</span> 
     </span>
    </p>
   </div>
   <div class='ocr_carea' id='block_1_23' title="bbox 288 771 1372 983">
    <p class='ocr_par' dir='ltr' id='par_1_23' title="bbox 301 771 872 810">
     <span class='ocr_line' id='line_1_27' title="bbox 301 771 872 810; baseline 0.004 -2"><span class='ocrx_word' id='word_1_103' title='bbox 301 771 387 808; x_wconf 91' lang='lat' dir='ltr'><strong>licet</strong></span> <span class='ocrx_word' id='word_1_104' title='bbox 415 772 680 810; x_wconf 85' lang='lat' dir='ltr'><strong>eucharistiam</strong></span> <span class='ocrx_word' id='word_1_105' title='bbox 709 785 872 810; x_wconf 91' lang='lat' dir='ltr'><strong>sumere.</strong></span> 
     </span>
    </p>

    <p class='ocr_par' dir='ltr' id='par_1_24' title="bbox 288 825 1372 983">
     <span class='ocr_line' id='line_1_28' title="bbox 355 825 1372 876; baseline 0.002 -14"><span class='ocrx_word' id='word_1_106' title='bbox 355 825 424 862; x_wconf 92' lang='lat' dir='ltr'><strong>Est</strong></span> <span class='ocrx_word' id='word_1_107' title='bbox 451 834 580 863; x_wconf 88' lang='lat' dir='ltr'><strong>autem</strong></span> <span class='ocrx_word' id='word_1_108' title='bbox 610 826 712 864; x_wconf 90' lang='lat' dir='ltr'><strong>aliud</strong></span> <span class='ocrx_word' id='word_1_109' title='bbox 741 826 925 864; x_wconf 90' lang='lat' dir='ltr'><strong>ieiunium</strong></span> <span class='ocrx_word' id='word_1_110' title='bbox 955 827 1161 874; x_wconf 86' lang='lat' dir='ltr'><strong>Ecclesiae,</strong></span> <span class='ocrx_word' id='word_1_111' title='bbox 1183 827 1288 876; x_wconf 93' lang='lat' dir='ltr'><strong>quod</strong></span> <span class='ocrx_word' id='word_1_112' title='bbox 1317 826 1372 864; x_wconf 92' lang='lat' dir='ltr'><strong>di·</strong></span> 
     </span>
     <span class='ocr_line' id='line_1_29' title="bbox 288 877 1372 932; baseline 0.003 -18"><span class='ocrx_word' id='word_1_113' title='bbox 288 877 396 932; x_wconf 35' lang='lat' dir='ltr'><strong>‘citur</strong></span> <span class='ocrx_word' id='word_1_114' title='bbox 423 878 606 916; x_wconf 90' lang='lat' dir='ltr'><strong>ieiunium</strong></span> <span class='ocrx_word' id='word_1_115' title='bbox 642 880 852 917; x_wconf 85' lang='lat' dir='ltr'><strong>ieiunantis.</strong></span> <span class='ocrx_word' id='word_1_116' title='bbox 896 881 945 917; x_wconf 93' lang='lat' dir='ltr'><strong>Et</strong></span> <span class='ocrx_word' id='word_1_117' title='bbox 973 880 1072 918; x_wconf 92' lang='lat' dir='ltr'><strong>istud</strong></span> <span class='ocrx_word' id='word_1_118' title='bbox 1102 893 1181 918; x_wconf 92' lang='lat' dir='ltr'><strong>non</strong></span> <span class='ocrx_word' id='word_1_119' title='bbox 1213 880 1372 918; x_wconf 90' lang='lat' dir='ltr'><strong>solvitur</strong></span> 
     </span>
     <span class='ocr_line' id='line_1_30' title="bbox 301 930 1371 983; baseline 0.001 -14"><span class='ocrx_word' id='word_1_120' title='bbox 301 930 377 983; x_wconf 10' lang='lat' dir='ltr'><strong>nisi,</strong></span> <span class='ocrx_word' id='word_1_121' title='bbox 397 938 468 982; x_wconf 86' lang='lat' dir='ltr'><strong>per</strong></span> <span class='ocrx_word' id='word_1_122' title='bbox 496 944 540 970; x_wconf 90' lang='lat' dir='ltr'><strong>ea</strong></span> <span class='ocrx_word' id='word_1_123' title='bbox 569 944 668 982; x_wconf 90' lang='lat' dir='ltr'><strong>quae</strong></span> <span class='ocrx_word' id='word_1_124' title='bbox 695 933 867 970; x_wconf 89' lang='lat' dir='ltr'><strong>Ecclesia</strong></span> <span class='ocrx_word' id='word_1_125' title='bbox 886 933 1108 971; x_wconf 84' lang='lat' dir='ltr'><strong>interdicere</strong></span> <span class='ocrx_word' id='word_1_126' title='bbox 1129 933 1289 971; x_wconf 89' lang='lat' dir='ltr'><strong>intendit</strong></span> <span class='ocrx_word' id='word_1_127' title='bbox 1316 933 1371 970; x_wconf 90' lang='lat' dir='ltr'><strong>in-</strong></span> 
     </span>
    </p>
   </div>
   <div class='ocr_carea' id='block_1_24' title="bbox 301 983 1400 1024">
    <p class='ocr_par' dir='ltr' id='par_1_25' title="bbox 301 983 1400 1024">
     <span class='ocr_line' id='line_1_31' title="bbox 301 983 1400 1024; baseline 0.002 -3"><span class='ocrx_word' id='word_1_128' title='bbox 301 983 491 1023; x_wconf 85' lang='lat' dir='ltr'><strong>stituendo</strong></span> <span class='ocrx_word' id='word_1_129' title='bbox 520 986 717 1024; x_wconf 91' lang='lat' dir='ltr'><strong>ieiunium.</strong></span> <span class='ocrx_word' id='word_1_130' title='bbox 747 987 840 1024; x_wconf 93' lang='lat' dir='ltr'><strong>Non</strong></span> <span class='ocrx_word' id='word_1_131' title='bbox 864 994 993 1024; x_wconf 86' lang='lat' dir='ltr'><strong>autern</strong></span> <span class='ocrx_word' id='word_1_132' title='bbox 1022 987 1181 1024; x_wconf 90' lang='lat' dir='ltr'><strong>intendit</strong></span> <span class='ocrx_word' id='word_1_133' title='bbox 1199 985 1371 1023; x_wconf 88' lang='lat' dir='ltr'><strong>Ecclesia</strong></span> <span class='ocrx_word' id='word_1_134' title='bbox 1398 985 1400 1002; x_wconf 68' lang='lat'><strong>⁵</strong></span> 
     </span>
    </p>
   </div>
   <div class='ocr_carea' id='block_1_25' title="bbox 299 1037 1372 1089">
    <p class='ocr_par' dir='ltr' id='par_1_26' title="bbox 299 1037 1372 1089">
     <span class='ocr_line' id='line_1_32' title="bbox 299 1037 1372 1089; baseline 0.001 -14"><span class='ocrx_word' id='word_1_135' title='bbox 299 1037 522 1076; x_wconf 87' lang='lat' dir='ltr'><strong>interdicere</strong></span> <span class='ocrx_word' id='word_1_136' title='bbox 543 1039 808 1079; x_wconf 87' lang='lat' dir='ltr'><strong>abstinentiam</strong></span> <span class='ocrx_word' id='word_1_137' title='bbox 827 1047 954 1089; x_wconf 90' lang='lat' dir='ltr'><strong>potus,</strong></span> <span class='ocrx_word' id='word_1_138' title='bbox 975 1040 1040 1088; x_wconf 92' lang='lat' dir='ltr'><strong>qui</strong></span> <span class='ocrx_word' id='word_1_139' title='bbox 1070 1039 1190 1087; x_wconf 88' lang='lat' dir='ltr'><strong>magis</strong></span> <span class='ocrx_word' id='word_1_140' title='bbox 1210 1039 1372 1076; x_wconf 89' lang='lat' dir='ltr'><strong>sumitur</strong></span> 
     </span>
    </p>
   </div>
   <div class='ocr_carea' id='block_1_26' title="bbox 2423 273 2492 310">
    <p class='ocr_par' dir='ltr' id='par_1_27' title="bbox 2423 273 2492 310">
     <span class='ocr_line' id='line_1_33' title="bbox 2423 273 2492 310; baseline 0.029 -2"><span class='ocrx_word' id='word_1_141' title='bbox 2423 273 2492 310; x_wconf 88' lang='lat'><strong>163</strong></span> 
     </span>
    </p>
   </div>
   <div class='ocr_carea' id='block_1_27' title="bbox 1396 349 2497 1092">
    <p class='ocr_par' dir='ltr' id='par_1_28' title="bbox 1396 349 2497 724">
     <span class='ocr_line' id='line_1_34' title="bbox 1425 349 2494 401; baseline 0.005 -16"><span class='ocrx_word' id='word_1_142' title='bbox 1425 349 1474 386; x_wconf 89' lang='lat' dir='ltr'><strong>ad</strong></span> <span class='ocrx_word' id='word_1_143' title='bbox 1502 349 1764 401; x_wconf 84' lang='lat' dir='ltr'><strong>alterationem</strong></span> <span class='ocrx_word' id='word_1_144' title='bbox 1786 349 1957 399; x_wconf 87' lang='lat' dir='ltr'><strong>corporis</strong></span> <span class='ocrx_word' id='word_1_145' title='bbox 1982 358 2019 387; x_wconf 91' lang='lat' dir='ltr'><strong>et</strong></span> <span class='ocrx_word' id='word_1_146' title='bbox 2047 350 2298 398; x_wconf 88' lang='lat' dir='ltr'><strong>digestionem</strong></span> <span class='ocrx_word' id='word_1_147' title='bbox 2321 351 2494 390; x_wconf 91' lang='lat' dir='ltr'><strong>ciborum</strong></span> 
     </span>
     <span class='ocr_line' id='line_1_35' title="bbox 1425 403 2494 453; baseline 0.003 -14"><span class='ocrx_word' id='word_1_148' title='bbox 1425 411 1711 452; x_wconf 88' lang='lat' dir='ltr'><strong>assumptorum</strong></span> <span class='ocrx_word' id='word_1_149' title='bbox 1739 415 1854 452; x_wconf 88' lang='lat' dir='ltr'><strong>quam</strong></span> <span class='ocrx_word' id='word_1_150' title='bbox 1885 403 1934 440; x_wconf 90' lang='lat' dir='ltr'><strong>ad</strong></span> <span class='ocrx_word' id='word_1_151' title='bbox 1963 403 2222 451; x_wconf 87' lang='lat' dir='ltr'><strong>nutritionem,</strong></span> <span class='ocrx_word' id='word_1_152' title='bbox 2250 404 2338 441; x_wconf 90' lang='lat' dir='ltr'><strong>licet</strong></span> <span class='ocrx_word' id='word_1_153' title='bbox 2366 406 2494 453; x_wconf 88' lang='lat' dir='ltr'><strong>aliquo</strong></span> 
     </span>
     <span class='ocr_line' id='line_1_36' title="bbox 1396 456 2496 507; baseline 0.003 -14"><span class='ocrx_word' id='word_1_154' title='bbox 1396 457 1399 503; x_wconf 64' lang='lat' dir='ltr'>f</span> <span class='ocrx_word' id='word_1_155' title='bbox 1425 457 1544 493; x_wconf 91' lang='lat' dir='ltr'><strong>modo</strong></span> <span class='ocrx_word' id='word_1_156' title='bbox 1574 456 1722 493; x_wconf 86' lang='lat' dir='ltr'><strong>nutriat.</strong></span> <span class='ocrx_word' id='word_1_157' title='bbox 1763 457 1813 494; x_wconf 92' lang='lat' dir='ltr'><strong>Et</strong></span> <span class='ocrx_word' id='word_1_158' title='bbox 1839 456 1928 494; x_wconf 91' lang='lat' dir='ltr'><strong>ideo</strong></span> <span class='ocrx_word' id='word_1_159' title='bbox 1957 457 2043 494; x_wconf 90' lang='lat' dir='ltr'><strong>licet</strong></span> <span class='ocrx_word' id='word_1_160' title='bbox 2069 458 2210 507; x_wconf 88' lang='lat' dir='ltr'><strong>pluries</strong></span> <span class='ocrx_word' id='word_1_161' title='bbox 2242 458 2496 496; x_wconf 90' lang='lat' dir='ltr'><strong>ieiunantibus</strong></span> 
     </span>
     <span class='ocr_line' id='line_1_37' title="bbox 1398 509 2494 560; baseline 0.003 -14.077"><span class='ocrx_word' id='word_1_162' title='bbox 1398 509 1568 547; x_wconf 90' lang='lat' dir='ltr'><strong>bibere.</strong></span> <span class='ocrx_word' id='word_1_163' title='bbox 1591 532 1614 538; x_wconf 97' lang='lat'>-</span> <span class='ocrx_word' id='word_1_164' title='bbox 1646 509 1685 546; x_wconf 89' lang='lat' dir='ltr'><strong>Si</strong></span> <span class='ocrx_word' id='word_1_165' title='bbox 1706 518 1835 547; x_wconf 89' lang='lat' dir='ltr'><strong>autem</strong></span> <span class='ocrx_word' id='word_1_166' title='bbox 1856 510 1940 559; x_wconf 93' lang='lat' dir='ltr'><strong>quis</strong></span> <span class='ocrx_word' id='word_1_167' title='bbox 1969 510 2222 548; x_wconf 88' lang='lat' dir='ltr'><strong>immoderate</strong></span> <span class='ocrx_word' id='word_1_168' title='bbox 2243 520 2337 560; x_wconf 91' lang='lat' dir='ltr'><strong>potu</strong></span> <span class='ocrx_word' id='word_1_169' title='bbox 2357 519 2494 560; x_wconf 88' lang='lat' dir='ltr'><strong>utatur,</strong></span> 
     </span>
     <span class='ocr_line' id='line_1_38' title="bbox 1424 564 2497 624; baseline 0.001 -23"><span class='ocrx_word' id='word_1_170' title='bbox 1424 572 1549 613; x_wconf 88' lang='lat' dir='ltr'><strong>potest</strong></span> <span class='ocrx_word' id='word_1_171' title='bbox 1577 576 1738 624; x_wconf 83' lang='lat' dir='ltr'><strong>peccare</strong></span> <span class='ocrx_word' id='word_1_172' title='bbox 1767 572 1803 600; x_wconf 89' lang='lat' dir='ltr'><strong>et</strong></span> <span class='ocrx_word' id='word_1_173' title='bbox 1829 564 2007 601; x_wconf 90' lang='lat' dir='ltr'><strong>meritum</strong></span> <span class='ocrx_word' id='word_1_174' title='bbox 2034 564 2163 602; x_wconf 91' lang='lat' dir='ltr'><strong>ieiunii</strong></span> <span class='ocrx_word' id='word_1_175' title='bbox 2193 565 2371 614; x_wconf 90' lang='lat' dir='ltr'><strong>perdere:</strong></span> <span class='ocrx_word' id='word_1_176' title='bbox 2403 566 2497 602; x_wconf 88' lang='lat' dir='ltr'><strong>sicut</strong></span> 
     </span>
     <span class='ocr_line' id='line_1_39' title="bbox 1426 617 2495 656; baseline 0.002 -2"><span class='ocrx_word' id='word_1_177' title='bbox 1426 617 1539 654; x_wconf 90' lang='lat' dir='ltr'><strong>etiam</strong></span> <span class='ocrx_word' id='word_1_178' title='bbox 1569 618 1599 654; x_wconf 92' lang='lat' dir='ltr'><strong>si</strong></span> <span class='ocrx_word' id='word_1_179' title='bbox 1630 617 1881 655; x_wconf 88' lang='lat' dir='ltr'><strong>immoderate</strong></span> <span class='ocrx_word' id='word_1_180' title='bbox 1918 618 2046 655; x_wconf 90' lang='lat' dir='ltr'><strong>cibum</strong></span> <span class='ocrx_word' id='word_1_181' title='bbox 2081 618 2119 656; x_wconf 91' lang='lat' dir='ltr'><strong>in</strong></span> <span class='ocrx_word' id='word_1_182' title='bbox 2147 631 2226 656; x_wconf 90' lang='lat' dir='ltr'><strong>una</strong></span> <span class='ocrx_word' id='word_1_183' title='bbox 2260 619 2495 656; x_wconf 89' lang='lat' dir='ltr'><strong>comestione</strong></span> 
     </span>
     <span class='ocr_line' id='line_1_40' title="bbox 1398 679 1607 724; baseline 0 -16"><span class='ocrx_word' id='word_1_184' title='bbox 1398 710 1400 724; x_wconf 31' lang='lat' dir='ltr'><strong><em>s</em></strong></span> <span class='ocrx_word' id='word_1_185' title='bbox 1426 679 1607 708; x_wconf 89' lang='lat' dir='ltr'><strong>assumat.</strong></span> 
     </span>
    </p>

    <p class='ocr_par' dir='ltr' id='par_1_29' title="bbox 1398 725 2496 1092">
     <span class='ocr_line' id='line_1_41' title="bbox 1479 725 2495 774; baseline 0.001 -13"><span class='ocrx_word' id='word_1_186' title='bbox 1479 727 1538 761; x_wconf 85' lang='lat' dir='ltr'><strong>AD</strong></span> <span class='ocrx_word' id='word_1_187' title='bbox 1571 736 1732 762; x_wconf 76' lang='lat' dir='ltr'><strong>TERTmM</strong></span> <span class='ocrx_word' id='word_1_188' title='bbox 1756 736 1942 762; x_wconf 67' lang='lat' dir='ltr'><strong>memnon</strong></span> <span class='ocrx_word' id='word_1_189' title='bbox 1972 726 2077 774; x_wconf 89' lang='lat' dir='ltr'><strong>quod</strong></span> <span class='ocrx_word' id='word_1_190' title='bbox 2107 725 2322 773; x_wconf 88' lang='lat' dir='ltr'><strong>electuaria,</strong></span> <span class='ocrx_word' id='word_1_191' title='bbox 2345 725 2412 762; x_wconf 91' lang='lat' dir='ltr'><strong>etsi</strong></span> <span class='ocrx_word' id='word_1_192' title='bbox 2432 725 2495 762; x_wconf 89' lang='lat' dir='ltr'><strong>ali-</strong></span> 
     </span>
     <span class='ocr_line' id='line_1_42' title="bbox 1398 777 2495 828; baseline 0.002 -14"><span class='ocrx_word' id='word_1_193' title='bbox 1398 812 1400 828; x_wconf 44' lang='lat'><strong>,</strong></span> <span class='ocrx_word' id='word_1_194' title='bbox 1426 791 1504 827; x_wconf 91' lang='lat' dir='ltr'><strong>quo</strong></span> <span class='ocrx_word' id='word_1_195' title='bbox 1533 778 1652 815; x_wconf 91' lang='lat' dir='ltr'><strong>modo</strong></span> <span class='ocrx_word' id='word_1_196' title='bbox 1683 777 1858 824; x_wconf 86' lang='lat' dir='ltr'><strong>nutriant,</strong></span> <span class='ocrx_word' id='word_1_197' title='bbox 1891 790 1969 815; x_wconf 89' lang='lat' dir='ltr'><strong>non</strong></span> <span class='ocrx_word' id='word_1_198' title='bbox 1997 786 2127 816; x_wconf 90' lang='lat' dir='ltr'><strong>tamen</strong></span> <span class='ocrx_word' id='word_1_199' title='bbox 2156 778 2410 828; x_wconf 86' lang='lat' dir='ltr'><strong>principaliter</strong></span> <span class='ocrx_word' id='word_1_200' title='bbox 2438 791 2495 816; x_wconf 87' lang='lat' dir='ltr'><strong>as-</strong></span> 
     </span>
     <span class='ocr_line' id='line_1_43' title="bbox 1426 831 2495 881; baseline 0.002 -13"><span class='ocrx_word' id='word_1_201' title='bbox 1426 840 1630 869; x_wconf 91' lang='lat' dir='ltr'><strong>sumuntur</strong></span> <span class='ocrx_word' id='word_1_202' title='bbox 1657 831 1707 868; x_wconf 91' lang='lat' dir='ltr'><strong>ad</strong></span> <span class='ocrx_word' id='word_1_203' title='bbox 1735 831 2029 879; x_wconf 87' lang='lat' dir='ltr'><strong>nutrimentum,</strong></span> <span class='ocrx_word' id='word_1_204' title='bbox 2061 832 2129 869; x_wconf 89' lang='lat' dir='ltr'><strong>sed</strong></span> <span class='ocrx_word' id='word_1_205' title='bbox 2157 833 2206 870; x_wconf 92' lang='lat' dir='ltr'><strong>ad</strong></span> <span class='ocrx_word' id='word_1_206' title='bbox 2244 832 2495 881; x_wconf 87' lang='lat' dir='ltr'><strong>digestionem</strong></span> 
     </span>
     <span class='ocr_line' id='line_1_44' title="bbox 1398 884 2496 932; baseline 0.001 -10"><span class='ocrx_word' id='word_1_207' title='bbox 1398 921 1400 930; x_wconf 77' lang='lat'>‚</span> <span class='ocrx_word' id='word_1_208' title='bbox 1427 886 1613 922; x_wconf 89' lang='lat' dir='ltr'><strong>ciborum.</strong></span> <span class='ocrx_word' id='word_1_209' title='bbox 1643 884 1755 922; x_wconf 91' lang='lat' dir='ltr'><strong>Unde</strong></span> <span class='ocrx_word' id='word_1_210' title='bbox 1784 897 1863 921; x_wconf 93' lang='lat' dir='ltr'><strong>non</strong></span> <span class='ocrx_word' id='word_1_211' title='bbox 1892 886 2046 922; x_wconf 88' lang='lat' dir='ltr'><strong>solvunt</strong></span> <span class='ocrx_word' id='word_1_212' title='bbox 2073 885 2270 932; x_wconf 91' lang='lat' dir='ltr'><strong>ieiunium,</strong></span> <span class='ocrx_word' id='word_1_213' title='bbox 2301 886 2395 923; x_wconf 90' lang='lat' dir='ltr'><strong>sicut</strong></span> <span class='ocrx_word' id='word_1_214' title='bbox 2425 898 2496 923; x_wconf 89' lang='lat' dir='ltr'><strong>nec</strong></span> 
     </span>
     <span class='ocr_line' id='line_1_45' title="bbox 1398 937 2496 988; baseline -0.001 -11"><span class='ocrx_word' id='word_1_215' title='bbox 1398 953 1400 978; x_wconf 72' lang='lat' dir='ltr'>r</span> <span class='ocrx_word' id='word_1_216' title='bbox 1426 939 1585 975; x_wconf 89' lang='lat' dir='ltr'><strong>aliarum</strong></span> <span class='ocrx_word' id='word_1_217' title='bbox 1606 937 1881 974; x_wconf 89' lang='lat' dir='ltr'><strong>medicinarum</strong></span> <span class='ocrx_word' id='word_1_218' title='bbox 1902 938 2132 987; x_wconf 84' lang='lat' dir='ltr'><strong>assumptio:</strong></span> <span class='ocrx_word' id='word_1_219' title='bbox 2158 939 2228 976; x_wconf 91' lang='lat' dir='ltr'><strong>nisi</strong></span> <span class='ocrx_word' id='word_1_220' title='bbox 2247 939 2343 977; x_wconf 88' lang='lat' dir='ltr'><strong>forte</strong></span> <span class='ocrx_word' id='word_1_221' title='bbox 2362 939 2496 988; x_wconf 86' lang='lat' dir='ltr'><strong>aliquis</strong></span> 
     </span>
     <span class='ocr_line' id='line_1_46' title="bbox 1427 990 2496 1041; baseline 0.002 -13"><span class='ocrx_word' id='word_1_222' title='bbox 1427 992 1465 1028; x_wconf 93' lang='lat' dir='ltr'><strong>in</strong></span> <span class='ocrx_word' id='word_1_223' title='bbox 1494 991 1668 1028; x_wconf 88' lang='lat' dir='ltr'><strong>fraudem</strong></span> <span class='ocrx_word' id='word_1_224' title='bbox 1699 990 1899 1026; x_wconf 85' lang='lat' dir='ltr'><strong>electuaria</strong></span> <span class='ocrx_word' id='word_1_225' title='bbox 1928 991 1965 1027; x_wconf 91' lang='lat' dir='ltr'><strong>in</strong></span> <span class='ocrx_word' id='word_1_226' title='bbox 1993 1003 2132 1040; x_wconf 89' lang='lat' dir='ltr'><strong>magna</strong></span> <span class='ocrx_word' id='word_1_227' title='bbox 2167 993 2374 1041; x_wconf 90' lang='lat' dir='ltr'><strong>quantitate</strong></span> <span class='ocrx_word' id='word_1_228' title='bbox 2393 998 2409 1021; x_wconf 76' lang='grc' dir='ltr'><strong>Υ</strong></span> <span class='ocrx_word' id='word_1_229' title='bbox 2438 1006 2496 1030; x_wconf 93' lang='lat' dir='ltr'><strong>as-</strong></span> 
     </span>
     <span class='ocr_line' id='line_1_47' title="bbox 1398 1043 1959 1092; baseline -0.007 -10"><span class='ocrx_word' id='word_1_230' title='bbox 1398 1059 1400 1075; x_wconf 49' lang='lat' dir='ltr'><strong>i</strong></span> <span class='ocrx_word' id='word_1_231' title='bbox 1427 1052 1553 1082; x_wconf 89' lang='lat' dir='ltr'><strong>sumat</strong></span> <span class='ocrx_word' id='word_1_232' title='bbox 1581 1056 1650 1092; x_wconf 95' lang='lat' dir='ltr'><strong>per</strong></span> <span class='ocrx_word' id='word_1_233' title='bbox 1677 1043 1841 1080; x_wconf 89' lang='lat' dir='ltr'><strong>modum</strong></span> <span class='ocrx_word' id='word_1_234' title='bbox 1876 1043 1959 1080; x_wconf 91' lang='lat' dir='ltr'><strong>cibi.</strong></span> 
     </span>
    </p>
   </div>
   <div class='ocr_carea' id='block_1_28' title="bbox 1018 1132 1800 1138">
    <p class='ocr_par' dir='ltr' id='par_1_30' title="bbox 1018 1132 1800 1138">
     <span class='ocr_line' id='line_1_48' title="bbox 1018 1132 1800 1138; baseline 0 0"><span class='ocrx_word' id='word_1_235' title='bbox 1018 1132 1800 1138; x_wconf 95' lang='lat' dir='ltr'><strong> </strong></span> 
     </span>
    </p>
   </div>
   <div class='ocr_carea' id='block_1_29' title="bbox 300 1177 1370 1239">
    <p class='ocr_par' dir='ltr' id='par_1_31' title="bbox 300 1177 1370 1239">
     <span class='ocr_line' id='line_1_49' title="bbox 315 1177 1370 1239; baseline -0.005 -34"><span class='ocrx_word' id='word_1_236' title='bbox 315 1213 337 1238; x_wconf 47' lang='lat' dir='ltr'><strong>t·</strong></span> <span class='ocrx_word' id='word_1_237' title='bbox 355 1177 380 1212; x_wconf 80' lang='grc' dir='ltr'><strong>β)</strong></span> <span class='ocrx_word' id='word_1_238' title='bbox 395 1182 460 1239; x_wconf 47' lang='lat' dir='ltr'><strong>{gt</strong></span> <span class='ocrx_word' id='word_1_239' title='bbox 478 1186 601 1212; x_wconf 41' lang='lat' dir='ltr'><strong>quem-2</strong></span> <span class='ocrx_word' id='word_1_240' title='bbox 609 1183 753 1212; x_wconf 69' lang='lat' dir='ltr'><strong>postquam</strong></span> <span class='ocrx_word' id='word_1_241' title='bbox 772 1179 814 1204; x_wconf 84' lang='lat' dir='ltr'><strong>vel</strong></span> <span class='ocrx_word' id='word_1_242' title='bbox 827 1181 894 1211; x_wconf 74' lang='lat' dir='ltr'><strong>post</strong></span> <span class='ocrx_word' id='word_1_243' title='bbox 912 1185 992 1211; x_wconf 79' lang='lat' dir='ltr'><strong>quam</strong></span> <span class='ocrx_word' id='word_1_244' title='bbox 1011 1177 1199 1210; x_wconf 82' lang='lat' dir='ltr'><strong>ABCEHLpF,</strong></span> <span class='ocrx_word' id='word_1_245' title='bbox 1213 1180 1279 1210; x_wconf 78' lang='lat' dir='ltr'><strong>post</strong></span> <span class='ocrx_word' id='word_1_246' title='bbox 1292 1183 1370 1209; x_wconf 80' lang='lat' dir='ltr'><strong>quem</strong></span> 
     </span>
     <span class='ocr_line' id='line_1_50' title="bbox 300 1220 472 1239; baseline 0.006 -1"><span class='ocrx_word' id='word_1_247' title='bbox 300 1220 314 1238; x_wconf 87' lang='lat' dir='ltr'><strong>e</strong></span> <span class='ocrx_word' id='word_1_248' title='bbox 327 1221 381 1239; x_wconf 72' lang='lat' dir='ltr'><strong>iam</strong></span> <span class='ocrx_word' id='word_1_249' title='bbox 446 1221 472 1239; x_wconf 80' lang='lat' dir='ltr'><strong>a.</strong></span> 
     </span>
    </p>
   </div>
   <div class='ocr_carea' id='block_1_30' title="bbox 285 1350 349 1371">
    <p class='ocr_par' dir='ltr' id='par_1_32' title="bbox 285 1350 349 1371">
     <span class='ocr_line' id='line_1_51' title="bbox 285 1350 349 1371; baseline -0.031 -3"><span class='ocrx_word' id='word_1_250' title='bbox 285 1350 294 1368; x_wconf 52' lang='lat' dir='ltr'><strong>a</strong></span> <span class='ocrx_word' id='word_1_251' title='bbox 319 1351 349 1371; x_wconf 45' lang='grc' dir='ltr'><strong>ιη</strong></span> 
     </span>
    </p>
   </div>
   <div class='ocr_carea' id='block_1_31' title="bbox 297 1467 1371 1516">
    <p class='ocr_par' dir='ltr' id='par_1_33' title="bbox 297 1467 1371 1516">
     <span class='ocr_line' id='line_1_52' title="bbox 297 1467 1371 1516; baseline -0.003 -10.997"><span class='ocrx_word' id='word_1_252' title='bbox 297 1467 456 1509; x_wconf 63' lang='grc' dir='ltr'>ἱξίωὓω</span> <span class='ocrx_word' id='word_1_253' title='bbox 485 1474 511 1506; x_wconf 74' lang='lat' dir='ltr'><strong>Si</strong></span> <span class='ocrx_word' id='word_1_254' title='bbox 535 1473 705 1512; x_wconf 71' lang='lat' dir='ltr'><strong>comedant</strong></span> <span class='ocrx_word' id='word_1_255' title='bbox 727 1484 764 1506; x_wconf 67' lang='lat' dir='ltr'><strong>ea</strong></span> <span class='ocrx_word' id='word_1_256' title='bbox 794 1484 877 1516; x_wconf 73' lang='lat' dir='ltr'><strong>quae</strong></span> <span class='ocrx_word' id='word_1_257' title='bbox 901 1480 1109 1505; x_wconf 73' lang='lat' dir='ltr'><strong>assumuntur</strong></span> <span class='ocrx_word' id='word_1_258' title='bbox 1131 1473 1171 1503; x_wconf 72' lang='lat' dir='ltr'><strong>ad</strong></span> <span class='ocrx_word' id='word_1_259' title='bbox 1196 1472 1371 1503; x_wconf 71' lang='lat' dir='ltr'><strong>nutrimen-</strong></span> 
     </span>
    </p>
   </div>
   <div class='ocr_carea' id='block_1_32' title="bbox 58 1510 1399 1649">
    <p class='ocr_par' dir='ltr' id='par_1_34' title="bbox 81 1510 1399 1649">
     <span class='ocr_line' id='line_1_53' title="bbox 283 1510 1371 1560; baseline -0.004 -9"><span class='ocrx_word' id='word_1_260' title='bbox 283 1510 386 1556; x_wconf 64' lang='lat' dir='ltr'><strong>”turm</strong></span> <span class='ocrx_word' id='word_1_261' title='bbox 410 1524 448 1550; x_wconf 81' lang='grc' dir='ltr'><strong>ιιι</strong></span> <span class='ocrx_word' id='word_1_262' title='bbox 469 1518 611 1557; x_wconf 79' lang='lat' dir='ltr'><strong>fructus,</strong></span> <span class='ocrx_word' id='word_1_263' title='bbox 634 1517 726 1560; x_wconf 83' lang='lat' dir='ltr'><strong>panis</strong></span> <span class='ocrx_word' id='word_1_264' title='bbox 759 1525 790 1550; x_wconf 90' lang='lat' dir='ltr'><strong>et</strong></span> <span class='ocrx_word' id='word_1_265' title='bbox 811 1517 1008 1550; x_wconf 85' lang='lat' dir='ltr'><strong>huiusmodi.</strong></span> <span class='ocrx_word' id='word_1_266' title='bbox 1039 1518 1080 1549; x_wconf 86' lang='lat' dir='ltr'><strong>Et</strong></span> <span class='ocrx_word' id='word_1_267' title='bbox 1108 1523 1155 1548; x_wconf 90' lang='lat' dir='ltr'><strong>est</strong></span> <span class='ocrx_word' id='word_1_268' title='bbox 1177 1517 1258 1548; x_wconf 88' lang='lat' dir='ltr'><strong>ratio</strong></span> <span class='ocrx_word' id='word_1_269' title='bbox 1283 1517 1371 1548; x_wconf 91' lang='lat' dir='ltr'><strong>dubii</strong></span> 
     </span>
     <span class='ocr_line' id='line_1_54' title="bbox 58 1557 1399 1639; baseline -0.003 -42.93"><span class='ocrx_word' id='word_1_270' title='bbox 58 1566 152 1596; x_wconf 58' lang='grc' dir='ltr'><strong>’Μ</strong></span> <span class='ocrx_word' id='word_1_271' title='bbox 163 1559 251 1594; x_wconf 61' lang='lat' dir='ltr'><strong>ff!</strong></span> <span class='ocrx_word' id='word_1_272' title='bbox 250 1572 271 1596; x_wconf 81' lang='lat'><strong>³·</strong></span> <span class='ocrx_word' id='word_1_273' title='bbox 284 1557 390 1639; x_wconf 51' lang='grc' dir='ltr'>ῑέξίι,</span> <span class='ocrx_word' id='word_1_274' title='bbox 415 1567 457 1594; x_wconf 82' lang='lat' dir='ltr'><strong>ut</strong></span> <span class='ocrx_word' id='word_1_275' title='bbox 472 1563 505 1594; x_wconf 88' lang='lat' dir='ltr'><strong>in</strong></span> <span class='ocrx_word' id='word_1_276' title='bbox 527 1562 629 1595; x_wconf 81' lang='lat' dir='ltr'><strong>littera</strong></span> <span class='ocrx_word' id='word_1_277' title='bbox 645 1563 664 1583; x_wconf 71' lang='lat'>⁸</span> <span class='ocrx_word' id='word_1_278' title='bbox 685 1563 817 1614; x_wconf 77' lang='lat' dir='ltr'><strong>dicitur,</strong></span> <span class='ocrx_word' id='word_1_279' title='bbox 841 1563 1010 1594; x_wconf 84' lang='lat' dir='ltr'><strong>electuaria</strong></span> <span class='ocrx_word' id='word_1_280' title='bbox 1033 1569 1064 1594; x_wconf 93' lang='lat' dir='ltr'><strong>et</strong></span> <span class='ocrx_word' id='word_1_281' title='bbox 1086 1569 1183 1603; x_wconf 90' lang='lat' dir='ltr'><strong>potus</strong></span> <span class='ocrx_word' id='word_1_282' title='bbox 1206 1562 1280 1592; x_wconf 89' lang='lat' dir='ltr'><strong>ideo</strong></span> <span class='ocrx_word' id='word_1_283' title='bbox 1304 1572 1370 1592; x_wconf 91' lang='lat' dir='ltr'><strong>non</strong></span> <span class='ocrx_word' id='word_1_284' title='bbox 1397 1590 1399 1597; x_wconf 91' lang='grc'><strong>,</strong></span> 
     </span>
     <span class='ocr_line' id='line_1_55' title="bbox 345 1607 1399 1649; baseline -0.002 -10"><span class='ocrx_word' id='word_1_285' title='bbox 345 1614 448 1649; x_wconf 75' lang='lat' dir='ltr'><strong>agunt</strong></span> <span class='ocrx_word' id='word_1_286' title='bbox 470 1607 627 1639; x_wconf 83' lang='lat' dir='ltr'><strong>ieiunium</strong></span> <span class='ocrx_word' id='word_1_287' title='bbox 650 1607 730 1649; x_wconf 85' lang='lat' dir='ltr'><strong>quia</strong></span> <span class='ocrx_word' id='word_1_288' title='bbox 749 1617 863 1639; x_wconf 89' lang='lat' dir='ltr'><strong>eorum</strong></span> <span class='ocrx_word' id='word_1_289' title='bbox 886 1617 964 1639; x_wconf 86' lang='lat' dir='ltr'><strong>usus</strong></span> <span class='ocrx_word' id='word_1_290' title='bbox 988 1617 1055 1638; x_wconf 90' lang='lat' dir='ltr'><strong>non</strong></span> <span class='ocrx_word' id='word_1_291' title='bbox 1070 1613 1118 1638; x_wconf 90' lang='lat' dir='ltr'><strong>est</strong></span> <span class='ocrx_word' id='word_1_292' title='bbox 1140 1607 1319 1638; x_wconf 86' lang='lat' dir='ltr'><strong>secundum</strong></span> <span class='ocrx_word' id='word_1_293' title='bbox 1339 1616 1371 1637; x_wconf 87' lang='lat' dir='ltr'><strong>se</strong></span> <span class='ocrx_word' id='word_1_294' title='bbox 1397 1641 1399 1647; x_wconf 35' lang='grc' dir='ltr'>Ι</span> 
     </span>
    </p>
   </div>
   <div class='ocr_carea' id='block_1_33' title="bbox 298 1651 1371 1694">
    <p class='ocr_par' dir='ltr' id='par_1_35' title="bbox 298 1651 1371 1694">
     <span class='ocr_line' id='line_1_56' title="bbox 298 1651 1371 1694; baseline -0.003 -10"><span class='ocrx_word' id='word_1_295' title='bbox 298 1651 512 1694; x_wconf 81' lang='lat' dir='ltr'><strong>principaliter</strong></span> <span class='ocrx_word' id='word_1_296' title='bbox 525 1652 566 1683; x_wconf 88' lang='lat' dir='ltr'><strong>ad</strong></span> <span class='ocrx_word' id='word_1_297' title='bbox 582 1652 825 1684; x_wconf 89' lang='lat' dir='ltr'><strong>nutrimentum.</strong></span> <span class='ocrx_word' id='word_1_298' title='bbox 850 1653 936 1694; x_wconf 83' lang='lat' dir='ltr'><strong>Ergo</strong></span> <span class='ocrx_word' id='word_1_299' title='bbox 950 1652 1007 1684; x_wconf 85' lang='lat' dir='ltr'><strong>illa</strong></span> <span class='ocrx_word' id='word_1_300' title='bbox 1029 1661 1170 1693; x_wconf 84' lang='lat' dir='ltr'><strong>quorum</strong></span> <span class='ocrx_word' id='word_1_301' title='bbox 1189 1661 1267 1682; x_wconf 87' lang='lat' dir='ltr'><strong>usus</strong></span> <span class='ocrx_word' id='word_1_302' title='bbox 1287 1651 1371 1692; x_wconf 90' lang='lat' dir='ltr'><strong>prin-</strong></span> 
     </span>
    </p>
   </div>
   <div class='ocr_carea' id='block_1_34' title="bbox 282 1695 1399 1744">
    <p class='ocr_par' dir='ltr' id='par_1_36' title="bbox 282 1695 1399 1744">
     <span class='ocr_line' id='line_1_57' title="bbox 282 1695 1399 1744; baseline -0.003 -14.956"><span class='ocrx_word' id='word_1_303' title='bbox 282 1696 414 1744; x_wconf 57' lang='lat' dir='ltr'><strong>:walis</strong></span> <span class='ocrx_word' id='word_1_304' title='bbox 430 1703 478 1728; x_wconf 81' lang='lat' dir='ltr'><strong>est</strong></span> <span class='ocrx_word' id='word_1_305' title='bbox 499 1697 541 1728; x_wconf 85' lang='lat' dir='ltr'><strong>ad</strong></span> <span class='ocrx_word' id='word_1_306' title='bbox 559 1697 776 1734; x_wconf 88' lang='lat' dir='ltr'><strong>nutriendum,</strong></span> <span class='ocrx_word' id='word_1_307' title='bbox 793 1696 969 1738; x_wconf 83' lang='lat' dir='ltr'><strong>frangunt</strong></span> <span class='ocrx_word' id='word_1_308' title='bbox 961 1696 1127 1728; x_wconf 80' lang='lat' dir='ltr'><strong>ieiunium.</strong></span> <span class='ocrx_word' id='word_1_309' title='bbox 1153 1713 1171 1719; x_wconf 94' lang='lat'><em>-</em></span> <span class='ocrx_word' id='word_1_310' title='bbox 1194 1696 1236 1727; x_wconf 90' lang='lat' dir='ltr'><strong>Et</strong></span> <span class='ocrx_word' id='word_1_311' title='bbox 1259 1695 1372 1726; x_wconf 82' lang='lat' dir='ltr'><strong>confir·</strong></span> <span class='ocrx_word' id='word_1_312' title='bbox 1398 1708 1399 1718; x_wconf 42' lang='grc' dir='ltr'><strong>ι</strong></span> 
     </span>
    </p>
   </div>
   <div class='ocr_carea' id='block_1_35' title="bbox 281 1739 1371 1917">
    <p class='ocr_par' dir='ltr' id='par_1_37' title="bbox 284 1739 1371 1871">
     <span class='ocr_line' id='line_1_58' title="bbox 298 1739 1370 1782; baseline -0.002 -10"><span class='ocrx_word' id='word_1_313' title='bbox 298 1739 413 1773; x_wconf 86' lang='lat' dir='ltr'><strong>mat&#39;ur.</strong></span> <span class='ocrx_word' id='word_1_314' title='bbox 443 1740 528 1780; x_wconf 91' lang='lat' dir='ltr'><strong>Quia</strong></span> <span class='ocrx_word' id='word_1_315' title='bbox 551 1744 683 1778; x_wconf 88' lang='lat' dir='ltr'><strong>Auctor,</strong></span> <span class='ocrx_word' id='word_1_316' title='bbox 703 1742 736 1772; x_wconf 87' lang='lat' dir='ltr'><strong>in</strong></span> <span class='ocrx_word' id='word_1_317' title='bbox 760 1741 804 1773; x_wconf 76' lang='lat' dir='ltr'><strong>lv</strong></span> <span class='ocrx_word' id='word_1_318' title='bbox 820 1741 908 1773; x_wconf 88' lang='lat' dir='ltr'><strong>Sent.</strong></span> <span class='ocrx_word' id='word_1_319' title='bbox 933 1741 1005 1773; x_wconf 88' lang='lat' dir='ltr'><strong>dist.</strong></span> <span class='ocrx_word' id='word_1_320' title='bbox 1024 1751 1074 1778; x_wconf 91' lang='lat' dir='ltr'><strong>xv,</strong></span> <span class='ocrx_word' id='word_1_321' title='bbox 1099 1751 1154 1782; x_wconf 91' lang='lat' dir='ltr'><strong>qu.</strong></span> <span class='ocrx_word' id='word_1_322' title='bbox 1174 1751 1219 1779; x_wconf 83' lang='lat'><strong>111,</strong></span> <span class='ocrx_word' id='word_1_323' title='bbox 1237 1747 1292 1771; x_wconf 91' lang='lat' dir='ltr'><strong>art.</strong></span> <span class='ocrx_word' id='word_1_324' title='bbox 1313 1740 1370 1780; x_wconf 86' lang='grc'><strong>4*,</strong></span> 
     </span>
     <span class='ocr_line' id='line_1_59' title="bbox 284 1775 1371 1830; baseline -0.001 -14"><span class='ocrx_word' id='word_1_325' title='bbox 284 1775 386 1823; x_wconf 63' lang='lat' dir='ltr'><strong>&#39;dicit</strong></span> <span class='ocrx_word' id='word_1_326' title='bbox 402 1785 492 1830; x_wconf 89' lang='lat' dir='ltr'><strong>quod</strong></span> <span class='ocrx_word' id='word_1_327' title='bbox 523 1786 632 1817; x_wconf 86' lang='lat' dir='ltr'><strong>omnia</strong></span> <span class='ocrx_word' id='word_1_328' title='bbox 662 1795 805 1828; x_wconf 84' lang='lat' dir='ltr'><strong>quorum</strong></span> <span class='ocrx_word' id='word_1_329' title='bbox 829 1796 906 1817; x_wconf 90' lang='lat' dir='ltr'><strong>usus</strong></span> <span class='ocrx_word' id='word_1_330' title='bbox 929 1793 976 1817; x_wconf 88' lang='lat' dir='ltr'><strong>est</strong></span> <span class='ocrx_word' id='word_1_331' title='bbox 999 1785 1202 1822; x_wconf 88' lang='lat' dir='ltr'><strong>manducare,</strong></span> <span class='ocrx_word' id='word_1_332' title='bbox 1219 1783 1371 1826; x_wconf 83' lang='lat' dir='ltr'><strong>frangunt</strong></span> 
     </span>
     <span class='ocr_line' id='line_1_60' title="bbox 281 1828 1126 1871; baseline 0.001 -11.006"><span class='ocrx_word' id='word_1_333' title='bbox 281 1828 455 1861; x_wconf 64' lang='lat' dir='ltr'><strong>&gt;ieiunium</strong></span> <span class='ocrx_word' id='word_1_334' title='bbox 477 1829 560 1861; x_wconf 83' lang='lat' dir='ltr'><strong>ultra</strong></span> <span class='ocrx_word' id='word_1_335' title='bbox 582 1831 712 1862; x_wconf 82' lang='lat' dir='ltr'><strong>unicam</strong></span> <span class='ocrx_word' id='word_1_336' title='bbox 731 1830 964 1862; x_wconf 88' lang='lat' dir='ltr'><strong>comestionem</strong></span> <span class='ocrx_word' id='word_1_337' title='bbox 988 1836 1126 1871; x_wconf 89' lang='lat' dir='ltr'><strong>sumpta.</strong></span> 
     </span>
    </p>

    <p class='ocr_par' dir='ltr' id='par_1_38' title="bbox 299 1874 1240 1917">
     <span class='ocr_line' id='line_1_61' title="bbox 299 1874 1240 1917; baseline 0 -11"><span class='ocrx_word' id='word_1_338' title='bbox 299 1884 302 1900; x_wconf 85' lang='lat'><strong>¹</strong></span> <span class='ocrx_word' id='word_1_339' title='bbox 354 1874 391 1906; x_wconf 84' lang='lat' dir='ltr'><strong>ln</strong></span> <span class='ocrx_word' id='word_1_340' title='bbox 413 1875 602 1916; x_wconf 87' lang='lat' dir='ltr'><strong>oppositum</strong></span> <span class='ocrx_word' id='word_1_341' title='bbox 626 1882 674 1907; x_wconf 82' lang='lat' dir='ltr'><strong>est</strong></span> <span class='ocrx_word' id='word_1_342' title='bbox 696 1876 811 1917; x_wconf 88' lang='lat' dir='ltr'><strong>populi</strong></span> <span class='ocrx_word' id='word_1_343' title='bbox 834 1875 1006 1907; x_wconf 80' lang='lat' dir='ltr'><strong>Christiani</strong></span> <span class='ocrx_word' id='word_1_344' title='bbox 1029 1874 1240 1906; x_wconf 83' lang='lat' dir='ltr'><strong>consuetudo.</strong></span> 
     </span>
    </p>
   </div>
   <div class='ocr_carea' id='block_1_36' title="bbox 306 1915 1399 1961">
    <p class='ocr_par' dir='ltr' id='par_1_39' title="bbox 306 1915 1399 1961">
     <span class='ocr_line' id='line_1_62' title="bbox 306 1915 1399 1961; baseline 0 -12"><span class='ocrx_word' id='word_1_345' title='bbox 306 1942 308 1948; x_wconf 88' lang='grc'><em>,</em></span> <span class='ocrx_word' id='word_1_346' title='bbox 335 1919 393 1951; x_wconf 50' lang='lat'><strong>211.</strong></span> <span class='ocrx_word' id='word_1_347' title='bbox 417 1919 469 1951; x_wconf 85' lang='lat' dir='ltr'><strong>Ad</strong></span> <span class='ocrx_word' id='word_1_348' title='bbox 490 1919 587 1951; x_wconf 89' lang='lat' dir='ltr'><strong>huius</strong></span> <span class='ocrx_word' id='word_1_349' title='bbox 611 1920 813 1957; x_wconf 86' lang='lat' dir='ltr'><strong>evidentiam,</strong></span> <span class='ocrx_word' id='word_1_350' title='bbox 837 1920 917 1952; x_wconf 90' lang='lat' dir='ltr'><strong>scito</strong></span> <span class='ocrx_word' id='word_1_351' title='bbox 941 1920 1031 1961; x_wconf 89' lang='lat' dir='ltr'><strong>quod</strong></span> <span class='ocrx_word' id='word_1_352' title='bbox 1055 1919 1107 1950; x_wconf 90' lang='lat' dir='ltr'><strong>hic</strong></span> <span class='ocrx_word' id='word_1_353' title='bbox 1129 1926 1204 1950; x_wconf 89' lang='lat' dir='ltr'><strong>sunt</strong></span> <span class='ocrx_word' id='word_1_354' title='bbox 1227 1919 1370 1960; x_wconf 90' lang='lat' dir='ltr'><strong>quinque</strong></span> <span class='ocrx_word' id='word_1_355' title='bbox 1398 1915 1399 1953; x_wconf 62' lang='grc' dir='ltr'>Ξ</span> 
     </span>
    </p>
   </div>
   <div class='ocr_carea' id='block_1_37' title="bbox 296 1950 1371 2495">
    <p class='ocr_par' dir='ltr' id='par_1_40' title="bbox 298 1950 1371 2049">
     <span class='ocr_line' id='line_1_63' title="bbox 299 1950 1371 1996; baseline 0 -2"><span class='ocrx_word' id='word_1_356' title='bbox 299 1950 406 1995; x_wconf 81' lang='lat' dir='ltr'><strong>dubia.</strong></span> <span class='ocrx_word' id='word_1_357' title='bbox 429 1964 594 1996; x_wconf 80' lang='lat' dir='ltr'><strong>Primum:</strong></span> <span class='ocrx_word' id='word_1_358' title='bbox 617 1974 657 1995; x_wconf 86' lang='lat' dir='ltr'><strong>an</strong></span> <span class='ocrx_word' id='word_1_359' title='bbox 681 1965 775 1996; x_wconf 86' lang='lat' dir='ltr'><strong>unica</strong></span> <span class='ocrx_word' id='word_1_360' title='bbox 797 1964 954 1996; x_wconf 86' lang='lat' dir='ltr'><strong>comestio</strong></span> <span class='ocrx_word' id='word_1_361' title='bbox 977 1964 1018 1996; x_wconf 87' lang='lat' dir='ltr'><strong>sit</strong></span> <span class='ocrx_word' id='word_1_362' title='bbox 1040 1964 1079 1996; x_wconf 87' lang='lat' dir='ltr'><strong>ab</strong></span> <span class='ocrx_word' id='word_1_363' title='bbox 1098 1963 1240 1996; x_wconf 85' lang='lat' dir='ltr'><strong>Ecclesia</strong></span> <span class='ocrx_word' id='word_1_364' title='bbox 1256 1970 1371 1994; x_wconf 89' lang='lat' dir='ltr'><strong>statuta</strong></span> 
     </span>
     <span class='ocr_line' id='line_1_64' title="bbox 298 2007 1299 2049; baseline 0.001 -11"><span class='ocrx_word' id='word_1_365' title='bbox 298 2007 331 2038; x_wconf 93' lang='lat' dir='ltr'><strong>in</strong></span> <span class='ocrx_word' id='word_1_366' title='bbox 354 2007 491 2039; x_wconf 90' lang='lat' dir='ltr'><strong>ieiuniis.</strong></span> <span class='ocrx_word' id='word_1_367' title='bbox 515 2009 600 2047; x_wconf 90' lang='lat' dir='ltr'><strong>Quia</strong></span> <span class='ocrx_word' id='word_1_368' title='bbox 624 2009 752 2040; x_wconf 90' lang='lat' dir='ltr'><strong>nullum</strong></span> <span class='ocrx_word' id='word_1_369' title='bbox 771 2009 886 2040; x_wconf 88' lang='lat' dir='ltr'><strong>dicitur</strong></span> <span class='ocrx_word' id='word_1_370' title='bbox 908 2008 1042 2040; x_wconf 88' lang='lat' dir='ltr'><strong>haberi&#39;</strong></span> <span class='ocrx_word' id='word_1_371' title='bbox 1034 2019 1084 2040; x_wconf 78' lang='lat' dir='ltr'><strong>ius</strong></span> <span class='ocrx_word' id='word_1_372' title='bbox 1104 2018 1299 2049; x_wconf 88' lang='lat' dir='ltr'><strong>expressum.</strong></span> 
     </span>
    </p>

    <p class='ocr_par' dir='ltr' id='par_1_41' title="bbox 298 2048 1370 2140">
     <span class='ocr_line' id='line_1_65' title="bbox 354 2048 1370 2095; baseline 0 -12"><span class='ocrx_word' id='word_1_373' title='bbox 354 2048 558 2084; x_wconf 67' lang='lat' dir='ltr'><strong>Secundum:</strong></span> <span class='ocrx_word' id='word_1_374' title='bbox 580 2063 619 2084; x_wconf 89' lang='lat' dir='ltr'><strong>an</strong></span> <span class='ocrx_word' id='word_1_375' title='bbox 643 2064 720 2085; x_wconf 91' lang='lat' dir='ltr'><strong>usus</strong></span> <span class='ocrx_word' id='word_1_376' title='bbox 740 2053 987 2085; x_wconf 87' lang='lat' dir='ltr'><strong>comestibilium</strong></span> <span class='ocrx_word' id='word_1_377' title='bbox 1011 2053 1051 2084; x_wconf 89' lang='lat' dir='ltr'><strong>sit</strong></span> <span class='ocrx_word' id='word_1_378' title='bbox 1073 2063 1130 2095; x_wconf 90' lang='lat' dir='ltr'><strong>per</strong></span> <span class='ocrx_word' id='word_1_379' title='bbox 1148 2053 1284 2084; x_wconf 89' lang='lat' dir='ltr'><strong>modum</strong></span> <span class='ocrx_word' id='word_1_380' title='bbox 1306 2062 1370 2083; x_wconf 90' lang='lat' dir='ltr'><strong>me-</strong></span> 
     </span>
     <span class='ocr_line' id='line_1_66' title="bbox 298 2095 1283 2140; baseline 0.001 -13"><span class='ocrx_word' id='word_1_381' title='bbox 298 2095 421 2128; x_wconf 82' lang='lat' dir='ltr'><strong>dicinae</strong></span> <span class='ocrx_word' id='word_1_382' title='bbox 443 2097 557 2134; x_wconf 89' lang='lat' dir='ltr'><strong>licitus,</strong></span> <span class='ocrx_word' id='word_1_383' title='bbox 580 2104 647 2129; x_wconf 86' lang='lat' dir='ltr'><strong>tam</strong></span> <span class='ocrx_word' id='word_1_384' title='bbox 670 2098 848 2140; x_wconf 81' lang='lat' dir='ltr'><strong>vespertina</strong></span> <span class='ocrx_word' id='word_1_385' title='bbox 871 2098 950 2129; x_wconf 89' lang='lat' dir='ltr'><strong>hora</strong></span> <span class='ocrx_word' id='word_1_386' title='bbox 971 2103 1072 2140; x_wconf 85' lang='lat' dir='ltr'><strong>quam</strong></span> <span class='ocrx_word' id='word_1_387' title='bbox 1095 2097 1163 2128; x_wconf 86' lang='lat' dir='ltr'><strong>aliis</strong></span> <span class='ocrx_word' id='word_1_388' title='bbox 1186 2097 1283 2129; x_wconf 87' lang='lat' dir='ltr'><strong>horis.</strong></span> 
     </span>
    </p>

    <p class='ocr_par' dir='ltr' id='par_1_42' title="bbox 298 2141 1371 2264">
     <span class='ocr_line' id='line_1_67' title="bbox 359 2141 1371 2183; baseline 0 -11"><span class='ocrx_word' id='word_1_389' title='bbox 359 2141 523 2174; x_wconf 76' lang='lat' dir='ltr'><strong>Tertium.-</strong></span> <span class='ocrx_word' id='word_1_390' title='bbox 544 2152 584 2174; x_wconf 88' lang='lat' dir='ltr'><strong>an</strong></span> <span class='ocrx_word' id='word_1_391' title='bbox 608 2152 667 2183; x_wconf 89' lang='lat' dir='ltr'><strong>pro</strong></span> <span class='ocrx_word' id='word_1_392' title='bbox 683 2142 913 2174; x_wconf 79' lang='lat' dir='ltr'><strong>sustentatione</strong></span> <span class='ocrx_word' id='word_1_393' title='bbox 927 2150 1060 2174; x_wconf 88' lang='lat' dir='ltr'><strong>naturae</strong></span> <span class='ocrx_word' id='word_1_394' title='bbox 1082 2142 1175 2174; x_wconf 86' lang='lat' dir='ltr'><strong>liceat</strong></span> <span class='ocrx_word' id='word_1_395' title='bbox 1188 2142 1243 2173; x_wconf 88' lang='lat' dir='ltr'><strong>illa</strong></span> <span class='ocrx_word' id='word_1_396' title='bbox 1259 2142 1371 2173; x_wconf 85' lang='lat' dir='ltr'><strong>eadem</strong></span> 
     </span>
     <span class='ocr_line' id='line_1_68' title="bbox 298 2185 1371 2229; baseline 0.001 -13"><span class='ocrx_word' id='word_1_397' title='bbox 298 2185 470 2218; x_wconf 78' lang='lat' dir='ltr'><strong>refectione</strong></span> <span class='ocrx_word' id='word_1_398' title='bbox 493 2186 540 2219; x_wconf 90' lang='lat' dir='ltr'><strong>uti</strong></span> <span class='ocrx_word' id='word_1_399' title='bbox 563 2187 643 2218; x_wconf 83' lang='lat' dir='ltr'><strong>hora</strong></span> <span class='ocrx_word' id='word_1_400' title='bbox 665 2187 854 2228; x_wconf 85' lang='lat' dir='ltr'><strong>vespertina,</strong></span> <span class='ocrx_word' id='word_1_401' title='bbox 878 2197 943 2229; x_wconf 83' lang='lat' dir='ltr'><strong>qua</strong></span> <span class='ocrx_word' id='word_1_402' title='bbox 957 2187 1136 2218; x_wconf 87' lang='lat' dir='ltr'><strong>ieiunantes</strong></span> <span class='ocrx_word' id='word_1_403' title='bbox 1156 2194 1291 2218; x_wconf 88' lang='lat' dir='ltr'><strong>utuntur</strong></span> <span class='ocrx_word' id='word_1_404' title='bbox 1314 2197 1371 2227; x_wconf 88' lang='lat' dir='ltr'><strong>per</strong></span> 
     </span>
     <span class='ocr_line' id='line_1_69' title="bbox 299 2230 644 2264; baseline 0.012 -4"><span class='ocrx_word' id='word_1_405' title='bbox 299 2230 436 2261; x_wconf 89' lang='lat' dir='ltr'><strong>modum</strong></span> <span class='ocrx_word' id='word_1_406' title='bbox 459 2231 644 2264; x_wconf 89' lang='lat' dir='ltr'><strong>medicinae.</strong></span> 
     </span>
    </p>

    <p class='ocr_par' dir='ltr' id='par_1_43' title="bbox 296 2274 1371 2396">
     <span class='ocr_line' id='line_1_70' title="bbox 357 2274 1371 2317; baseline 0 -11"><span class='ocrx_word' id='word_1_407' title='bbox 357 2274 538 2314; x_wconf 82' lang='lat' dir='ltr'><strong>Quartum:</strong></span> <span class='ocrx_word' id='word_1_408' title='bbox 560 2286 600 2307; x_wconf 91' lang='lat' dir='ltr'><strong>an</strong></span> <span class='ocrx_word' id='word_1_409' title='bbox 623 2275 715 2307; x_wconf 89' lang='lat' dir='ltr'><strong>liceat</strong></span> <span class='ocrx_word' id='word_1_410' title='bbox 737 2286 797 2317; x_wconf 92' lang='lat' dir='ltr'><strong>pro</strong></span> <span class='ocrx_word' id='word_1_411' title='bbox 821 2277 1050 2308; x_wconf 88' lang='lat' dir='ltr'><strong>sustentatione</strong></span> <span class='ocrx_word' id='word_1_412' title='bbox 1073 2283 1203 2307; x_wconf 89' lang='lat' dir='ltr'><strong>naturae</strong></span> <span class='ocrx_word' id='word_1_413' title='bbox 1227 2276 1273 2306; x_wconf 89' lang='lat' dir='ltr'><strong>uti</strong></span> <span class='ocrx_word' id='word_1_414' title='bbox 1292 2275 1371 2307; x_wconf 87' lang='lat' dir='ltr'><strong>refe-</strong></span> 
     </span>
     <span class='ocr_line' id='line_1_71' title="bbox 298 2316 1370 2371; baseline 0.001 -21"><span class='ocrx_word' id='word_1_415' title='bbox 298 2316 404 2350; x_wconf 85' lang='lat' dir='ltr'><strong>ctione</strong></span> <span class='ocrx_word' id='word_1_416' title='bbox 425 2321 603 2371; x_wconf 77' lang='lat' dir='ltr'><strong>vespertina</strong></span> <span class='ocrx_word' id='word_1_417' title='bbox 626 2321 658 2351; x_wconf 92' lang='lat' dir='ltr'><strong>in</strong></span> <span class='ocrx_word' id='word_1_418' title='bbox 678 2330 781 2358; x_wconf 85' lang='lat' dir='ltr'><strong>mane,</strong></span> <span class='ocrx_word' id='word_1_419' title='bbox 806 2329 836 2353; x_wconf 86' lang='lat' dir='ltr'><strong>et</strong></span> <span class='ocrx_word' id='word_1_420' title='bbox 859 2321 1012 2362; x_wconf 90' lang='lat' dir='ltr'><strong>prandere</strong></span> <span class='ocrx_word' id='word_1_421' title='bbox 1027 2330 1168 2361; x_wconf 88' lang='lat' dir='ltr'><strong>vespere,</strong></span> <span class='ocrx_word' id='word_1_422' title='bbox 1184 2320 1304 2361; x_wconf 89' lang='lat' dir='ltr'><strong>absque</strong></span> <span class='ocrx_word' id='word_1_423' title='bbox 1320 2331 1370 2351; x_wconf 91' lang='lat' dir='ltr'><strong>so-</strong></span> 
     </span>
     <span class='ocr_line' id='line_1_72' title="bbox 296 2363 563 2396; baseline 0.008 -3"><span class='ocrx_word' id='word_1_424' title='bbox 296 2363 421 2395; x_wconf 86' lang='lat' dir='ltr'><strong>lutione</strong></span> <span class='ocrx_word' id='word_1_425' title='bbox 443 2364 563 2396; x_wconf 85' lang='lat' dir='ltr'><strong>ieiunii.</strong></span> 
     </span>
    </p>

    <p class='ocr_par' dir='ltr' id='par_1_44' title="bbox 297 2408 1369 2495">
     <span class='ocr_line' id='line_1_73' title="bbox 356 2408 1366 2450; baseline 0 -10"><span class='ocrx_word' id='word_1_426' title='bbox 356 2408 535 2446; x_wconf 81' lang='lat' dir='ltr'><strong>Quintum:</strong></span> <span class='ocrx_word' id='word_1_427' title='bbox 563 2419 604 2440; x_wconf 88' lang='lat' dir='ltr'><strong>an</strong></span> <span class='ocrx_word' id='word_1_428' title='bbox 634 2410 777 2440; x_wconf 88' lang='lat' dir='ltr'><strong>nesciens</strong></span> <span class='ocrx_word' id='word_1_429' title='bbox 807 2417 862 2441; x_wconf 84' lang='lat' dir='ltr'><strong>aut</strong></span> <span class='ocrx_word' id='word_1_430' title='bbox 893 2420 959 2441; x_wconf 91' lang='lat' dir='ltr'><strong>non</strong></span> <span class='ocrx_word' id='word_1_431' title='bbox 984 2409 1126 2450; x_wconf 86' lang='lat' dir='ltr'><strong>cogitans</strong></span> <span class='ocrx_word' id='word_1_432' title='bbox 1156 2409 1231 2440; x_wconf 87' lang='lat' dir='ltr'><strong>istas</strong></span> <span class='ocrx_word' id='word_1_433' title='bbox 1255 2419 1366 2440; x_wconf 83' lang='lat' dir='ltr'><strong>causas</strong></span> 
     </span>
     <span class='ocr_line' id='line_1_74' title="bbox 297 2451 1369 2495; baseline 0 -11"><span class='ocrx_word' id='word_1_434' title='bbox 297 2451 471 2485; x_wconf 80' lang='lat' dir='ltr'><strong>medicinae</strong></span> <span class='ocrx_word' id='word_1_435' title='bbox 494 2454 546 2486; x_wconf 86' lang='lat' dir='ltr'><strong>vel</strong></span> <span class='ocrx_word' id='word_1_436' title='bbox 569 2454 808 2486; x_wconf 86' lang='lat' dir='ltr'><strong>sustentationis</strong></span> <span class='ocrx_word' id='word_1_437' title='bbox 831 2461 979 2491; x_wconf 88' lang='lat' dir='ltr'><strong>naturae,</strong></span> <span class='ocrx_word' id='word_1_438' title='bbox 1003 2454 1059 2484; x_wconf 92' lang='lat' dir='ltr'><strong>sed</strong></span> <span class='ocrx_word' id='word_1_439' title='bbox 1090 2454 1227 2495; x_wconf 88' lang='lat' dir='ltr'><strong>simplici</strong></span> <span class='ocrx_word' id='word_1_440' title='bbox 1257 2454 1369 2490; x_wconf 91' lang='lat' dir='ltr'><strong>corde,</strong></span> 
     </span>
    </p>
   </div>
   <div class='ocr_carea' id='block_1_38' title="bbox 297 2498 1399 2538">
    <p class='ocr_par' dir='ltr' id='par_1_45' title="bbox 297 2498 1399 2538">
     <span class='ocr_line' id='line_1_75' title="bbox 297 2498 1399 2538; baseline 0.002 -10"><span class='ocrx_word' id='word_1_441' title='bbox 297 2503 451 2538; x_wconf 83' lang='lat' dir='ltr'><strong>tanquam</strong></span> <span class='ocrx_word' id='word_1_442' title='bbox 475 2498 708 2530; x_wconf 88' lang='lat' dir='ltr'><strong>consuetudine</strong></span> <span class='ocrx_word' id='word_1_443' title='bbox 732 2499 909 2536; x_wconf 88' lang='lat' dir='ltr'><strong>communi,</strong></span> <span class='ocrx_word' id='word_1_444' title='bbox 934 2509 1065 2530; x_wconf 87' lang='lat' dir='ltr'><strong>sumens</strong></span> <span class='ocrx_word' id='word_1_445' title='bbox 1088 2498 1294 2530; x_wconf 79' lang='lat' dir='ltr'><strong>refectionem</strong></span> <span class='ocrx_word' id='word_1_446' title='bbox 1317 2509 1370 2529; x_wconf 88' lang='lat' dir='ltr'><strong>ve·</strong></span> <span class='ocrx_word' id='word_1_447' title='bbox 1397 2527 1399 2530; x_wconf 79' lang='grc'>,</span> 
     </span>
    </p>
   </div>
   <div class='ocr_carea' id='block_1_39' title="bbox 295 2542 1370 3336">
    <p class='ocr_par' dir='ltr' id='par_1_46' title="bbox 297 2542 793 2581">
     <span class='ocr_line' id='line_1_76' title="bbox 297 2542 793 2581; baseline 0.004 -10"><span class='ocrx_word' id='word_1_448' title='bbox 297 2542 480 2581; x_wconf 84' lang='lat' dir='ltr'><strong>spertinam,</strong></span> <span class='ocrx_word' id='word_1_449' title='bbox 504 2543 603 2573; x_wconf 89' lang='lat' dir='ltr'><strong>violet</strong></span> <span class='ocrx_word' id='word_1_450' title='bbox 625 2542 793 2574; x_wconf 88' lang='lat' dir='ltr'><strong>ieiunium.</strong></span> 
     </span>
    </p>

    <p class='ocr_par' dir='ltr' id='par_1_47' title="bbox 295 2585 1370 3250">
     <span class='ocr_line' id='line_1_77' title="bbox 354 2585 1370 2628; baseline 0.002 -12"><span class='ocrx_word' id='word_1_451' title='bbox 354 2585 406 2616; x_wconf 83' lang='lat'><strong>111.</strong></span> <span class='ocrx_word' id='word_1_452' title='bbox 431 2585 474 2617; x_wconf 91' lang='lat' dir='ltr'><strong>Et</strong></span> <span class='ocrx_word' id='word_1_453' title='bbox 489 2588 592 2627; x_wconf 85' lang='lat' dir='ltr'><strong>primi</strong></span> <span class='ocrx_word' id='word_1_454' title='bbox 614 2587 746 2628; x_wconf 88' lang='lat' dir='ltr'><strong>quidem</strong></span> <span class='ocrx_word' id='word_1_455' title='bbox 769 2586 857 2617; x_wconf 90' lang='lat' dir='ltr'><strong>dubii</strong></span> <span class='ocrx_word' id='word_1_456' title='bbox 881 2587 1000 2618; x_wconf 90' lang='lat' dir='ltr'><strong>solutio</strong></span> <span class='ocrx_word' id='word_1_457' title='bbox 1025 2593 1071 2618; x_wconf 89' lang='lat' dir='ltr'><strong>est</strong></span> <span class='ocrx_word' id='word_1_458' title='bbox 1094 2587 1183 2628; x_wconf 94' lang='lat' dir='ltr'><strong>quod</strong></span> <span class='ocrx_word' id='word_1_459' title='bbox 1207 2586 1301 2617; x_wconf 87' lang='lat' dir='ltr'><strong>unica</strong></span> <span class='ocrx_word' id='word_1_460' title='bbox 1317 2597 1370 2618; x_wconf 91' lang='lat' dir='ltr'><strong>co—</strong></span> 
     </span>
     <span class='ocr_line' id='line_1_78' title="bbox 298 2630 1369 2672; baseline 0.002 -12"><span class='ocrx_word' id='word_1_461' title='bbox 298 2630 413 2661; x_wconf 86' lang='lat' dir='ltr'><strong>mestio</strong></span> <span class='ocrx_word' id='word_1_462' title='bbox 437 2631 538 2671; x_wconf 84' lang='lat' dir='ltr'><strong>magis</strong></span> <span class='ocrx_word' id='word_1_463' title='bbox 563 2631 685 2662; x_wconf 89' lang='lat' dir='ltr'><strong>videtur</strong></span> <span class='ocrx_word' id='word_1_464' title='bbox 715 2632 747 2662; x_wconf 88' lang='lat' dir='ltr'><strong>in</strong></span> <span class='ocrx_word' id='word_1_465' title='bbox 772 2638 941 2672; x_wconf 86' lang='lat' dir='ltr'><strong>praecepto</strong></span> <span class='ocrx_word' id='word_1_466' title='bbox 969 2631 1078 2663; x_wconf 89' lang='lat' dir='ltr'><strong>ieiunii</strong></span> <span class='ocrx_word' id='word_1_467' title='bbox 1110 2632 1369 2671; x_wconf 79' lang='lat' dir='ltr'><strong>praesupposita,</strong></span> 
     </span>
     <span class='ocr_line' id='line_1_79' title="bbox 297 2675 1370 2717; baseline 0 -11"><span class='ocrx_word' id='word_1_468' title='bbox 297 2679 451 2716; x_wconf 74' lang='lat' dir='ltr'><strong>tanquam</strong></span> <span class='ocrx_word' id='word_1_469' title='bbox 476 2675 691 2707; x_wconf 89' lang='lat' dir='ltr'><strong>communiter</strong></span> <span class='ocrx_word' id='word_1_470' title='bbox 712 2676 880 2712; x_wconf 89' lang='lat' dir='ltr'><strong>intellecta,</strong></span> <span class='ocrx_word' id='word_1_471' title='bbox 903 2686 1003 2717; x_wconf 86' lang='lat' dir='ltr'><strong>quam</strong></span> <span class='ocrx_word' id='word_1_472' title='bbox 1026 2684 1189 2716; x_wconf 86' lang='lat' dir='ltr'><strong>expressa:</strong></span> <span class='ocrx_word' id='word_1_473' title='bbox 1214 2676 1256 2707; x_wconf 87' lang='lat' dir='ltr'><strong>ita</strong></span> <span class='ocrx_word' id='word_1_474' title='bbox 1279 2677 1370 2717; x_wconf 90' lang='lat' dir='ltr'><strong>quod</strong></span> 
     </span>
     <span class='ocr_line' id='line_1_80' title="bbox 297 2717 1368 2756; baseline 0.002 -7"><span class='ocrx_word' id='word_1_475' title='bbox 297 2717 360 2750; x_wconf 85' lang='lat' dir='ltr'><strong>hoc</strong></span> <span class='ocrx_word' id='word_1_476' title='bbox 382 2719 484 2750; x_wconf 87' lang='lat' dir='ltr'><strong>modo</strong></span> <span class='ocrx_word' id='word_1_477' title='bbox 507 2727 554 2750; x_wconf 88' lang='lat' dir='ltr'><strong>est</strong></span> <span class='ocrx_word' id='word_1_478' title='bbox 577 2726 693 2752; x_wconf 89' lang='lat' dir='ltr'><strong>statuta</strong></span> <span class='ocrx_word' id='word_1_479' title='bbox 716 2721 755 2751; x_wconf 87' lang='lat' dir='ltr'><strong>ab</strong></span> <span class='ocrx_word' id='word_1_480' title='bbox 779 2720 930 2756; x_wconf 88' lang='lat' dir='ltr'><strong>Ecclesia,</strong></span> <span class='ocrx_word' id='word_1_481' title='bbox 955 2728 986 2751; x_wconf 90' lang='lat' dir='ltr'><strong>et</strong></span> <span class='ocrx_word' id='word_1_482' title='bbox 1010 2731 1076 2751; x_wconf 91' lang='lat' dir='ltr'><strong>non</strong></span> <span class='ocrx_word' id='word_1_483' title='bbox 1100 2720 1207 2751; x_wconf 89' lang='lat' dir='ltr'><strong>solum</strong></span> <span class='ocrx_word' id='word_1_484' title='bbox 1231 2730 1268 2751; x_wconf 84' lang='lat' dir='ltr'><strong>ex</strong></span> <span class='ocrx_word' id='word_1_485' title='bbox 1292 2730 1368 2751; x_wconf 92' lang='lat' dir='ltr'><strong>con-</strong></span> 
     </span>
     <span class='ocr_line' id='line_1_81' title="bbox 297 2763 1369 2800; baseline 0.002 -6"><span class='ocrx_word' id='word_1_486' title='bbox 297 2763 477 2800; x_wconf 82' lang='lat' dir='ltr'><strong>suetudine,</strong></span> <span class='ocrx_word' id='word_1_487' title='bbox 492 2764 579 2796; x_wconf 85' lang='lat' dir='ltr'><strong>iuxta</strong></span> <span class='ocrx_word' id='word_1_488' title='bbox 594 2764 674 2796; x_wconf 89' lang='lat' dir='ltr'><strong>illud</strong></span> <span class='ocrx_word' id='word_1_489' title='bbox 690 2764 810 2796; x_wconf 89' lang='lat' dir='ltr'><strong>litterae</strong></span> <span class='ocrx_word' id='word_1_490' title='bbox 823 2764 856 2794; x_wconf 89' lang='grc'><strong>*;</strong></span> <span class='ocrx_word' id='word_1_491' title='bbox 883 2764 1049 2796; x_wconf 83' lang='lat' dir='ltr'><strong>Ecclesiae</strong></span> <span class='ocrx_word' id='word_1_492' title='bbox 1071 2765 1290 2796; x_wconf 84' lang='lat' dir='ltr'><strong>moderatione</strong></span> <span class='ocrx_word' id='word_1_493' title='bbox 1304 2771 1369 2796; x_wconf 80' lang='lat' dir='ltr'><strong>sta-</strong></span> 
     </span>
     <span class='ocr_line' id='line_1_82' title="bbox 296 2809 1369 2850; baseline 0.002 -12"><span class='ocrx_word' id='word_1_494' title='bbox 296 2811 400 2839; x_wconf 83' lang='lat' dir='ltr'><strong>tutum</strong></span> <span class='ocrx_word' id='word_1_495' title='bbox 425 2813 473 2839; x_wconf 81' lang='lat' dir='ltr'><strong>est</strong></span> <span class='ocrx_word' id='word_1_496' title='bbox 495 2814 531 2839; x_wconf 88' lang='lat' dir='ltr'><strong>ut</strong></span> <span class='ocrx_word' id='word_1_497' title='bbox 552 2810 651 2840; x_wconf 83' lang='lat' dir='ltr'><strong>semel</strong></span> <span class='ocrx_word' id='word_1_498' title='bbox 670 2810 702 2839; x_wconf 85' lang='lat' dir='ltr'><strong>in</strong></span> <span class='ocrx_word' id='word_1_499' title='bbox 714 2809 777 2846; x_wconf 88' lang='lat' dir='ltr'><strong>die,</strong></span> <span class='ocrx_word' id='word_1_500' title='bbox 795 2816 852 2840; x_wconf 92' lang='lat' dir='ltr'><strong>etc.</strong></span> <span class='ocrx_word' id='word_1_501' title='bbox 877 2809 1033 2841; x_wconf 88' lang='lat' dir='ltr'><strong>Probatur</strong></span> <span class='ocrx_word' id='word_1_502' title='bbox 1049 2816 1157 2840; x_wconf 87' lang='lat' dir='ltr'><strong>autem</strong></span> <span class='ocrx_word' id='word_1_503' title='bbox 1180 2809 1269 2850; x_wconf 92' lang='lat' dir='ltr'><strong>quod</strong></span> <span class='ocrx_word' id='word_1_504' title='bbox 1293 2809 1369 2840; x_wconf 91' lang='lat' dir='ltr'><strong>dici-</strong></span> 
     </span>
     <span class='ocr_line' id='line_1_83' title="bbox 297 2853 1367 2895; baseline 0.001 -12"><span class='ocrx_word' id='word_1_505' title='bbox 297 2861 389 2889; x_wconf 88' lang='lat' dir='ltr'><strong>mus,</strong></span> <span class='ocrx_word' id='word_1_506' title='bbox 413 2859 485 2884; x_wconf 90' lang='lat' dir='ltr'><strong>tum</strong></span> <span class='ocrx_word' id='word_1_507' title='bbox 509 2863 545 2884; x_wconf 90' lang='lat' dir='ltr'><strong>ex</strong></span> <span class='ocrx_word' id='word_1_508' title='bbox 569 2863 608 2885; x_wconf 93' lang='lat' dir='ltr'><strong>eo</strong></span> <span class='ocrx_word' id='word_1_509' title='bbox 632 2854 722 2895; x_wconf 92' lang='lat' dir='ltr'><strong>quod</strong></span> <span class='ocrx_word' id='word_1_510' title='bbox 745 2853 902 2884; x_wconf 88' lang='lat' dir='ltr'><strong>ieiunium</strong></span> <span class='ocrx_word' id='word_1_511' title='bbox 929 2861 1084 2895; x_wconf 83' lang='lat' dir='ltr'><strong>tanquam</strong></span> <span class='ocrx_word' id='word_1_512' title='bbox 1107 2864 1124 2884; x_wconf 92' lang='lat' dir='ltr'><strong>a</strong></span> <span class='ocrx_word' id='word_1_513' title='bbox 1147 2853 1292 2884; x_wconf 87' lang='lat' dir='ltr'><strong>Patribus</strong></span> <span class='ocrx_word' id='word_1_514' title='bbox 1314 2864 1367 2885; x_wconf 86' lang='lat' dir='ltr'><strong>ve—</strong></span> 
     </span>
     <span class='ocr_line' id='line_1_84' title="bbox 295 2896 1369 2939; baseline 0.002 -11"><span class='ocrx_word' id='word_1_515' title='bbox 295 2896 371 2928; x_wconf 79' lang='lat' dir='ltr'><strong>teris</strong></span> <span class='ocrx_word' id='word_1_516' title='bbox 379 2897 578 2929; x_wconf 83' lang='lat' dir='ltr'><strong>Testamenti</strong></span> <span class='ocrx_word' id='word_1_517' title='bbox 590 2905 766 2939; x_wconf 86' lang='lat' dir='ltr'><strong>acceptum,</strong></span> <span class='ocrx_word' id='word_1_518' title='bbox 783 2898 924 2929; x_wconf 84' lang='lat' dir='ltr'><strong>Ecclesia</strong></span> <span class='ocrx_word' id='word_1_519' title='bbox 936 2898 1047 2929; x_wconf 87' lang='lat' dir='ltr'><strong>indixit</strong></span> <span class='ocrx_word' id='word_1_520' title='bbox 1057 2899 1085 2929; x_wconf 85' lang='lat'><strong>*.</strong></span> <span class='ocrx_word' id='word_1_521' title='bbox 1111 2898 1247 2930; x_wconf 85' lang='lat' dir='ltr'><strong>Constat</strong></span> <span class='ocrx_word' id='word_1_522' title='bbox 1261 2905 1369 2930; x_wconf 89' lang='lat' dir='ltr'><strong>autem</strong></span> 
     </span>
     <span class='ocr_line' id='line_1_85' title="bbox 296 2942 1369 2983; baseline 0.001 -11"><span class='ocrx_word' id='word_1_523' title='bbox 296 2942 385 2982; x_wconf 91' lang='lat' dir='ltr'><strong>quod</strong></span> <span class='ocrx_word' id='word_1_524' title='bbox 409 2943 496 2983; x_wconf 89' lang='lat' dir='ltr'><strong>apud</strong></span> <span class='ocrx_word' id='word_1_525' title='bbox 520 2943 654 2974; x_wconf 89' lang='lat' dir='ltr'><strong>Iudaeos</strong></span> <span class='ocrx_word' id='word_1_526' title='bbox 678 2943 776 2973; x_wconf 88' lang='lat' dir='ltr'><strong>semel</strong></span> <span class='ocrx_word' id='word_1_527' title='bbox 799 2949 925 2973; x_wconf 85' lang='lat' dir='ltr'><strong>tantum</strong></span> <span class='ocrx_word' id='word_1_528' title='bbox 944 2943 976 2973; x_wconf 91' lang='lat' dir='ltr'><strong>in</strong></span> <span class='ocrx_word' id='word_1_529' title='bbox 993 2943 1043 2974; x_wconf 88' lang='lat' dir='ltr'><strong>die</strong></span> <span class='ocrx_word' id='word_1_530' title='bbox 1059 2943 1294 2980; x_wconf 88' lang='lat' dir='ltr'><strong>comedebatur,</strong></span> <span class='ocrx_word' id='word_1_531' title='bbox 1310 2943 1369 2974; x_wconf 91' lang='lat' dir='ltr'><strong>sci-</strong></span> 
     </span>
     <span class='ocr_line' id='line_1_86' title="bbox 295 2985 1369 3029; baseline 0.003 -13"><span class='ocrx_word' id='word_1_532' title='bbox 295 2985 368 3016; x_wconf 89' lang='lat' dir='ltr'><strong>licet</strong></span> <span class='ocrx_word' id='word_1_533' title='bbox 384 2987 423 3016; x_wconf 91' lang='lat' dir='ltr'><strong>ad</strong></span> <span class='ocrx_word' id='word_1_534' title='bbox 438 2997 607 3028; x_wconf 90' lang='lat' dir='ltr'><strong>vesperum</strong></span> <span class='ocrx_word' id='word_1_535' title='bbox 618 2988 645 3019; x_wconf 88' lang='lat'><strong>*.</strong></span> <span class='ocrx_word' id='word_1_536' title='bbox 663 3006 683 3010; x_wconf 97' lang='lat'>—</span> <span class='ocrx_word' id='word_1_537' title='bbox 694 2988 783 3018; x_wconf 88' lang='lat' dir='ltr'><strong>Tum</strong></span> <span class='ocrx_word' id='word_1_538' title='bbox 800 2997 836 3018; x_wconf 83' lang='lat' dir='ltr'><strong>ex</strong></span> <span class='ocrx_word' id='word_1_539' title='bbox 853 2998 921 3028; x_wconf 91' lang='lat' dir='ltr'><strong>cap.</strong></span> <span class='ocrx_word' id='word_1_540' title='bbox 939 2987 1212 3029; x_wconf 81' lang='lat' dir='ltr'><strong>Quadragesima,</strong></span> <span class='ocrx_word' id='word_1_541' title='bbox 1229 2987 1269 3018; x_wconf 90' lang='lat' dir='ltr'><strong>de</strong></span> <span class='ocrx_word' id='word_1_542' title='bbox 1287 2987 1369 3019; x_wconf 90' lang='lat' dir='ltr'><strong>Con-</strong></span> 
     </span>
     <span class='ocr_line' id='line_1_87' title="bbox 295 3031 1369 3073; baseline 0.003 -12"><span class='ocrx_word' id='word_1_543' title='bbox 295 3040 389 3068; x_wconf 69' lang='lat' dir='ltr'><strong>secr„</strong></span> <span class='ocrx_word' id='word_1_544' title='bbox 416 3031 489 3064; x_wconf 74' lang='lat' dir='ltr'><strong>dist.</strong></span> <span class='ocrx_word' id='word_1_545' title='bbox 506 3032 545 3068; x_wconf 90' lang='lat' dir='ltr'><strong>V,</strong></span> <span class='ocrx_word' id='word_1_546' title='bbox 570 3032 625 3063; x_wconf 93' lang='lat' dir='ltr'><strong>ubi</strong></span> <span class='ocrx_word' id='word_1_547' title='bbox 648 3032 730 3063; x_wconf 90' lang='lat' dir='ltr'><strong>inter</strong></span> <span class='ocrx_word' id='word_1_548' title='bbox 752 3031 818 3062; x_wconf 90' lang='lat' dir='ltr'><strong>dies</strong></span> <span class='ocrx_word' id='word_1_549' title='bbox 842 3031 952 3063; x_wconf 89' lang='lat' dir='ltr'><strong>ieiunii</strong></span> <span class='ocrx_word' id='word_1_550' title='bbox 976 3039 1007 3062; x_wconf 92' lang='lat' dir='ltr'><strong>et</strong></span> <span class='ocrx_word' id='word_1_551' title='bbox 1029 3032 1209 3062; x_wconf 90' lang='lat' dir='ltr'><strong>dominicos</strong></span> <span class='ocrx_word' id='word_1_552' title='bbox 1233 3031 1265 3062; x_wconf 86' lang='lat' dir='ltr'><strong>in</strong></span> <span class='ocrx_word' id='word_1_553' title='bbox 1292 3042 1369 3073; x_wconf 91' lang='lat' dir='ltr'><strong>qua-</strong></span> 
     </span>
     <span class='ocr_line' id='line_1_88' title="bbox 297 3075 1370 3118; baseline 0.003 -13"><span class='ocrx_word' id='word_1_554' title='bbox 297 3075 472 3115; x_wconf 86' lang='lat' dir='ltr'><strong>dragesima</strong></span> <span class='ocrx_word' id='word_1_555' title='bbox 491 3075 664 3107; x_wconf 73' lang='lat' dir='ltr'><strong>differentia</strong></span> <span class='ocrx_word' id='word_1_556' title='bbox 683 3076 832 3117; x_wconf 89' lang='lat' dir='ltr'><strong>ponitur,</strong></span> <span class='ocrx_word' id='word_1_557' title='bbox 857 3076 992 3107; x_wconf 92' lang='lat' dir='ltr'><strong>dicendo</strong></span> <span class='ocrx_word' id='word_1_558' title='bbox 1016 3077 1105 3118; x_wconf 92' lang='lat' dir='ltr'><strong>quod</strong></span> <span class='ocrx_word' id='word_1_559' title='bbox 1128 3076 1196 3108; x_wconf 84' lang='lat' dir='ltr'><strong>dies</strong></span> <span class='ocrx_word' id='word_1_560' title='bbox 1217 3076 1370 3109; x_wconf 84' lang='lat' dir='ltr'><strong>dominici</strong></span> 
     </span>
     <span class='ocr_line' id='line_1_89' title="bbox 296 3120 1368 3163; baseline 0.001 -12"><span class='ocrx_word' id='word_1_561' title='bbox 296 3120 507 3151; x_wconf 76' lang='lat' dir='ltr'><strong>abstinentiae</strong></span> <span class='ocrx_word' id='word_1_562' title='bbox 529 3121 784 3152; x_wconf 82' lang='lat' dir='ltr'><strong>subtrahuntur:</strong></span> <span class='ocrx_word' id='word_1_563' title='bbox 808 3127 838 3151; x_wconf 91' lang='lat' dir='ltr'><strong>et</strong></span> <span class='ocrx_word' id='word_1_564' title='bbox 862 3127 985 3152; x_wconf 88' lang='lat' dir='ltr'><strong>constat</strong></span> <span class='ocrx_word' id='word_1_565' title='bbox 1008 3122 1098 3162; x_wconf 89' lang='lat' dir='ltr'><strong>quod</strong></span> <span class='ocrx_word' id='word_1_566' title='bbox 1121 3131 1188 3152; x_wconf 90' lang='lat' dir='ltr'><strong>non</strong></span> <span class='ocrx_word' id='word_1_567' title='bbox 1206 3121 1239 3151; x_wconf 91' lang='lat' dir='ltr'><strong>in</strong></span> <span class='ocrx_word' id='word_1_568' title='bbox 1259 3121 1368 3163; x_wconf 89' lang='lat' dir='ltr'><strong>aliquo</strong></span> 
     </span>
     <span class='ocr_line' id='line_1_90' title="bbox 297 3163 1368 3208; baseline 0.005 -15"><span class='ocrx_word' id='word_1_569' title='bbox 297 3163 360 3194; x_wconf 89' lang='lat' dir='ltr'><strong>alio</strong></span> <span class='ocrx_word' id='word_1_570' title='bbox 383 3164 613 3197; x_wconf 86' lang='lat' dir='ltr'><strong>subtrahuntur</strong></span> <span class='ocrx_word' id='word_1_571' title='bbox 635 3176 735 3207; x_wconf 89' lang='lat' dir='ltr'><strong>quam</strong></span> <span class='ocrx_word' id='word_1_572' title='bbox 757 3166 791 3196; x_wconf 90' lang='lat' dir='ltr'><strong>in</strong></span> <span class='ocrx_word' id='word_1_573' title='bbox 814 3165 1024 3206; x_wconf 81' lang='lat' dir='ltr'><strong>multiplicata</strong></span> <span class='ocrx_word' id='word_1_574' title='bbox 1047 3166 1263 3203; x_wconf 87' lang='lat' dir='ltr'><strong>comestione,</strong></span> <span class='ocrx_word' id='word_1_575' title='bbox 1286 3177 1368 3208; x_wconf 89' lang='lat' dir='ltr'><strong>quo-</strong></span> 
     </span>
     <span class='ocr_line' id='line_1_91' title="bbox 298 3207 1014 3250; baseline 0.004 -13"><span class='ocrx_word' id='word_1_576' title='bbox 298 3207 384 3238; x_wconf 89' lang='lat' dir='ltr'><strong>niam</strong></span> <span class='ocrx_word' id='word_1_577' title='bbox 406 3208 440 3238; x_wconf 89' lang='lat' dir='ltr'><strong>in</strong></span> <span class='ocrx_word' id='word_1_578' title='bbox 463 3210 615 3250; x_wconf 79' lang='lat' dir='ltr'><strong>qualitate</strong></span> <span class='ocrx_word' id='word_1_579' title='bbox 639 3211 785 3242; x_wconf 92' lang='lat' dir='ltr'><strong>ciborum</strong></span> <span class='ocrx_word' id='word_1_580' title='bbox 810 3209 1014 3241; x_wconf 86' lang='lat' dir='ltr'><strong>conveniunt.</strong></span> 
     </span>
    </p>

    <p class='ocr_par' dir='ltr' id='par_1_48' title="bbox 298 3251 1369 3336">
     <span class='ocr_line' id='line_1_92' title="bbox 354 3251 1365 3296; baseline 0.004 -14"><span class='ocrx_word' id='word_1_581' title='bbox 354 3251 493 3284; x_wconf 64' lang='lat' dir='ltr'><strong>Secundi</strong></span> <span class='ocrx_word' id='word_1_582' title='bbox 507 3261 615 3285; x_wconf 84' lang='lat' dir='ltr'><strong>autem</strong></span> <span class='ocrx_word' id='word_1_583' title='bbox 630 3255 719 3286; x_wconf 87' lang='lat' dir='ltr'><strong>dubii</strong></span> <span class='ocrx_word' id='word_1_584' title='bbox 735 3255 855 3286; x_wconf 90' lang='lat' dir='ltr'><strong>solutio</strong></span> <span class='ocrx_word' id='word_1_585' title='bbox 875 3262 921 3285; x_wconf 87' lang='lat' dir='ltr'><strong>est</strong></span> <span class='ocrx_word' id='word_1_586' title='bbox 943 3254 1043 3295; x_wconf 92' lang='lat' dir='ltr'><strong>quod,</strong></span> <span class='ocrx_word' id='word_1_587' title='bbox 1059 3254 1132 3286; x_wconf 88' lang='lat' dir='ltr'><strong>licet</strong></span> <span class='ocrx_word' id='word_1_588' title='bbox 1154 3255 1264 3296; x_wconf 82' lang='lat' dir='ltr'><strong>priscis</strong></span> <span class='ocrx_word' id='word_1_589' title='bbox 1288 3263 1365 3286; x_wconf 89' lang='lat' dir='ltr'><strong>tem-</strong></span> 
     </span>
     <span class='ocr_line' id='line_1_93' title="bbox 298 3295 1369 3336; baseline 0.005 -11"><span class='ocrx_word' id='word_1_590' title='bbox 298 3295 430 3336; x_wconf 87' lang='lat' dir='ltr'><strong>poribus</strong></span> <span class='ocrx_word' id='word_1_591' title='bbox 454 3306 537 3328; x_wconf 87' lang='lat' dir='ltr'><strong>non</strong></span> <span class='ocrx_word' id='word_1_592' title='bbox 535 3297 638 3330; x_wconf 56' lang='lat' dir='ltr'><strong>fuerit</strong></span> <span class='ocrx_word' id='word_1_593' title='bbox 661 3299 742 3330; x_wconf 91' lang='lat' dir='ltr'><strong>forte</strong></span> <span class='ocrx_word' id='word_1_594' title='bbox 759 3299 883 3330; x_wconf 87' lang='lat' dir='ltr'><strong>licitum</strong></span> <span class='ocrx_word' id='word_1_595' title='bbox 899 3309 1024 3329; x_wconf 89' lang='lat' dir='ltr'><strong>sumere</strong></span> <span class='ocrx_word' id='word_1_596' title='bbox 1039 3298 1171 3336; x_wconf 85' lang='lat' dir='ltr'><strong>fructus,</strong></span> <span class='ocrx_word' id='word_1_597' title='bbox 1185 3299 1298 3331; x_wconf 89' lang='lat' dir='ltr'><strong>herbas</strong></span> <span class='ocrx_word' id='word_1_598' title='bbox 1313 3307 1369 3331; x_wconf 82' lang='lat' dir='ltr'><strong>aut</strong></span> 
     </span>
    </p>
   </div>
   <div class='ocr_carea' id='block_1_40' title="bbox 298 3340 1395 3427">
    <p class='ocr_par' dir='ltr' id='par_1_49' title="bbox 298 3340 1395 3427">
     <span class='ocr_line' id='line_1_94' title="bbox 298 3340 1395 3385; baseline 0.005 -15"><span class='ocrx_word' id='word_1_599' title='bbox 298 3340 475 3371; x_wconf 82' lang='lat' dir='ltr'><strong>buccellam</strong></span> <span class='ocrx_word' id='word_1_600' title='bbox 502 3342 592 3382; x_wconf 80' lang='lat' dir='ltr'><strong>panis</strong></span> <span class='ocrx_word' id='word_1_601' title='bbox 615 3353 656 3374; x_wconf 89' lang='lat' dir='ltr'><strong>ne</strong></span> <span class='ocrx_word' id='word_1_602' title='bbox 677 3350 776 3383; x_wconf 88' lang='lat' dir='ltr'><strong>potus</strong></span> <span class='ocrx_word' id='word_1_603' title='bbox 798 3344 882 3374; x_wconf 90' lang='lat' dir='ltr'><strong>lavet</strong></span> <span class='ocrx_word' id='word_1_604' title='bbox 904 3343 1126 3380; x_wconf 88' lang='lat' dir='ltr'><strong>stomachum,</strong></span> <span class='ocrx_word' id='word_1_605' title='bbox 1150 3344 1226 3385; x_wconf 84' lang='lat' dir='ltr'><strong>quia</strong></span> <span class='ocrx_word' id='word_1_606' title='bbox 1249 3344 1368 3375; x_wconf 90' lang='lat' dir='ltr'><strong>horum</strong></span> <span class='ocrx_word' id='word_1_607' title='bbox 1394 3362 1395 3367; x_wconf 66' lang='lat'>=</span> 
     </span>
     <span class='ocr_line' id='line_1_95' title="bbox 298 3385 1395 3427; baseline 0.005 -13"><span class='ocrx_word' id='word_1_608' title='bbox 298 3394 376 3415; x_wconf 90' lang='lat' dir='ltr'><strong>usus</strong></span> <span class='ocrx_word' id='word_1_609' title='bbox 399 3385 578 3416; x_wconf 84' lang='lat' dir='ltr'><strong>secundum</strong></span> <span class='ocrx_word' id='word_1_610' title='bbox 599 3396 633 3417; x_wconf 83' lang='lat' dir='ltr'><strong>se</strong></span> <span class='ocrx_word' id='word_1_611' title='bbox 655 3395 703 3418; x_wconf 83' lang='lat' dir='ltr'><strong>est</strong></span> <span class='ocrx_word' id='word_1_612' title='bbox 724 3388 940 3424; x_wconf 89' lang='lat' dir='ltr'><strong>manducatio,</strong></span> <span class='ocrx_word' id='word_1_613' title='bbox 964 3396 1000 3419; x_wconf 92' lang='lat' dir='ltr'><strong>ut</strong></span> <span class='ocrx_word' id='word_1_614' title='bbox 1023 3391 1145 3420; x_wconf 83' lang='lat' dir='ltr'><strong>Auctor</strong></span> <span class='ocrx_word' id='word_1_615' title='bbox 1159 3388 1242 3420; x_wconf 88' lang='lat' dir='ltr'><strong>dicit</strong></span> <span class='ocrx_word' id='word_1_616' title='bbox 1257 3389 1288 3425; x_wconf 90' lang='lat'><strong>*;</strong></span> <span class='ocrx_word' id='word_1_617' title='bbox 1312 3390 1369 3420; x_wconf 92' lang='lat' dir='ltr'><strong>ho·</strong></span> <span class='ocrx_word' id='word_1_618' title='bbox 1394 3421 1395 3427; x_wconf 20' lang='lat'>¹</span> 
     </span>
    </p>
   </div>
   <div class='ocr_carea' id='block_1_41' title="bbox 299 3428 1368 3602">
    <p class='ocr_par' dir='ltr' id='par_1_50' title="bbox 299 3428 1368 3602">
     <span class='ocr_line' id='line_1_96' title="bbox 300 3428 1367 3473; baseline 0.006 -15"><span class='ocrx_word' id='word_1_619' title='bbox 300 3428 350 3459; x_wconf 92' lang='lat' dir='ltr'><strong>die</strong></span> <span class='ocrx_word' id='word_1_620' title='bbox 373 3435 479 3460; x_wconf 87' lang='lat' dir='ltr'><strong>tamen</strong></span> <span class='ocrx_word' id='word_1_621' title='bbox 503 3429 613 3460; x_wconf 80' lang='lat' dir='ltr'><strong>omnia</strong></span> <span class='ocrx_word' id='word_1_622' title='bbox 634 3430 734 3462; x_wconf 79' lang='lat' dir='ltr'><strong>licita</strong></span> <span class='ocrx_word' id='word_1_623' title='bbox 741 3439 816 3463; x_wconf 82' lang='lat' dir='ltr'><strong>sunt</strong></span> <span class='ocrx_word' id='word_1_624' title='bbox 837 3443 895 3473; x_wconf 90' lang='lat' dir='ltr'><strong>per</strong></span> <span class='ocrx_word' id='word_1_625' title='bbox 917 3433 1055 3463; x_wconf 88' lang='lat' dir='ltr'><strong>modum</strong></span> <span class='ocrx_word' id='word_1_626' title='bbox 1077 3433 1274 3464; x_wconf 88' lang='lat' dir='ltr'><strong>medicinae&#39;</strong></span> <span class='ocrx_word' id='word_1_627' title='bbox 1266 3444 1300 3464; x_wconf 85' lang='lat' dir='ltr'><strong>m</strong></span> <span class='ocrx_word' id='word_1_628' title='bbox 1315 3444 1367 3464; x_wconf 84' lang='lat' dir='ltr'><strong>ve-</strong></span> 
     </span>
     <span class='ocr_line' id='line_1_97' title="bbox 299 3473 1368 3518; baseline 0.006 -15"><span class='ocrx_word' id='word_1_629' title='bbox 299 3473 440 3513; x_wconf 90' lang='lat' dir='ltr'><strong>spertino</strong></span> <span class='ocrx_word' id='word_1_630' title='bbox 470 3480 571 3513; x_wconf 88' lang='lat' dir='ltr'><strong>potu,</strong></span> <span class='ocrx_word' id='word_1_631' title='bbox 594 3473 704 3505; x_wconf 85' lang='lat' dir='ltr'><strong>fraude</strong></span> <span class='ocrx_word' id='word_1_632' title='bbox 731 3484 890 3508; x_wconf 78' lang='lat' dir='ltr'><strong>cessante·</strong></span> <span class='ocrx_word' id='word_1_633' title='bbox 921 3477 1078 3518; x_wconf 85' lang='lat' dir='ltr'><strong>quoniam</strong></span> <span class='ocrx_word' id='word_1_634' title='bbox 1104 3478 1172 3508; x_wconf 83' lang='lat' dir='ltr'><strong>iam</strong></span> <span class='ocrx_word' id='word_1_635' title='bbox 1202 3478 1368 3509; x_wconf 88' lang='lat' dir='ltr'><strong>consuevit</strong></span> 
     </span>
     <span class='ocr_line' id='line_1_98' title="bbox 299 3517 1365 3560; baseline 0.006 -13"><span class='ocrx_word' id='word_1_636' title='bbox 299 3517 500 3548; x_wconf 82' lang='lat' dir='ltr'><strong>Christianus</strong></span> <span class='ocrx_word' id='word_1_637' title='bbox 514 3518 658 3558; x_wconf 78' lang='lat' dir='ltr'><strong>populus</strong></span> <span class='ocrx_word' id='word_1_638' title='bbox 673 3519 730 3555; x_wconf 75' lang='lat' dir='ltr'><strong>uti,</strong></span> <span class='ocrx_word' id='word_1_639' title='bbox 742 3529 800 3560; x_wconf 80' lang='lat' dir='ltr'><strong>per</strong></span> <span class='ocrx_word' id='word_1_640' title='bbox 817 3521 955 3552; x_wconf 87' lang='lat' dir='ltr'><strong>modum</strong></span> <span class='ocrx_word' id='word_1_641' title='bbox 972 3522 1148 3553; x_wconf 82' lang='lat' dir='ltr'><strong>medicinae</strong></span> <span class='ocrx_word' id='word_1_642' title='bbox 1167 3522 1365 3558; x_wconf 89' lang='lat' dir='ltr'><strong>huiusmodi,</strong></span> 
     </span>
     <span class='ocr_line' id='line_1_99' title="bbox 299 3562 1368 3602; baseline 0.006 -10"><span class='ocrx_word' id='word_1_643' title='bbox 299 3562 348 3592; x_wconf 87' lang='lat' dir='ltr'><strong>his</strong></span> <span class='ocrx_word' id='word_1_644' title='bbox 371 3571 512 3602; x_wconf 88' lang='lat' dir='ltr'><strong>quorum</strong></span> <span class='ocrx_word' id='word_1_645' title='bbox 535 3571 612 3592; x_wconf 91' lang='lat' dir='ltr'><strong>usus</strong></span> <span class='ocrx_word' id='word_1_646' title='bbox 635 3569 682 3592; x_wconf 84' lang='lat' dir='ltr'><strong>est</strong></span> <span class='ocrx_word' id='word_1_647' title='bbox 703 3564 920 3596; x_wconf 85' lang='lat' dir='ltr'><strong>manducatio</strong></span> <span class='ocrx_word' id='word_1_648' title='bbox 945 3566 1162 3597; x_wconf 86' lang='lat' dir='ltr'><strong>Deferendum</strong></span> <span class='ocrx_word' id='word_1_649' title='bbox 1190 3574 1298 3597; x_wconf 89' lang='lat' dir='ltr'><strong>tamen</strong></span> <span class='ocrx_word' id='word_1_650' title='bbox 1322 3574 1368 3597; x_wconf 91' lang='lat' dir='ltr'><strong>est</strong></span> 
     </span>
    </p>
   </div>
   <div class='ocr_carea' id='block_1_42' title="bbox 326 1383 1398 1482">
    <p class='ocr_par' dir='ltr' id='par_1_51' title="bbox 327 1383 1398 1468">
     <span class='ocr_line' id='line_1_100' title="bbox 327 1383 1398 1425; baseline -0.003 -8"><span class='ocrx_word' id='word_1_651' title='bbox 327 1395 371 1424; x_wconf 70' lang='grc' dir='ltr'><strong>ις</strong></span> <span class='ocrx_word' id='word_1_652' title='bbox 368 1385 513 1419; x_wconf 76' lang='lat' dir='ltr'><strong>articulo</strong></span> <span class='ocrx_word' id='word_1_653' title='bbox 541 1391 638 1416; x_wconf 76' lang='lat' dir='ltr'><strong>sexto.</strong></span> <span class='ocrx_word' id='word_1_654' title='bbox 658 1385 795 1421; x_wconf 80' lang='lat' dir='ltr'><strong>dubium</strong></span> <span class='ocrx_word' id='word_1_655' title='bbox 825 1385 963 1417; x_wconf 89' lang='lat' dir='ltr'><strong>occurrit</strong></span> <span class='ocrx_word' id='word_1_656' title='bbox 989 1385 1030 1416; x_wconf 91' lang='lat' dir='ltr'><strong>de</strong></span> <span class='ocrx_word' id='word_1_657' title='bbox 1057 1383 1254 1416; x_wconf 89' lang='lat' dir='ltr'><strong>comestione</strong></span> <span class='ocrx_word' id='word_1_658' title='bbox 1286 1393 1370 1425; x_wconf 88' lang='lat' dir='ltr'><strong>quae</strong></span> <span class='ocrx_word' id='word_1_659' title='bbox 1396 1415 1398 1423; x_wconf 21' lang='grc' dir='ltr'>λ</span> 
     </span>
     <span class='ocr_line' id='line_1_101' title="bbox 326 1426 1398 1482; baseline -0.005 -18.991"><span class='ocrx_word' id='word_1_660' title='bbox 326 1429 497 1482; x_wconf 61' lang='lat' dir='ltr'><strong>:pnsu&#39;evit</strong></span> <span class='ocrx_word' id='word_1_661' title='bbox 524 1429 592 1461; x_wconf 81' lang='lat' dir='ltr'><strong>fieri</strong></span> <span class='ocrx_word' id='word_1_662' title='bbox 615 1440 634 1461; x_wconf 88' lang='lat' dir='ltr'><strong>a</strong></span> <span class='ocrx_word' id='word_1_663' title='bbox 655 1429 873 1462; x_wconf 84' lang='lat' dir='ltr'><strong>ieiunantibus</strong></span> <span class='ocrx_word' id='word_1_664' title='bbox 900 1430 980 1460; x_wconf 86' lang='lat' dir='ltr'><strong>hora</strong></span> <span class='ocrx_word' id='word_1_665' title='bbox 1015 1439 1127 1465; x_wconf 86' lang='lat' dir='ltr'><strong>cenae,</strong></span> <span class='ocrx_word' id='word_1_666' title='bbox 1152 1438 1193 1459; x_wconf 88' lang='lat' dir='ltr'><strong>an</strong></span> <span class='ocrx_word' id='word_1_667' title='bbox 1222 1427 1367 1479; x_wconf 75' lang='lat' dir='ltr'><strong>frangant</strong></span> <span class='ocrx_word' id='word_1_668' title='bbox 1396 1426 1398 1455; x_wconf 77' lang='grc' dir='ltr'><strong>ἱ</strong></span> 
     </span>
    </p>
   </div>
   <div class='ocr_carea' id='block_1_43' title="bbox 1397 355 1400 1229">
    <p class='ocr_par' dir='ltr' id='par_1_52' title="bbox 1397 355 1400 1229">
     <span class='ocr_line' id='line_1_102' title="bbox 1397 355 1400 1229; baseline 0 0"><span class='ocrx_word' id='word_1_669' title='bbox 1397 355 1400 1229; x_wconf 95' lang='lat' dir='ltr'><strong> </strong></span> 
     </span>
    </p>
   </div>
   <div class='ocr_carea' id='block_1_44' title="bbox 1479 1175 2424 1209">
    <p class='ocr_par' dir='ltr' id='par_1_53' title="bbox 1479 1175 2424 1209">
     <span class='ocr_line' id='line_1_103' title="bbox 1479 1175 2424 1209; baseline 0.002 -9"><span class='ocrx_word' id='word_1_670' title='bbox 1479 1175 1507 1209; x_wconf 81' lang='grc' dir='ltr'><strong>γ)</strong></span> <span class='ocrx_word' id='word_1_671' title='bbox 1545 1182 1645 1208; x_wconf 81' lang='lat' dir='ltr'><strong>magna</strong></span> <span class='ocrx_word' id='word_1_672' title='bbox 1669 1175 1828 1207; x_wconf 81' lang='lat' dir='ltr'><strong>quantitate.</strong></span> <span class='ocrx_word' id='word_1_673' title='bbox 1841 1189 1860 1194; x_wconf 94' lang='lat'><em>-</em></span> <span class='ocrx_word' id='word_1_674' title='bbox 1879 1182 2005 1208; x_wconf 80' lang='lat' dir='ltr'><strong>magnam</strong></span> <span class='ocrx_word' id='word_1_675' title='bbox 2025 1176 2202 1208; x_wconf 77' lang='lat' dir='ltr'><strong>quantitatem</strong></span> <span class='ocrx_word' id='word_1_676' title='bbox 2222 1177 2424 1202; x_wconf 77' lang='lat' dir='ltr'><strong>ABCEFHIKL.</strong></span> 
     </span>
    </p>
   </div>
   <div class='ocr_carea' id='block_1_45' title="bbox 973 1302 1814 1338">
    <p class='ocr_par' dir='ltr' id='par_1_54' title="bbox 973 1302 1814 1338">
     <span class='ocr_line' id='line_1_104' title="bbox 973 1302 1814 1338; baseline -0.004 -1"><span class='ocrx_word' id='word_1_677' title='bbox 973 1304 1311 1338; x_wconf 59' lang='lat' dir='ltr'><strong>Commenta-ia</strong></span> <span class='ocrx_word' id='word_1_678' title='bbox 1333 1303 1588 1336; x_wconf 77' lang='lat' dir='ltr'><strong>Cardinalis</strong></span> <span class='ocrx_word' id='word_1_679' title='bbox 1610 1302 1814 1335; x_wconf 76' lang='lat' dir='ltr'><strong>Caietani</strong></span> 
     </span>
    </p>
   </div>
   <div class='ocr_carea' id='block_1_46' title="bbox 1423 1382 2497 1601">
    <p class='ocr_par' dir='ltr' id='par_1_55' title="bbox 1424 1382 2496 1512">
     <span class='ocr_line' id='line_1_105' title="bbox 1424 1382 2496 1426; baseline 0.003 -12"><span class='ocrx_word' id='word_1_680' title='bbox 1424 1383 1649 1414; x_wconf 86' lang='lat' dir='ltr'><strong>consuetudini</strong></span> <span class='ocrx_word' id='word_1_681' title='bbox 1663 1382 1743 1414; x_wconf 86' lang='lat' dir='ltr'><strong>loci:</strong></span> <span class='ocrx_word' id='word_1_682' title='bbox 1761 1390 1796 1413; x_wconf 89' lang='lat' dir='ltr'><strong>ut</strong></span> <span class='ocrx_word' id='word_1_683' title='bbox 1812 1383 1938 1419; x_wconf 91' lang='lat' dir='ltr'><strong>scilicet,</strong></span> <span class='ocrx_word' id='word_1_684' title='bbox 1956 1383 2011 1413; x_wconf 91' lang='lat' dir='ltr'><strong>ubi</strong></span> <span class='ocrx_word' id='word_1_685' title='bbox 2028 1393 2094 1414; x_wconf 89' lang='lat' dir='ltr'><strong>non</strong></span> <span class='ocrx_word' id='word_1_686' title='bbox 2110 1385 2275 1415; x_wconf 89' lang='lat' dir='ltr'><strong>consuevit</strong></span> <span class='ocrx_word' id='word_1_687' title='bbox 2296 1386 2379 1416; x_wconf 91' lang='lat' dir='ltr'><strong>sumi</strong></span> <span class='ocrx_word' id='word_1_688' title='bbox 2396 1387 2496 1426; x_wconf 86' lang='lat' dir='ltr'><strong>panis,</strong></span> 
     </span>
     <span class='ocr_line' id='line_1_106' title="bbox 1424 1427 2495 1470; baseline 0.003 -12"><span class='ocrx_word' id='word_1_689' title='bbox 1424 1437 1491 1458; x_wconf 92' lang='lat' dir='ltr'><strong>non</strong></span> <span class='ocrx_word' id='word_1_690' title='bbox 1515 1434 1660 1458; x_wconf 85' lang='lat' dir='ltr'><strong>sumatur</strong></span> <span class='ocrx_word' id='word_1_691' title='bbox 1683 1427 1750 1457; x_wconf 90' lang='lat' dir='ltr'><strong>sine</strong></span> <span class='ocrx_word' id='word_1_692' title='bbox 1775 1427 1953 1458; x_wconf 86' lang='lat' dir='ltr'><strong>rationabili</strong></span> <span class='ocrx_word' id='word_1_693' title='bbox 1974 1438 2077 1464; x_wconf 86' lang='lat' dir='ltr'><strong>causa,</strong></span> <span class='ocrx_word' id='word_1_694' title='bbox 2102 1436 2179 1468; x_wconf 87' lang='lat' dir='ltr'><strong>puta</strong></span> <span class='ocrx_word' id='word_1_695' title='bbox 2203 1429 2278 1470; x_wconf 90' lang='lat' dir='ltr'><strong>quia</strong></span> <span class='ocrx_word' id='word_1_696' title='bbox 2302 1429 2421 1461; x_wconf 90' lang='lat' dir='ltr'><strong>fructus</strong></span> <span class='ocrx_word' id='word_1_697' title='bbox 2438 1441 2495 1462; x_wconf 92' lang='lat' dir='ltr'><strong>no-</strong></span> 
     </span>
     <span class='ocr_line' id='line_1_107' title="bbox 1425 1471 2496 1512; baseline 0.004 -10"><span class='ocrx_word' id='word_1_698' title='bbox 1425 1479 1496 1503; x_wconf 90' lang='lat' dir='ltr'><strong>cent</strong></span> <span class='ocrx_word' id='word_1_699' title='bbox 1519 1479 1574 1503; x_wconf 91' lang='lat' dir='ltr'><strong>aut</strong></span> <span class='ocrx_word' id='word_1_700' title='bbox 1597 1482 1662 1502; x_wconf 91' lang='lat' dir='ltr'><strong>non</strong></span> <span class='ocrx_word' id='word_1_701' title='bbox 1683 1471 1850 1508; x_wconf 83' lang='lat' dir='ltr'><strong>habentur,</strong></span> <span class='ocrx_word' id='word_1_702' title='bbox 1868 1478 1923 1502; x_wconf 90' lang='lat' dir='ltr'><strong>aut</strong></span> <span class='ocrx_word' id='word_1_703' title='bbox 1946 1482 2012 1502; x_wconf 88' lang='lat' dir='ltr'><strong>non</strong></span> <span class='ocrx_word' id='word_1_704' title='bbox 2034 1480 2171 1512; x_wconf 89' lang='lat' dir='ltr'><strong>possunt</strong></span> <span class='ocrx_word' id='word_1_705' title='bbox 2198 1474 2317 1504; x_wconf 89' lang='lat' dir='ltr'><strong>conteri</strong></span> <span class='ocrx_word' id='word_1_706' title='bbox 2341 1475 2496 1507; x_wconf 89' lang='lat' dir='ltr'><strong>dentibus.</strong></span> 
     </span>
    </p>

    <p class='ocr_par' dir='ltr' id='par_1_56' title="bbox 1423 1516 2497 1601">
     <span class='ocr_line' id='line_1_108' title="bbox 1486 1516 2496 1557; baseline 0.003 -10"><span class='ocrx_word' id='word_1_707' title='bbox 1486 1517 1586 1548; x_wconf 84' lang='lat' dir='ltr'><strong>Tertii</strong></span> <span class='ocrx_word' id='word_1_708' title='bbox 1603 1526 1680 1547; x_wconf 90' lang='lat' dir='ltr'><strong>vero</strong></span> <span class='ocrx_word' id='word_1_709' title='bbox 1704 1516 1824 1547; x_wconf 89' lang='lat' dir='ltr'><strong>solutio</strong></span> <span class='ocrx_word' id='word_1_710' title='bbox 1845 1523 1892 1547; x_wconf 89' lang='lat' dir='ltr'><strong>est</strong></span> <span class='ocrx_word' id='word_1_711' title='bbox 1914 1517 2014 1557; x_wconf 88' lang='lat' dir='ltr'><strong>quod,</strong></span> <span class='ocrx_word' id='word_1_712' title='bbox 2030 1516 2102 1547; x_wconf 90' lang='lat' dir='ltr'><strong>licet</strong></span> <span class='ocrx_word' id='word_1_713' title='bbox 2124 1517 2378 1555; x_wconf 88' lang='lat' dir='ltr'><strong>Panormitanus‚</strong></span> <span class='ocrx_word' id='word_1_714' title='bbox 2393 1516 2496 1556; x_wconf 81' lang='lat' dir='ltr'><strong>Extra,</strong></span> 
     </span>
     <span class='ocr_line' id='line_1_109' title="bbox 1423 1560 2497 1601; baseline 0.002 -9"><span class='ocrx_word' id='word_1_715' title='bbox 1423 1561 1464 1592; x_wconf 82' lang='lat' dir='ltr'><strong>de</strong></span> <span class='ocrx_word' id='word_1_716' title='bbox 1490 1560 1658 1592; x_wconf 78' lang='lat' dir='ltr'><strong>Observat.</strong></span> <span class='ocrx_word' id='word_1_717' title='bbox 1682 1560 1788 1592; x_wconf 85' lang='lat' dir='ltr'><strong>Ieiun.</strong></span> <span class='ocrx_word' id='word_1_718' title='bbox 1804 1561 1830 1597; x_wconf 86' lang='grc'><strong>*,</strong></span> <span class='ocrx_word' id='word_1_719' title='bbox 1849 1561 2007 1601; x_wconf 88' lang='lat' dir='ltr'><strong>putaverit</strong></span> <span class='ocrx_word' id='word_1_720' title='bbox 2029 1561 2172 1598; x_wconf 87' lang='lat' dir='ltr'><strong>licitum;</strong></span> <span class='ocrx_word' id='word_1_721' title='bbox 2197 1563 2374 1593; x_wconf 89' lang='lat' dir='ltr'><strong>secundum</strong></span> <span class='ocrx_word' id='word_1_722' title='bbox 2391 1570 2497 1595; x_wconf 89' lang='lat' dir='ltr'><strong>tamen</strong></span> 
     </span>
    </p>
   </div>
   <div class='ocr_carea' id='block_1_47' title="bbox 1397 1650 2499 3208">
    <p class='ocr_par' dir='ltr' id='par_1_57' title="bbox 1425 1650 2499 1825">
     <span class='ocr_line' id='line_1_110' title="bbox 1425 1650 2497 1691; baseline 0.002 -10"><span class='ocrx_word' id='word_1_723' title='bbox 1425 1651 1464 1681; x_wconf 87' lang='lat' dir='ltr'><strong>ad</strong></span> <span class='ocrx_word' id='word_1_724' title='bbox 1495 1650 1761 1682; x_wconf 86' lang='lat' dir='ltr'><strong>sustentationem</strong></span> <span class='ocrx_word' id='word_1_725' title='bbox 1789 1657 1919 1681; x_wconf 84' lang='lat' dir='ltr'><strong>naturae</strong></span> <span class='ocrx_word' id='word_1_726' title='bbox 1950 1660 2006 1691; x_wconf 89' lang='lat' dir='ltr'><strong>per</strong></span> <span class='ocrx_word' id='word_1_727' title='bbox 2029 1650 2115 1680; x_wconf 86' lang='lat' dir='ltr'><strong>viam</strong></span> <span class='ocrx_word' id='word_1_728' title='bbox 2142 1651 2347 1688; x_wconf 86' lang='lat' dir='ltr'><strong>nutrimenti,</strong></span> <span class='ocrx_word' id='word_1_729' title='bbox 2373 1659 2403 1682; x_wconf 89' lang='lat' dir='ltr'><strong>et</strong></span> <span class='ocrx_word' id='word_1_730' title='bbox 2432 1663 2497 1683; x_wconf 91' lang='lat' dir='ltr'><strong>non</strong></span> 
     </span>
     <span class='ocr_line' id='line_1_111' title="bbox 1425 1694 2499 1735; baseline 0.001 -9"><span class='ocrx_word' id='word_1_731' title='bbox 1425 1696 1465 1726; x_wconf 93' lang='lat' dir='ltr'><strong>ad</strong></span> <span class='ocrx_word' id='word_1_732' title='bbox 1489 1694 1742 1726; x_wconf 88' lang='lat' dir='ltr'><strong>delectationem.</strong></span> <span class='ocrx_word' id='word_1_733' title='bbox 1774 1695 1815 1725; x_wconf 90' lang='lat' dir='ltr'><strong>Et</strong></span> <span class='ocrx_word' id='word_1_734' title='bbox 1838 1702 2006 1735; x_wconf 87' lang='lat' dir='ltr'><strong>propterea</strong></span> <span class='ocrx_word' id='word_1_735' title='bbox 2029 1695 2187 1732; x_wconf 88' lang='lat' dir='ltr'><strong>Ecclesia,</strong></span> <span class='ocrx_word' id='word_1_736' title='bbox 2212 1696 2428 1727; x_wconf 88' lang='lat' dir='ltr'><strong>interdicendo</strong></span> <span class='ocrx_word' id='word_1_737' title='bbox 2452 1698 2499 1727; x_wconf 92' lang='lat' dir='ltr'><strong>bi-</strong></span> 
     </span>
     <span class='ocr_line' id='line_1_112' title="bbox 1426 1739 2499 1776; baseline 0 -5"><span class='ocrx_word' id='word_1_738' title='bbox 1426 1750 1499 1771; x_wconf 88' lang='lat' dir='ltr'><strong>nam</strong></span> <span class='ocrx_word' id='word_1_739' title='bbox 1525 1739 1771 1776; x_wconf 87' lang='lat' dir='ltr'><strong>comestionem,</strong></span> <span class='ocrx_word' id='word_1_740' title='bbox 1796 1739 1917 1770; x_wconf 89' lang='lat' dir='ltr'><strong>inhibet</strong></span> <span class='ocrx_word' id='word_1_741' title='bbox 1940 1749 2011 1770; x_wconf 91' lang='lat' dir='ltr'><strong>eam</strong></span> <span class='ocrx_word' id='word_1_742' title='bbox 2036 1746 2071 1770; x_wconf 92' lang='lat' dir='ltr'><strong>ut</strong></span> <span class='ocrx_word' id='word_1_743' title='bbox 2094 1740 2248 1771; x_wconf 86' lang='lat' dir='ltr'><strong>comestio</strong></span> <span class='ocrx_word' id='word_1_744' title='bbox 2274 1741 2438 1771; x_wconf 85' lang='lat' dir='ltr'><strong>ordinatur</strong></span> <span class='ocrx_word' id='word_1_745' title='bbox 2460 1742 2499 1771; x_wconf 87' lang='lat' dir='ltr'><strong>ad</strong></span> 
     </span>
     <span class='ocr_line' id='line_1_113' title="bbox 1426 1784 2494 1825; baseline 0.002 -10"><span class='ocrx_word' id='word_1_746' title='bbox 1426 1784 1633 1815; x_wconf 90' lang='lat' dir='ltr'><strong>nutriendum</strong></span> <span class='ocrx_word' id='word_1_747' title='bbox 1650 1793 1783 1825; x_wconf 89' lang='lat' dir='ltr'><strong>corpus:</strong></span> <span class='ocrx_word' id='word_1_748' title='bbox 1808 1784 1878 1815; x_wconf 90' lang='lat' dir='ltr'><strong>vult</strong></span> <span class='ocrx_word' id='word_1_749' title='bbox 1896 1784 1982 1814; x_wconf 90' lang='lat' dir='ltr'><strong>enim</strong></span> <span class='ocrx_word' id='word_1_750' title='bbox 1996 1784 2172 1815; x_wconf 90' lang='lat' dir='ltr'><strong>ieiunantes</strong></span> <span class='ocrx_word' id='word_1_751' title='bbox 2190 1784 2286 1825; x_wconf 87' lang='lat' dir='ltr'><strong>affligi</strong></span> <span class='ocrx_word' id='word_1_752' title='bbox 2303 1785 2335 1815; x_wconf 89' lang='lat' dir='ltr'><strong>in</strong></span> <span class='ocrx_word' id='word_1_753' title='bbox 2353 1795 2494 1825; x_wconf 87' lang='lat' dir='ltr'><strong>corpore.</strong></span> 
     </span>
    </p>

    <p class='ocr_par' dir='ltr' id='par_1_58' title="bbox 1483 1828 2498 1871">
     <span class='ocr_line' id='line_1_114' title="bbox 1483 1828 2498 1871; baseline 0.001 -11"><span class='ocrx_word' id='word_1_754' title='bbox 1483 1829 1523 1860; x_wconf 85' lang='lat' dir='ltr'><strong>Et</strong></span> <span class='ocrx_word' id='word_1_755' title='bbox 1547 1839 1584 1860; x_wconf 86' lang='lat' dir='ltr'><strong>ex</strong></span> <span class='ocrx_word' id='word_1_756' title='bbox 1598 1829 1661 1860; x_wconf 88' lang='lat' dir='ltr'><strong>hoc</strong></span> <span class='ocrx_word' id='word_1_757' title='bbox 1680 1835 1766 1870; x_wconf 90' lang='lat' dir='ltr'><strong>patet</strong></span> <span class='ocrx_word' id='word_1_758' title='bbox 1789 1828 1908 1860; x_wconf 86' lang='lat' dir='ltr'><strong>solutio</strong></span> <span class='ocrx_word' id='word_1_759' title='bbox 1931 1829 2042 1869; x_wconf 87' lang='lat' dir='ltr'><strong>quarti</strong></span> <span class='ocrx_word' id='word_1_760' title='bbox 2064 1829 2166 1859; x_wconf 90' lang='lat' dir='ltr'><strong>dubii:</strong></span> <span class='ocrx_word' id='word_1_761' title='bbox 2192 1830 2280 1870; x_wconf 92' lang='lat' dir='ltr'><strong>quod</strong></span> <span class='ocrx_word' id='word_1_762' title='bbox 2305 1830 2421 1861; x_wconf 91' lang='lat' dir='ltr'><strong>scilicet</strong></span> <span class='ocrx_word' id='word_1_763' title='bbox 2440 1841 2498 1871; x_wconf 92' lang='lat' dir='ltr'><strong>pro</strong></span> 
     </span>
    </p>

    <p class='ocr_par' dir='ltr' id='par_1_59' title="bbox 1397 1873 2499 2713">
     <span class='ocr_line' id='line_1_115' title="bbox 1398 1873 2498 1914; baseline 0.001 -10"><span class='ocrx_word' id='word_1_764' title='bbox 1398 1888 1399 1906; x_wconf 64' lang='lat'><em>2</em></span> <span class='ocrx_word' id='word_1_765' title='bbox 1426 1873 1654 1905; x_wconf 88' lang='lat' dir='ltr'><strong>sustentatione</strong></span> <span class='ocrx_word' id='word_1_766' title='bbox 1679 1881 1809 1904; x_wconf 86' lang='lat' dir='ltr'><strong>naturae</strong></span> <span class='ocrx_word' id='word_1_767' title='bbox 1832 1883 1890 1904; x_wconf 89' lang='lat' dir='ltr'><strong>nec</strong></span> <span class='ocrx_word' id='word_1_768' title='bbox 1913 1883 2044 1914; x_wconf 88' lang='lat' dir='ltr'><strong>vespere</strong></span> <span class='ocrx_word' id='word_1_769' title='bbox 2067 1883 2125 1904; x_wconf 91' lang='lat' dir='ltr'><strong>nec</strong></span> <span class='ocrx_word' id='word_1_770' title='bbox 2149 1884 2243 1904; x_wconf 88' lang='lat' dir='ltr'><strong>mane</strong></span> <span class='ocrx_word' id='word_1_771' title='bbox 2266 1874 2338 1905; x_wconf 90' lang='lat' dir='ltr'><strong>licet</strong></span> <span class='ocrx_word' id='word_1_772' title='bbox 2365 1875 2498 1906; x_wconf 85' lang='lat' dir='ltr'><strong>mandu-</strong></span> 
     </span>
     <span class='ocr_line' id='line_1_116' title="bbox 1426 1918 2498 1959; baseline 0.001 -10"><span class='ocrx_word' id='word_1_773' title='bbox 1426 1929 1506 1949; x_wconf 90' lang='lat' dir='ltr'><strong>care.</strong></span> <span class='ocrx_word' id='word_1_774' title='bbox 1531 1918 1628 1950; x_wconf 90' lang='lat' dir='ltr'><strong>Secus</strong></span> <span class='ocrx_word' id='word_1_775' title='bbox 1643 1925 1762 1954; x_wconf 86' lang='lat' dir='ltr'><strong>autem,</strong></span> <span class='ocrx_word' id='word_1_776' title='bbox 1778 1925 1814 1949; x_wconf 91' lang='lat' dir='ltr'><strong>ut</strong></span> <span class='ocrx_word' id='word_1_777' title='bbox 1831 1918 1953 1949; x_wconf 88' lang='lat' dir='ltr'><strong>dictum</strong></span> <span class='ocrx_word' id='word_1_778' title='bbox 1969 1924 2024 1955; x_wconf 91' lang='lat' dir='ltr'><strong>est,</strong></span> <span class='ocrx_word' id='word_1_779' title='bbox 2042 1928 2101 1959; x_wconf 92' lang='lat' dir='ltr'><strong>pro</strong></span> <span class='ocrx_word' id='word_1_780' title='bbox 2117 1918 2274 1949; x_wconf 88' lang='lat' dir='ltr'><strong>medicina</strong></span> <span class='ocrx_word' id='word_1_781' title='bbox 2295 1926 2349 1949; x_wconf 87' lang='lat' dir='ltr'><strong>aut</strong></span> <span class='ocrx_word' id='word_1_782' title='bbox 2368 1920 2498 1950; x_wconf 88' lang='lat' dir='ltr'><strong>necessi-</strong></span> 
     </span>
     <span class='ocr_line' id='line_1_117' title="bbox 1398 1962 2498 2004; baseline 0 -10"><span class='ocrx_word' id='word_1_783' title='bbox 1398 1967 1399 1970; x_wconf 76' lang='grc'>’</span> <span class='ocrx_word' id='word_1_784' title='bbox 1425 1970 1498 1994; x_wconf 89' lang='lat' dir='ltr'><strong>tate.</strong></span> <span class='ocrx_word' id='word_1_785' title='bbox 1523 1963 1606 1993; x_wconf 89' lang='lat' dir='ltr'><strong>Nam</strong></span> <span class='ocrx_word' id='word_1_786' title='bbox 1623 1963 1648 1994; x_wconf 92' lang='lat' dir='ltr'><strong>si</strong></span> <span class='ocrx_word' id='word_1_787' title='bbox 1665 1963 1736 2004; x_wconf 91' lang='lat' dir='ltr'><strong>quis</strong></span> <span class='ocrx_word' id='word_1_788' title='bbox 1753 1972 1820 1993; x_wconf 90' lang='lat' dir='ltr'><strong>non</strong></span> <span class='ocrx_word' id='word_1_789' title='bbox 1836 1969 1945 2003; x_wconf 86' lang='lat' dir='ltr'><strong>posset</strong></span> <span class='ocrx_word' id='word_1_790' title='bbox 1963 1962 2053 1993; x_wconf 86' lang='lat' dir='ltr'><strong>aliter</strong></span> <span class='ocrx_word' id='word_1_791' title='bbox 2070 1962 2210 1993; x_wconf 89' lang='lat' dir='ltr'><strong>ieiunare</strong></span> <span class='ocrx_word' id='word_1_792' title='bbox 2230 1963 2289 1993; x_wconf 89' lang='lat' dir='ltr'><strong>nisi</strong></span> <span class='ocrx_word' id='word_1_793' title='bbox 2313 1963 2498 1995; x_wconf 90' lang='lat' dir='ltr'><strong>huiusmodi</strong></span> 
     </span>
     <span class='ocr_line' id='line_1_118' title="bbox 1426 2007 2497 2048; baseline 0.001 -10"><span class='ocrx_word' id='word_1_794' title='bbox 1426 2007 1631 2038; x_wconf 89' lang='lat' dir='ltr'><strong>refectionem</strong></span> <span class='ocrx_word' id='word_1_795' title='bbox 1655 2007 1813 2038; x_wconf 88' lang='lat' dir='ltr'><strong>sumendo</strong></span> <span class='ocrx_word' id='word_1_796' title='bbox 1829 2007 1862 2038; x_wconf 90' lang='lat' dir='ltr'><strong>in</strong></span> <span class='ocrx_word' id='word_1_797' title='bbox 1879 2017 1973 2038; x_wconf 90' lang='lat' dir='ltr'><strong>mane</strong></span> <span class='ocrx_word' id='word_1_798' title='bbox 1996 2007 2046 2038; x_wconf 82' lang='lat' dir='ltr'><strong>vel</strong></span> <span class='ocrx_word' id='word_1_799' title='bbox 2069 2017 2210 2048; x_wconf 88' lang='lat' dir='ltr'><strong>vespere,</strong></span> <span class='ocrx_word' id='word_1_800' title='bbox 2235 2014 2316 2039; x_wconf 91' lang='lat' dir='ltr'><strong>recte</strong></span> <span class='ocrx_word' id='word_1_801' title='bbox 2340 2008 2454 2039; x_wconf 82' lang='lat' dir='ltr'><strong>faceret</strong></span> <span class='ocrx_word' id='word_1_802' title='bbox 2471 2009 2497 2039; x_wconf 93' lang='lat' dir='ltr'><strong>si</strong></span> 
     </span>
     <span class='ocr_line' id='line_1_119' title="bbox 1398 2045 2496 2093; baseline 0 -10"><span class='ocrx_word' id='word_1_803' title='bbox 1398 2045 1399 2088; x_wconf 48' lang='lat' dir='ltr'><strong>i</strong></span> <span class='ocrx_word' id='word_1_804' title='bbox 1424 2052 1513 2083; x_wconf 91' lang='lat' dir='ltr'><strong>illam</strong></span> <span class='ocrx_word' id='word_1_805' title='bbox 1530 2059 1679 2088; x_wconf 85' lang='lat' dir='ltr'><strong>sumeret,</strong></span> <span class='ocrx_word' id='word_1_806' title='bbox 1705 2059 1735 2083; x_wconf 91' lang='lat' dir='ltr'><strong>et</strong></span> <span class='ocrx_word' id='word_1_807' title='bbox 1758 2052 1802 2083; x_wconf 88' lang='lat' dir='ltr'><strong>sic</strong></span> <span class='ocrx_word' id='word_1_808' title='bbox 1819 2062 1877 2093; x_wconf 91' lang='lat' dir='ltr'><strong>pro</strong></span> <span class='ocrx_word' id='word_1_809' title='bbox 1895 2052 1960 2083; x_wconf 89' lang='lat' dir='ltr'><strong>suis</strong></span> <span class='ocrx_word' id='word_1_810' title='bbox 1976 2051 2096 2083; x_wconf 83' lang='lat' dir='ltr'><strong>viribus</strong></span> <span class='ocrx_word' id='word_1_811' title='bbox 2111 2052 2267 2083; x_wconf 89' lang='lat' dir='ltr'><strong>ieiunium</strong></span> <span class='ocrx_word' id='word_1_812' title='bbox 2292 2053 2496 2093; x_wconf 83' lang='lat' dir='ltr'><strong>persolveret:</strong></span> 
     </span>
     <span class='ocr_line' id='line_1_120' title="bbox 1425 2096 2499 2138; baseline 0.001 -11"><span class='ocrx_word' id='word_1_813' title='bbox 1425 2097 1616 2129; x_wconf 86' lang='lat' dir='ltr'><strong>satisfaceret</strong></span> <span class='ocrx_word' id='word_1_814' title='bbox 1634 2097 1794 2138; x_wconf 89' lang='lat' dir='ltr'><strong>siquidem</strong></span> <span class='ocrx_word' id='word_1_815' title='bbox 1810 2096 1868 2128; x_wconf 90' lang='lat' dir='ltr'><strong>iste</strong></span> <span class='ocrx_word' id='word_1_816' title='bbox 1884 2097 2007 2137; x_wconf 89' lang='lat' dir='ltr'><strong>optime</strong></span> <span class='ocrx_word' id='word_1_817' title='bbox 2023 2097 2235 2128; x_wconf 85' lang='lat' dir='ltr'><strong>ecclesiastico</strong></span> <span class='ocrx_word' id='word_1_818' title='bbox 2255 2105 2433 2138; x_wconf 79' lang='lat' dir='ltr'><strong>praecepto,</strong></span> <span class='ocrx_word' id='word_1_819' title='bbox 2458 2098 2499 2128; x_wconf 91' lang='lat' dir='ltr'><strong>Et</strong></span> 
     </span>
     <span class='ocr_line' id='line_1_121' title="bbox 1425 2141 2498 2183; baseline 0 -11"><span class='ocrx_word' id='word_1_820' title='bbox 1425 2142 1450 2172; x_wconf 90' lang='lat' dir='ltr'><strong>si</strong></span> <span class='ocrx_word' id='word_1_821' title='bbox 1474 2142 1506 2172; x_wconf 89' lang='lat' dir='ltr'><strong>in</strong></span> <span class='ocrx_word' id='word_1_822' title='bbox 1531 2141 1640 2183; x_wconf 90' lang='lat' dir='ltr'><strong>aliquo</strong></span> <span class='ocrx_word' id='word_1_823' title='bbox 1664 2141 1836 2178; x_wconf 82' lang='lat' dir='ltr'><strong>dubitaret,</strong></span> <span class='ocrx_word' id='word_1_824' title='bbox 1861 2148 1928 2172; x_wconf 92' lang='lat' dir='ltr'><strong>tute</strong></span> <span class='ocrx_word' id='word_1_825' title='bbox 1958 2148 2068 2182; x_wconf 90' lang='lat' dir='ltr'><strong>posset</strong></span> <span class='ocrx_word' id='word_1_826' title='bbox 2095 2142 2156 2172; x_wconf 91' lang='lat' dir='ltr'><strong>hoc</strong></span> <span class='ocrx_word' id='word_1_827' title='bbox 2184 2141 2286 2172; x_wconf 86' lang='lat' dir='ltr'><strong>facere</strong></span> <span class='ocrx_word' id='word_1_828' title='bbox 2309 2152 2382 2172; x_wconf 91' lang='lat' dir='ltr'><strong>cum</strong></span> <span class='ocrx_word' id='word_1_829' title='bbox 2406 2152 2498 2182; x_wconf 90' lang='lat' dir='ltr'><strong>supe-</strong></span> 
     </span>
     <span class='ocr_line' id='line_1_122' title="bbox 1425 2185 2498 2223; baseline 0 -6"><span class='ocrx_word' id='word_1_830' title='bbox 1425 2186 1516 2217; x_wconf 90' lang='lat' dir='ltr'><strong>rioris</strong></span> <span class='ocrx_word' id='word_1_831' title='bbox 1539 2186 1680 2223; x_wconf 88' lang='lat' dir='ltr'><strong>arbitrio,</strong></span> <span class='ocrx_word' id='word_1_832' title='bbox 1705 2193 1741 2217; x_wconf 94' lang='lat' dir='ltr'><strong>ut</strong></span> <span class='ocrx_word' id='word_1_833' title='bbox 1764 2186 1803 2216; x_wconf 90' lang='lat' dir='ltr'><strong>de</strong></span> <span class='ocrx_word' id='word_1_834' title='bbox 1819 2185 1887 2216; x_wconf 79' lang='lat' dir='ltr'><strong>aliis</strong></span> <span class='ocrx_word' id='word_1_835' title='bbox 1903 2186 2008 2217; x_wconf 91' lang='lat' dir='ltr'><strong>dubiis</strong></span> <span class='ocrx_word' id='word_1_836' title='bbox 2026 2186 2150 2217; x_wconf 86' lang='lat' dir='ltr'><strong>casibus</strong></span> <span class='ocrx_word' id='word_1_837' title='bbox 2174 2193 2220 2217; x_wconf 91' lang='lat' dir='ltr'><strong>est</strong></span> <span class='ocrx_word' id='word_1_838' title='bbox 2245 2186 2366 2217; x_wconf 90' lang='lat' dir='ltr'><strong>dictum</strong></span> <span class='ocrx_word' id='word_1_839' title='bbox 2381 2186 2407 2217; x_wconf 85' lang='lat'><strong>*.</strong></span> <span class='ocrx_word' id='word_1_840' title='bbox 2432 2187 2498 2217; x_wconf 91' lang='lat' dir='ltr'><strong>Nec</strong></span> 
     </span>
     <span class='ocr_line' id='line_1_123' title="bbox 1398 2230 2498 2272; baseline -0.001 -9"><span class='ocrx_word' id='word_1_841' title='bbox 1398 2253 1399 2263; x_wconf 40' lang='lat' dir='ltr'><strong>i</strong></span> <span class='ocrx_word' id='word_1_842' title='bbox 1425 2237 1593 2272; x_wconf 88' lang='lat' dir='ltr'><strong>propterea</strong></span> <span class='ocrx_word' id='word_1_843' title='bbox 1616 2230 1709 2262; x_wconf 92' lang='lat' dir='ltr'><strong>debet</strong></span> <span class='ocrx_word' id='word_1_844' title='bbox 1727 2230 1784 2261; x_wconf 91' lang='lat' dir='ltr'><strong>iste</strong></span> <span class='ocrx_word' id='word_1_845' title='bbox 1802 2230 1936 2261; x_wconf 90' lang='lat' dir='ltr'><strong>omnino</strong></span> <span class='ocrx_word' id='word_1_846' title='bbox 1956 2231 2203 2271; x_wconf 87' lang='lat' dir='ltr'><strong>praetermittere</strong></span> <span class='ocrx_word' id='word_1_847' title='bbox 2219 2231 2391 2262; x_wconf 91' lang='lat' dir='ltr'><strong>ieiunium:</strong></span> <span class='ocrx_word' id='word_1_848' title='bbox 2418 2231 2498 2262; x_wconf 89' lang='lat' dir='ltr'><strong>sicut</strong></span> 
     </span>
     <span class='ocr_line' id='line_1_124' title="bbox 1425 2275 2497 2316; baseline 0 -10"><span class='ocrx_word' id='word_1_849' title='bbox 1425 2275 1481 2316; x_wconf 91' lang='lat' dir='ltr'><strong>qui</strong></span> <span class='ocrx_word' id='word_1_850' title='bbox 1506 2285 1571 2306; x_wconf 89' lang='lat' dir='ltr'><strong>non</strong></span> <span class='ocrx_word' id='word_1_851' title='bbox 1596 2282 1702 2316; x_wconf 85' lang='lat' dir='ltr'><strong>potest</strong></span> <span class='ocrx_word' id='word_1_852' title='bbox 1724 2282 1826 2306; x_wconf 86' lang='lat' dir='ltr'><strong>totam</strong></span> <span class='ocrx_word' id='word_1_853' title='bbox 1849 2275 2143 2316; x_wconf 86' lang='lat' dir='ltr'><strong>quadragesimam,</strong></span> <span class='ocrx_word' id='word_1_854' title='bbox 2169 2276 2223 2306; x_wconf 91' lang='lat' dir='ltr'><strong>sed</strong></span> <span class='ocrx_word' id='word_1_855' title='bbox 2250 2282 2297 2306; x_wconf 88' lang='lat' dir='ltr'><strong>ter</strong></span> <span class='ocrx_word' id='word_1_856' title='bbox 2322 2275 2355 2306; x_wconf 92' lang='lat' dir='ltr'><strong>in</strong></span> <span class='ocrx_word' id='word_1_857' title='bbox 2379 2276 2497 2306; x_wconf 91' lang='lat' dir='ltr'><strong>hebdo-</strong></span> 
     </span>
     <span class='ocr_line' id='line_1_125' title="bbox 1397 2319 2013 2356; baseline 0 -6"><span class='ocrx_word' id='word_1_858' title='bbox 1397 2319 1399 2327; x_wconf 73' lang='lat'><strong><em>⁴</em></strong></span> <span class='ocrx_word' id='word_1_859' title='bbox 1426 2321 1519 2351; x_wconf 85' lang='lat' dir='ltr'><strong>mada</strong></span> <span class='ocrx_word' id='word_1_860' title='bbox 1543 2320 1692 2356; x_wconf 85' lang='lat' dir='ltr'><strong>ieiunare,</strong></span> <span class='ocrx_word' id='word_1_861' title='bbox 1718 2320 1811 2350; x_wconf 90' lang='lat' dir='ltr'><strong>debet</strong></span> <span class='ocrx_word' id='word_1_862' title='bbox 1834 2319 1879 2350; x_wconf 91' lang='lat' dir='ltr'><strong>sic</strong></span> <span class='ocrx_word' id='word_1_863' title='bbox 1902 2319 2013 2351; x_wconf 87' lang='lat' dir='ltr'><strong>facere.</strong></span> 
     </span>
     <span class='ocr_line' id='line_1_126' title="bbox 1481 2365 2497 2406; baseline 0 -11"><span class='ocrx_word' id='word_1_864' title='bbox 1481 2365 1532 2395; x_wconf 93' lang='lat' dir='ltr'><strong>Ad</strong></span> <span class='ocrx_word' id='word_1_865' title='bbox 1561 2365 1708 2405; x_wconf 83' lang='lat' dir='ltr'><strong>quintum</strong></span> <span class='ocrx_word' id='word_1_866' title='bbox 1741 2365 1873 2395; x_wconf 84' lang='lat' dir='ltr'><strong>demum</strong></span> <span class='ocrx_word' id='word_1_867' title='bbox 1905 2365 2040 2395; x_wconf 89' lang='lat' dir='ltr'><strong>dubium</strong></span> <span class='ocrx_word' id='word_1_868' title='bbox 2072 2365 2186 2396; x_wconf 89' lang='lat' dir='ltr'><strong>dicitur</strong></span> <span class='ocrx_word' id='word_1_869' title='bbox 2209 2365 2314 2406; x_wconf 89' lang='lat' dir='ltr'><strong>quod,</strong></span> <span class='ocrx_word' id='word_1_870' title='bbox 2343 2365 2418 2406; x_wconf 89' lang='lat' dir='ltr'><strong>quia</strong></span> <span class='ocrx_word' id='word_1_871' title='bbox 2445 2365 2497 2395; x_wconf 87' lang='lat' dir='ltr'><strong>illa</strong></span> 
     </span>
     <span class='ocr_line' id='line_1_127' title="bbox 1397 2408 2496 2450; baseline 0 -11"><span class='ocrx_word' id='word_1_872' title='bbox 1397 2418 1399 2437; x_wconf 75' lang='grc' dir='ltr'><strong>ι</strong></span> <span class='ocrx_word' id='word_1_873' title='bbox 1425 2419 1508 2450; x_wconf 88' lang='lat' dir='ltr'><strong>quae</strong></span> <span class='ocrx_word' id='word_1_874' title='bbox 1532 2419 1569 2440; x_wconf 90' lang='lat' dir='ltr'><strong>ex</strong></span> <span class='ocrx_word' id='word_1_875' title='bbox 1592 2409 1744 2440; x_wconf 82' lang='lat' dir='ltr'><strong>relatione</strong></span> <span class='ocrx_word' id='word_1_876' title='bbox 1777 2409 1817 2440; x_wconf 87' lang='lat' dir='ltr'><strong>ad</strong></span> <span class='ocrx_word' id='word_1_877' title='bbox 1841 2409 1962 2450; x_wconf 88' lang='lat' dir='ltr'><strong>aliquid</strong></span> <span class='ocrx_word' id='word_1_878' title='bbox 1984 2408 2083 2446; x_wconf 89' lang='lat' dir='ltr'><strong>fiunt,</strong></span> <span class='ocrx_word' id='word_1_879' title='bbox 2107 2410 2147 2439; x_wconf 90' lang='lat' dir='ltr'><strong>ad</strong></span> <span class='ocrx_word' id='word_1_880' title='bbox 2170 2409 2255 2440; x_wconf 90' lang='lat' dir='ltr'><strong>illius</strong></span> <span class='ocrx_word' id='word_1_881' title='bbox 2279 2417 2423 2440; x_wconf 87' lang='lat' dir='ltr'><strong>naturam</strong></span> <span class='ocrx_word' id='word_1_882' title='bbox 2452 2420 2496 2440; x_wconf 88' lang='lat' dir='ltr'><strong>re-</strong></span> 
     </span>
     <span class='ocr_line' id='line_1_128' title="bbox 1397 2453 2496 2494; baseline 0 -10"><span class='ocrx_word' id='word_1_883' title='bbox 1397 2456 1399 2481; x_wconf 78' lang='grc' dir='ltr'>ὲ</span> <span class='ocrx_word' id='word_1_884' title='bbox 1425 2454 1602 2490; x_wconf 86' lang='lat' dir='ltr'><strong>ducuntur,</strong></span> <span class='ocrx_word' id='word_1_885' title='bbox 1631 2453 1705 2484; x_wconf 90' lang='lat' dir='ltr'><strong>ideo</strong></span> <span class='ocrx_word' id='word_1_886' title='bbox 1736 2453 1924 2484; x_wconf 89' lang='lat' dir='ltr'><strong>refectiones</strong></span> <span class='ocrx_word' id='word_1_887' title='bbox 1953 2464 2034 2494; x_wconf 89' lang='lat' dir='ltr'><strong>quae</strong></span> <span class='ocrx_word' id='word_1_888' title='bbox 2063 2461 2225 2494; x_wconf 90' lang='lat' dir='ltr'><strong>praetextu</strong></span> <span class='ocrx_word' id='word_1_889' title='bbox 2259 2455 2496 2485; x_wconf 86' lang='lat' dir='ltr'><strong>consuetudinis</strong></span> 
     </span>
     <span class='ocr_line' id='line_1_129' title="bbox 1425 2496 2496 2535; baseline 0 -7"><span class='ocrx_word' id='word_1_890' title='bbox 1425 2497 1516 2535; x_wconf 79' lang='lat' dir='ltr'><strong>fiunt,</strong></span> <span class='ocrx_word' id='word_1_891' title='bbox 1541 2508 1616 2529; x_wconf 91' lang='lat' dir='ltr'><strong>cum</strong></span> <span class='ocrx_word' id='word_1_892' title='bbox 1647 2498 1848 2529; x_wconf 89' lang='lat' dir='ltr'><strong>consuetudo</strong></span> <span class='ocrx_word' id='word_1_893' title='bbox 1872 2498 2067 2529; x_wconf 84' lang='lat' dir='ltr'><strong>rationabilis</strong></span> <span class='ocrx_word' id='word_1_894' title='bbox 2091 2498 2140 2535; x_wconf 88' lang='lat' dir='ltr'><strong>sit,</strong></span> <span class='ocrx_word' id='word_1_895' title='bbox 2162 2516 2182 2520; x_wconf 89' lang='lat'>-</span> <span class='ocrx_word' id='word_1_896' title='bbox 2206 2498 2245 2528; x_wconf 93' lang='lat' dir='ltr'><strong>ad</strong></span> <span class='ocrx_word' id='word_1_897' title='bbox 2278 2496 2496 2530; x_wconf 88' lang='lat' dir='ltr'><strong>rationabilem</strong></span> 
     </span>
     <span class='ocr_line' id='line_1_130' title="bbox 1424 2542 2495 2583; baseline 0 -10"><span class='ocrx_word' id='word_1_898' title='bbox 1424 2553 1522 2573; x_wconf 90' lang='lat' dir='ltr'><strong>usum</strong></span> <span class='ocrx_word' id='word_1_899' title='bbox 1537 2542 1607 2573; x_wconf 87' lang='lat' dir='ltr'><strong>talis</strong></span> <span class='ocrx_word' id='word_1_900' title='bbox 1626 2542 1755 2574; x_wconf 88' lang='lat' dir='ltr'><strong>refectio</strong></span> <span class='ocrx_word' id='word_1_901' title='bbox 1772 2542 1944 2574; x_wconf 87' lang='lat' dir='ltr'><strong>reducitur.</strong></span> <span class='ocrx_word' id='word_1_902' title='bbox 1970 2543 2010 2574; x_wconf 89' lang='lat' dir='ltr'><strong>Et</strong></span> <span class='ocrx_word' id='word_1_903' title='bbox 2029 2550 2196 2583; x_wconf 87' lang='lat' dir='ltr'><strong>propterea</strong></span> <span class='ocrx_word' id='word_1_904' title='bbox 2213 2550 2400 2573; x_wconf 88' lang='lat' dir='ltr'><strong>excusantur</strong></span> <span class='ocrx_word' id='word_1_905' title='bbox 2419 2544 2495 2573; x_wconf 88' lang='lat' dir='ltr'><strong>tales</strong></span> 
     </span>
     <span class='ocr_line' id='line_1_131' title="bbox 1410 2587 2494 2628; baseline -0.001 -10"><span class='ocrx_word' id='word_1_906' title='bbox 1410 2598 1442 2625; x_wconf 50' lang='lat' dir='ltr'><strong>‚a</strong></span> <span class='ocrx_word' id='word_1_907' title='bbox 1466 2594 1607 2628; x_wconf 88' lang='lat' dir='ltr'><strong>peccato.</strong></span> <span class='ocrx_word' id='word_1_908' title='bbox 1633 2587 1811 2618; x_wconf 73' lang='lat' dir='ltr'><strong>instruendi</strong></span> <span class='ocrx_word' id='word_1_909' title='bbox 1835 2595 1941 2618; x_wconf 89' lang='lat' dir='ltr'><strong>tamen</strong></span> <span class='ocrx_word' id='word_1_910' title='bbox 1967 2595 2041 2618; x_wconf 91' lang='lat' dir='ltr'><strong>sunt</strong></span> <span class='ocrx_word' id='word_1_911' title='bbox 2064 2587 2250 2618; x_wconf 88' lang='lat' dir='ltr'><strong>huiusmodi</strong></span> <span class='ocrx_word' id='word_1_912' title='bbox 2275 2587 2432 2627; x_wconf 89' lang='lat' dir='ltr'><strong>simplices</strong></span> <span class='ocrx_word' id='word_1_913' title='bbox 2456 2588 2494 2618; x_wconf 92' lang='lat' dir='ltr'><strong>de</strong></span> 
     </span>
     <span class='ocr_line' id='line_1_132' title="bbox 1424 2631 2493 2674; baseline -0.001 -12"><span class='ocrx_word' id='word_1_914' title='bbox 1424 2631 1634 2663; x_wconf 87' lang='lat' dir='ltr'><strong>fundamento</strong></span> <span class='ocrx_word' id='word_1_915' title='bbox 1659 2632 1914 2663; x_wconf 87' lang='lat' dir='ltr'><strong>consuetudinis:</strong></span> <span class='ocrx_word' id='word_1_916' title='bbox 1939 2632 2058 2663; x_wconf 90' lang='lat' dir='ltr'><strong>scilicet</strong></span> <span class='ocrx_word' id='word_1_917' title='bbox 2081 2633 2169 2674; x_wconf 93' lang='lat' dir='ltr'><strong>quod</strong></span> <span class='ocrx_word' id='word_1_918' title='bbox 2193 2642 2288 2672; x_wconf 90' lang='lat' dir='ltr'><strong>super</strong></span> <span class='ocrx_word' id='word_1_919' title='bbox 2310 2632 2408 2662; x_wconf 90' lang='lat' dir='ltr'><strong>modo</strong></span> <span class='ocrx_word' id='word_1_920' title='bbox 2429 2642 2493 2662; x_wconf 90' lang='lat' dir='ltr'><strong>rne-</strong></span> 
     </span>
     <span class='ocr_line' id='line_1_133' title="bbox 1425 2676 1856 2713; baseline 0 -6"><span class='ocrx_word' id='word_1_921' title='bbox 1425 2676 1546 2708; x_wconf 87' lang='lat' dir='ltr'><strong>dicinae</strong></span> <span class='ocrx_word' id='word_1_922' title='bbox 1570 2676 1702 2708; x_wconf 86' lang='lat' dir='ltr'><strong>fundata</strong></span> <span class='ocrx_word' id='word_1_923' title='bbox 1725 2684 1781 2713; x_wconf 91' lang='lat' dir='ltr'><strong>est,</strong></span> <span class='ocrx_word' id='word_1_924' title='bbox 1798 2684 1856 2707; x_wconf 91' lang='lat' dir='ltr'><strong>etc.</strong></span> 
     </span>
    </p>

    <p class='ocr_par' dir='ltr' id='par_1_60' title="bbox 1422 2720 2493 3028">
     <span class='ocr_line' id='line_1_134' title="bbox 1481 2720 2492 2761; baseline -0.003 -9"><span class='ocrx_word' id='word_1_925' title='bbox 1481 2721 1534 2752; x_wconf 86' lang='lat' dir='ltr'><strong>lv.</strong></span> <span class='ocrx_word' id='word_1_926' title='bbox 1558 2721 1594 2752; x_wconf 89' lang='lat' dir='ltr'><strong>In</strong></span> <span class='ocrx_word' id='word_1_927' title='bbox 1619 2721 1734 2752; x_wconf 91' lang='lat' dir='ltr'><strong>eodem</strong></span> <span class='ocrx_word' id='word_1_928' title='bbox 1758 2721 1892 2752; x_wconf 89' lang='lat' dir='ltr'><strong>articulo</strong></span> <span class='ocrx_word' id='word_1_929' title='bbox 1917 2728 2015 2758; x_wconf 79' lang='lat' dir='ltr'><strong>sexto,</strong></span> <span class='ocrx_word' id='word_1_930' title='bbox 2040 2721 2072 2751; x_wconf 90' lang='lat' dir='ltr'><strong>in</strong></span> <span class='ocrx_word' id='word_1_931' title='bbox 2092 2720 2298 2761; x_wconf 86' lang='lat' dir='ltr'><strong>responsione</strong></span> <span class='ocrx_word' id='word_1_932' title='bbox 2322 2720 2361 2749; x_wconf 89' lang='lat' dir='ltr'><strong>ad</strong></span> <span class='ocrx_word' id='word_1_933' title='bbox 2385 2730 2492 2750; x_wconf 89' lang='lat' dir='ltr'><strong>secun-</strong></span> 
     </span>
     <span class='ocr_line' id='line_1_135' title="bbox 1425 2764 2493 2807; baseline -0.002 -11"><span class='ocrx_word' id='word_1_934' title='bbox 1425 2765 1513 2802; x_wconf 89' lang='lat' dir='ltr'><strong>dum,</strong></span> <span class='ocrx_word' id='word_1_935' title='bbox 1538 2765 1675 2796; x_wconf 89' lang='lat' dir='ltr'><strong>dubium</strong></span> <span class='ocrx_word' id='word_1_936' title='bbox 1698 2766 1835 2797; x_wconf 85' lang='lat' dir='ltr'><strong>occurrit</strong></span> <span class='ocrx_word' id='word_1_937' title='bbox 1859 2766 1897 2796; x_wconf 89' lang='lat' dir='ltr'><strong>de</strong></span> <span class='ocrx_word' id='word_1_938' title='bbox 1921 2774 2012 2806; x_wconf 88' lang='lat' dir='ltr'><strong>potu,</strong></span> <span class='ocrx_word' id='word_1_939' title='bbox 2037 2769 2092 2807; x_wconf 91' lang='lat' dir='ltr'><strong>qui</strong></span> <span class='ocrx_word' id='word_1_940' title='bbox 2117 2765 2229 2795; x_wconf 90' lang='lat' dir='ltr'><strong>dicitur</strong></span> <span class='ocrx_word' id='word_1_941' title='bbox 2252 2764 2333 2795; x_wconf 91' lang='lat' dir='ltr'><strong>sumi</strong></span> <span class='ocrx_word' id='word_1_942' title='bbox 2358 2764 2401 2794; x_wconf 87' lang='lat' dir='ltr'><strong>ad</strong></span> <span class='ocrx_word' id='word_1_943' title='bbox 2415 2764 2493 2794; x_wconf 87' lang='lat' dir='ltr'><strong>alte-</strong></span> 
     </span>
     <span class='ocr_line' id='line_1_136' title="bbox 1424 2808 2492 2851; baseline -0.002 -11"><span class='ocrx_word' id='word_1_944' title='bbox 1424 2811 1581 2841; x_wconf 82' lang='lat' dir='ltr'><strong>rationem</strong></span> <span class='ocrx_word' id='word_1_945' title='bbox 1605 2820 1777 2851; x_wconf 83' lang='lat' dir='ltr'><strong>corporum</strong></span> <span class='ocrx_word' id='word_1_946' title='bbox 1802 2816 1833 2841; x_wconf 91' lang='lat' dir='ltr'><strong>et</strong></span> <span class='ocrx_word' id='word_1_947' title='bbox 1855 2810 2066 2851; x_wconf 83' lang='lat' dir='ltr'><strong>digestionem</strong></span> <span class='ocrx_word' id='word_1_948' title='bbox 2090 2810 2248 2841; x_wconf 82' lang='lat' dir='ltr'><strong>ciborum.-</strong></span> <span class='ocrx_word' id='word_1_949' title='bbox 2281 2818 2356 2839; x_wconf 90' lang='lat' dir='ltr'><strong>cum</strong></span> <span class='ocrx_word' id='word_1_950' title='bbox 2379 2808 2492 2838; x_wconf 90' lang='lat' dir='ltr'><strong>medici</strong></span> 
     </span>
     <span class='ocr_line' id='line_1_137' title="bbox 1423 2853 2492 2895; baseline -0.004 -9"><span class='ocrx_word' id='word_1_951' title='bbox 1423 2861 1577 2886; x_wconf 87' lang='lat' dir='ltr'><strong>testentur</strong></span> <span class='ocrx_word' id='word_1_952' title='bbox 1599 2862 1726 2895; x_wconf 90' lang='lat' dir='ltr'><strong>potum,</strong></span> <span class='ocrx_word' id='word_1_953' title='bbox 1752 2862 1817 2886; x_wconf 90' lang='lat' dir='ltr'><strong>tam</strong></span> <span class='ocrx_word' id='word_1_954' title='bbox 1840 2855 1905 2885; x_wconf 90' lang='lat' dir='ltr'><strong>vini</strong></span> <span class='ocrx_word' id='word_1_955' title='bbox 1929 2865 2028 2895; x_wconf 88' lang='lat' dir='ltr'><strong>quam</strong></span> <span class='ocrx_word' id='word_1_956' title='bbox 2052 2864 2162 2895; x_wconf 88' lang='lat' dir='ltr'><strong>aquae,</strong></span> <span class='ocrx_word' id='word_1_957' title='bbox 2188 2860 2261 2894; x_wconf 90' lang='lat' dir='ltr'><strong>post</strong></span> <span class='ocrx_word' id='word_1_958' title='bbox 2284 2853 2406 2888; x_wconf 88' lang='lat' dir='ltr'><strong>horam,</strong></span> <span class='ocrx_word' id='word_1_959' title='bbox 2431 2853 2492 2883; x_wconf 90' lang='lat' dir='ltr'><strong>lae-</strong></span> 
     </span>
     <span class='ocr_line' id='line_1_138' title="bbox 1423 2897 2491 2941; baseline -0.003 -11"><span class='ocrx_word' id='word_1_960' title='bbox 1423 2899 1498 2930; x_wconf 89' lang='lat' dir='ltr'><strong>dere</strong></span> <span class='ocrx_word' id='word_1_961' title='bbox 1521 2909 1638 2940; x_wconf 90' lang='lat' dir='ltr'><strong>corpus</strong></span> <span class='ocrx_word' id='word_1_962' title='bbox 1661 2899 1937 2941; x_wconf 87' lang='lat' dir='ltr'><strong>digestionemque</strong></span> <span class='ocrx_word' id='word_1_963' title='bbox 1960 2899 2130 2940; x_wconf 85' lang='lat' dir='ltr'><strong>impedire;</strong></span> <span class='ocrx_word' id='word_1_964' title='bbox 2163 2905 2201 2934; x_wconf 93' lang='lat' dir='ltr'><strong>et,</strong></span> <span class='ocrx_word' id='word_1_965' title='bbox 2226 2898 2376 2933; x_wconf 89' lang='lat' dir='ltr'><strong>breviter,</strong></span> <span class='ocrx_word' id='word_1_966' title='bbox 2402 2897 2491 2937; x_wconf 89' lang='lat' dir='ltr'><strong>quasi</strong></span> 
     </span>
     <span class='ocr_line' id='line_1_139' title="bbox 1422 2940 2492 2982; baseline -0.004 -8"><span class='ocrx_word' id='word_1_967' title='bbox 1422 2954 1583 2975; x_wconf 89' lang='lat' dir='ltr'><strong>venenum</strong></span> <span class='ocrx_word' id='word_1_968' title='bbox 1615 2954 1681 2974; x_wconf 91' lang='lat' dir='ltr'><strong>esse</strong></span> <span class='ocrx_word' id='word_1_969' title='bbox 1714 2943 1928 2974; x_wconf 90' lang='lat' dir='ltr'><strong>ieiunantibus</strong></span> <span class='ocrx_word' id='word_1_970' title='bbox 1958 2943 2145 2974; x_wconf 90' lang='lat' dir='ltr'><strong>huiusmodi</strong></span> <span class='ocrx_word' id='word_1_971' title='bbox 2180 2949 2291 2982; x_wconf 88' lang='lat' dir='ltr'><strong>potus,</strong></span> <span class='ocrx_word' id='word_1_972' title='bbox 2326 2942 2380 2982; x_wconf 90' lang='lat' dir='ltr'><strong>qui</strong></span> <span class='ocrx_word' id='word_1_973' title='bbox 2412 2940 2492 2971; x_wconf 91' lang='lat' dir='ltr'><strong>fiunt</strong></span> 
     </span>
     <span class='ocr_line' id='line_1_140' title="bbox 1424 2988 1923 3028; baseline -0.002 -9"><span class='ocrx_word' id='word_1_974' title='bbox 1424 2988 1637 3020; x_wconf 88' lang='lat' dir='ltr'><strong>communiter</strong></span> <span class='ocrx_word' id='word_1_975' title='bbox 1661 2988 1731 3019; x_wconf 90' lang='lat' dir='ltr'><strong>cibo</strong></span> <span class='ocrx_word' id='word_1_976' title='bbox 1755 2988 1923 3028; x_wconf 89' lang='lat' dir='ltr'><strong>indigesto.</strong></span> 
     </span>
    </p>

    <p class='ocr_par' dir='ltr' id='par_1_61' title="bbox 1422 3029 2493 3208">
     <span class='ocr_line' id='line_1_141' title="bbox 1479 3029 2492 3073; baseline -0.005 -9"><span class='ocrx_word' id='word_1_977' title='bbox 1479 3034 1530 3064; x_wconf 90' lang='lat' dir='ltr'><strong>Ad</strong></span> <span class='ocrx_word' id='word_1_978' title='bbox 1554 3033 1617 3064; x_wconf 87' lang='lat' dir='ltr'><strong>hoc</strong></span> <span class='ocrx_word' id='word_1_979' title='bbox 1641 3033 1754 3064; x_wconf 85' lang='lat' dir='ltr'><strong>dicitur</strong></span> <span class='ocrx_word' id='word_1_980' title='bbox 1778 3033 1868 3073; x_wconf 93' lang='lat' dir='ltr'><strong>quod</strong></span> <span class='ocrx_word' id='word_1_981' title='bbox 1892 3032 1978 3063; x_wconf 87' lang='lat' dir='ltr'><strong>aliud</strong></span> <span class='ocrx_word' id='word_1_982' title='bbox 2002 3039 2048 3062; x_wconf 94' lang='lat' dir='ltr'><strong>est</strong></span> <span class='ocrx_word' id='word_1_983' title='bbox 2067 3031 2156 3072; x_wconf 92' lang='lat' dir='ltr'><strong>loqui</strong></span> <span class='ocrx_word' id='word_1_984' title='bbox 2181 3031 2218 3060; x_wconf 93' lang='lat' dir='ltr'><strong>de</strong></span> <span class='ocrx_word' id='word_1_985' title='bbox 2238 3037 2332 3069; x_wconf 86' lang='lat' dir='ltr'><strong>potu:</strong></span> <span class='ocrx_word' id='word_1_986' title='bbox 2357 3036 2387 3059; x_wconf 92' lang='lat' dir='ltr'><strong>et</strong></span> <span class='ocrx_word' id='word_1_987' title='bbox 2406 3029 2492 3059; x_wconf 88' lang='lat' dir='ltr'><strong>aliud</strong></span> 
     </span>
     <span class='ocr_line' id='line_1_142' title="bbox 1423 3074 2493 3119; baseline -0.007 -10"><span class='ocrx_word' id='word_1_988' title='bbox 1423 3084 1470 3109; x_wconf 89' lang='lat' dir='ltr'><strong>est</strong></span> <span class='ocrx_word' id='word_1_989' title='bbox 1492 3078 1583 3119; x_wconf 92' lang='lat' dir='ltr'><strong>loqui</strong></span> <span class='ocrx_word' id='word_1_990' title='bbox 1607 3078 1646 3108; x_wconf 92' lang='lat' dir='ltr'><strong>de</strong></span> <span class='ocrx_word' id='word_1_991' title='bbox 1670 3085 1749 3117; x_wconf 90' lang='lat' dir='ltr'><strong>potu</strong></span> <span class='ocrx_word' id='word_1_992' title='bbox 1775 3084 1849 3117; x_wconf 93' lang='lat' dir='ltr'><strong>post</strong></span> <span class='ocrx_word' id='word_1_993' title='bbox 1872 3077 1985 3107; x_wconf 89' lang='lat' dir='ltr'><strong>horam</strong></span> <span class='ocrx_word' id='word_1_994' title='bbox 2009 3075 2175 3107; x_wconf 87' lang='lat' dir='ltr'><strong>inchoatae</strong></span> <span class='ocrx_word' id='word_1_995' title='bbox 2191 3074 2373 3114; x_wconf 88' lang='lat' dir='ltr'><strong>digestionis</strong></span> <span class='ocrx_word' id='word_1_996' title='bbox 2398 3083 2493 3113; x_wconf 91' lang='lat' dir='ltr'><strong>super</strong></span> 
     </span>
     <span class='ocr_line' id='line_1_143' title="bbox 1423 3118 2491 3162; baseline -0.006 -9"><span class='ocrx_word' id='word_1_997' title='bbox 1423 3122 1494 3153; x_wconf 92' lang='lat' dir='ltr'><strong>cibo</strong></span> <span class='ocrx_word' id='word_1_998' title='bbox 1518 3122 1685 3162; x_wconf 89' lang='lat' dir='ltr'><strong>indigesto.</strong></span> <span class='ocrx_word' id='word_1_999' title='bbox 1710 3124 1833 3152; x_wconf 82' lang='lat' dir='ltr'><strong>Auctor</strong></span> <span class='ocrx_word' id='word_1_1000' title='bbox 1849 3121 2006 3161; x_wconf 90' lang='lat' dir='ltr'><strong>siquidem</strong></span> <span class='ocrx_word' id='word_1_1001' title='bbox 2026 3120 2169 3160; x_wconf 88' lang='lat' dir='ltr'><strong>loquitur</strong></span> <span class='ocrx_word' id='word_1_1002' title='bbox 2185 3119 2222 3148; x_wconf 92' lang='lat' dir='ltr'><strong>de</strong></span> <span class='ocrx_word' id='word_1_1003' title='bbox 2238 3125 2318 3158; x_wconf 91' lang='lat' dir='ltr'><strong>potu</strong></span> <span class='ocrx_word' id='word_1_1004' title='bbox 2336 3118 2491 3154; x_wconf 88' lang='lat' dir='ltr'><strong>absolute,</strong></span> 
     </span>
     <span class='ocr_line' id='line_1_144' title="bbox 1422 3162 2491 3208; baseline -0.007 -10"><span class='ocrx_word' id='word_1_1005' title='bbox 1422 3167 1479 3208; x_wconf 89' lang='lat' dir='ltr'><strong>qui</strong></span> <span class='ocrx_word' id='word_1_1006' title='bbox 1503 3167 1616 3207; x_wconf 91' lang='lat' dir='ltr'><strong>procul</strong></span> <span class='ocrx_word' id='word_1_1007' title='bbox 1640 3166 1738 3197; x_wconf 91' lang='lat' dir='ltr'><strong>dubio</strong></span> <span class='ocrx_word' id='word_1_1008' title='bbox 1770 3166 1809 3196; x_wconf 89' lang='lat' dir='ltr'><strong>ad</strong></span> <span class='ocrx_word' id='word_1_1009' title='bbox 1834 3166 2032 3196; x_wconf 89' lang='lat' dir='ltr'><strong>alterandum</strong></span> <span class='ocrx_word' id='word_1_1010' title='bbox 2056 3171 2086 3194; x_wconf 92' lang='lat' dir='ltr'><strong>et</strong></span> <span class='ocrx_word' id='word_1_1011' title='bbox 2109 3163 2318 3202; x_wconf 90' lang='lat' dir='ltr'><strong>digestionem</strong></span> <span class='ocrx_word' id='word_1_1012' title='bbox 2346 3162 2491 3192; x_wconf 90' lang='lat' dir='ltr'><strong>ciborum</strong></span> 
     </span>
    </p>
   </div>
   <div class='ocr_carea' id='block_1_48' title="bbox 1394 3206 2491 3251">
    <p class='ocr_par' dir='ltr' id='par_1_62' title="bbox 1394 3206 2491 3251">
     <span class='ocr_line' id='line_1_145' title="bbox 1394 3206 2491 3251; baseline -0.006 -9"><span class='ocrx_word' id='word_1_1013' title='bbox 1394 3214 1396 3228; x_wconf 80' lang='lat'><strong>¹</strong></span> <span class='ocrx_word' id='word_1_1014' title='bbox 1423 3211 1605 3242; x_wconf 90' lang='lat' dir='ltr'><strong>assumitur.</strong></span> <span class='ocrx_word' id='word_1_1015' title='bbox 1637 3211 1677 3241; x_wconf 92' lang='lat' dir='ltr'><strong>Et</strong></span> <span class='ocrx_word' id='word_1_1016' title='bbox 1705 3210 1779 3251; x_wconf 90' lang='lat' dir='ltr'><strong>quia</strong></span> <span class='ocrx_word' id='word_1_1017' title='bbox 1803 3220 1869 3239; x_wconf 92' lang='lat' dir='ltr'><strong>non</strong></span> <span class='ocrx_word' id='word_1_1018' title='bbox 1893 3208 2105 3249; x_wconf 87' lang='lat' dir='ltr'><strong>principaliter</strong></span> <span class='ocrx_word' id='word_1_1019' title='bbox 2131 3207 2266 3237; x_wconf 89' lang='lat' dir='ltr'><strong>sumitur</strong></span> <span class='ocrx_word' id='word_1_1020' title='bbox 2289 3207 2328 3236; x_wconf 88' lang='lat' dir='ltr'><strong>ad</strong></span> <span class='ocrx_word' id='word_1_1021' title='bbox 2353 3206 2491 3237; x_wconf 89' lang='lat' dir='ltr'><strong>nutrien-</strong></span> 
     </span>
    </p>
   </div>
   <div class='ocr_carea' id='block_1_49' title="bbox 1394 3251 2492 3604">
    <p class='ocr_par' dir='ltr' id='par_1_63' title="bbox 1394 3251 2492 3604">
     <span class='ocr_line' id='line_1_146' title="bbox 1423 3251 2490 3292; baseline -0.006 -6"><span class='ocrx_word' id='word_1_1022' title='bbox 1423 3256 1512 3292; x_wconf 90' lang='lat' dir='ltr'><strong>dum,</strong></span> <span class='ocrx_word' id='word_1_1023' title='bbox 1535 3256 1609 3286; x_wconf 90' lang='lat' dir='ltr'><strong>ideo</strong></span> <span class='ocrx_word' id='word_1_1024' title='bbox 1634 3255 1747 3285; x_wconf 90' lang='lat' dir='ltr'><strong>dicitur</strong></span> <span class='ocrx_word' id='word_1_1025' title='bbox 1769 3254 1873 3284; x_wconf 92' lang='lat' dir='ltr'><strong>licitus</strong></span> <span class='ocrx_word' id='word_1_1026' title='bbox 1897 3261 2041 3292; x_wconf 90' lang='lat' dir='ltr'><strong>tempore</strong></span> <span class='ocrx_word' id='word_1_1027' title='bbox 2065 3251 2182 3282; x_wconf 85' lang='lat' dir='ltr'><strong>ieiunii.</strong></span> <span class='ocrx_word' id='word_1_1028' title='bbox 2207 3251 2255 3281; x_wconf 88' lang='lat' dir='ltr'><strong>De</strong></span> <span class='ocrx_word' id='word_1_1029' title='bbox 2274 3257 2355 3291; x_wconf 91' lang='lat' dir='ltr'><strong>potu</strong></span> <span class='ocrx_word' id='word_1_1030' title='bbox 2373 3257 2490 3287; x_wconf 90' lang='lat' dir='ltr'><strong>autem,</strong></span> 
     </span>
     <span class='ocr_line' id='line_1_147' title="bbox 1422 3295 2492 3340; baseline -0.007 -9"><span class='ocrx_word' id='word_1_1031' title='bbox 1422 3307 1488 3331; x_wconf 89' lang='lat' dir='ltr'><strong>tam</strong></span> <span class='ocrx_word' id='word_1_1032' title='bbox 1511 3309 1612 3340; x_wconf 88' lang='lat' dir='ltr'><strong>aquae</strong></span> <span class='ocrx_word' id='word_1_1033' title='bbox 1636 3309 1735 3339; x_wconf 90' lang='lat' dir='ltr'><strong>quam</strong></span> <span class='ocrx_word' id='word_1_1034' title='bbox 1758 3298 1832 3334; x_wconf 87' lang='lat' dir='ltr'><strong>vini,</strong></span> <span class='ocrx_word' id='word_1_1035' title='bbox 1854 3307 1949 3337; x_wconf 90' lang='lat' dir='ltr'><strong>super</strong></span> <span class='ocrx_word' id='word_1_1036' title='bbox 1972 3297 2043 3327; x_wconf 88' lang='lat' dir='ltr'><strong>cibo</strong></span> <span class='ocrx_word' id='word_1_1037' title='bbox 2063 3296 2229 3335; x_wconf 87' lang='lat' dir='ltr'><strong>indigesto,</strong></span> <span class='ocrx_word' id='word_1_1038' title='bbox 2255 3305 2320 3325; x_wconf 91' lang='lat' dir='ltr'><strong>non</strong></span> <span class='ocrx_word' id='word_1_1039' title='bbox 2339 3302 2385 3325; x_wconf 91' lang='lat' dir='ltr'><strong>est</strong></span> <span class='ocrx_word' id='word_1_1040' title='bbox 2403 3295 2492 3325; x_wconf 90' lang='lat' dir='ltr'><strong>theo-</strong></span> 
     </span>
     <span class='ocr_line' id='line_1_148' title="bbox 1421 3339 2491 3384; baseline -0.006 -9"><span class='ocrx_word' id='word_1_1041' title='bbox 1421 3344 1503 3384; x_wconf 87' lang='lat' dir='ltr'><strong>logi,</strong></span> <span class='ocrx_word' id='word_1_1042' title='bbox 1534 3344 1589 3374; x_wconf 91' lang='lat' dir='ltr'><strong>sed</strong></span> <span class='ocrx_word' id='word_1_1043' title='bbox 1620 3343 1735 3373; x_wconf 89' lang='lat' dir='ltr'><strong>medici</strong></span> <span class='ocrx_word' id='word_1_1044' title='bbox 1764 3343 1886 3373; x_wconf 89' lang='lat' dir='ltr'><strong>docere.</strong></span> <span class='ocrx_word' id='word_1_1045' title='bbox 1911 3341 2046 3381; x_wconf 85' lang='lat' dir='ltr'><strong>Expedit</strong></span> <span class='ocrx_word' id='word_1_1046' title='bbox 2076 3347 2182 3371; x_wconf 83' lang='lat' dir='ltr'><strong>tamen</strong></span> <span class='ocrx_word' id='word_1_1047' title='bbox 2207 3347 2242 3370; x_wconf 92' lang='lat' dir='ltr'><strong>ut</strong></span> <span class='ocrx_word' id='word_1_1048' title='bbox 2265 3339 2491 3380; x_wconf 87' lang='lat' dir='ltr'><strong>temperantiae</strong></span> 
     </span>
     <span class='ocr_line' id='line_1_149' title="bbox 1422 3383 2491 3425; baseline -0.005 -6"><span class='ocrx_word' id='word_1_1049' title='bbox 1422 3388 1576 3419; x_wconf 88' lang='lat' dir='ltr'><strong>deserviat</strong></span> <span class='ocrx_word' id='word_1_1050' title='bbox 1599 3386 1785 3417; x_wconf 90' lang='lat' dir='ltr'><strong>huiusmodi</strong></span> <span class='ocrx_word' id='word_1_1051' title='bbox 1808 3385 1882 3416; x_wconf 89' lang='lat' dir='ltr'><strong>artis</strong></span> <span class='ocrx_word' id='word_1_1052' title='bbox 1905 3386 2013 3425; x_wconf 91' lang='lat' dir='ltr'><strong>quoad</strong></span> <span class='ocrx_word' id='word_1_1053' title='bbox 2037 3385 2100 3415; x_wconf 91' lang='lat' dir='ltr'><strong>hoc</strong></span> <span class='ocrx_word' id='word_1_1054' title='bbox 2123 3383 2245 3415; x_wconf 88' lang='lat' dir='ltr'><strong>notitia.</strong></span> <span class='ocrx_word' id='word_1_1055' title='bbox 2271 3384 2435 3421; x_wconf 89' lang='lat' dir='ltr'><strong>Quoniam</strong></span> <span class='ocrx_word' id='word_1_1056' title='bbox 2451 3384 2491 3414; x_wconf 93' lang='lat' dir='ltr'><strong>ad</strong></span> 
     </span>
     <span class='ocr_line' id='line_1_150' title="bbox 1422 3428 2492 3472; baseline -0.005 -9"><span class='ocrx_word' id='word_1_1057' title='bbox 1422 3431 1664 3472; x_wconf 89' lang='lat' dir='ltr'><strong>temperantiam</strong></span> <span class='ocrx_word' id='word_1_1058' title='bbox 1692 3437 1829 3470; x_wconf 89' lang='lat' dir='ltr'><strong>spectat,</strong></span> <span class='ocrx_word' id='word_1_1059' title='bbox 1861 3436 1896 3460; x_wconf 93' lang='lat' dir='ltr'><strong>ut</strong></span> <span class='ocrx_word' id='word_1_1060' title='bbox 1927 3430 2000 3460; x_wconf 89' lang='lat' dir='ltr'><strong>dicit</strong></span> <span class='ocrx_word' id='word_1_1061' title='bbox 2027 3429 2212 3460; x_wconf 88' lang='lat' dir='ltr'><strong>Aristoteles</strong></span> <span class='ocrx_word' id='word_1_1062' title='bbox 2228 3428 2260 3465; x_wconf 90' lang='lat'><strong>*‚</strong></span> <span class='ocrx_word' id='word_1_1063' title='bbox 2292 3428 2428 3459; x_wconf 88' lang='lat' dir='ltr'><strong>refutare</strong></span> <span class='ocrx_word' id='word_1_1064' title='bbox 2456 3438 2492 3458; x_wconf 90' lang='lat' dir='ltr'><strong>ea</strong></span> 
     </span>
     <span class='ocr_line' id='line_1_151' title="bbox 1394 3471 2490 3517; baseline -0.005 -10"><span class='ocrx_word' id='word_1_1065' title='bbox 1394 3471 1395 3475; x_wconf 34' lang='lat'>¹</span> <span class='ocrx_word' id='word_1_1066' title='bbox 1422 3487 1504 3517; x_wconf 88' lang='lat' dir='ltr'><strong>quae</strong></span> <span class='ocrx_word' id='word_1_1067' title='bbox 1528 3482 1638 3507; x_wconf 85' lang='lat' dir='ltr'><strong>contra</strong></span> <span class='ocrx_word' id='word_1_1068' title='bbox 1661 3475 1827 3505; x_wconf 87' lang='lat' dir='ltr'><strong>sanitatem</strong></span> <span class='ocrx_word' id='word_1_1069' title='bbox 1851 3474 1992 3514; x_wconf 92' lang='lat' dir='ltr'><strong>corporis</strong></span> <span class='ocrx_word' id='word_1_1070' title='bbox 2016 3480 2098 3504; x_wconf 89' lang='lat' dir='ltr'><strong>sunt.</strong></span> <span class='ocrx_word' id='word_1_1071' title='bbox 2124 3473 2217 3504; x_wconf 91' lang='lat' dir='ltr'><strong>Unde</strong></span> <span class='ocrx_word' id='word_1_1072' title='bbox 2241 3483 2356 3513; x_wconf 84' lang='lat' dir='ltr'><strong>magna</strong></span> <span class='ocrx_word' id='word_1_1073' title='bbox 2379 3473 2490 3503; x_wconf 91' lang='lat' dir='ltr'><strong>abusio</strong></span> 
     </span>
     <span class='ocr_line' id='line_1_152' title="bbox 1422 3517 2490 3560; baseline -0.005 -9"><span class='ocrx_word' id='word_1_1074' title='bbox 1422 3529 1468 3552; x_wconf 91' lang='lat' dir='ltr'><strong>est</strong></span> <span class='ocrx_word' id='word_1_1075' title='bbox 1491 3521 1620 3551; x_wconf 87' lang='lat' dir='ltr'><strong>illorum</strong></span> <span class='ocrx_word' id='word_1_1076' title='bbox 1644 3519 1714 3560; x_wconf 90' lang='lat' dir='ltr'><strong>qui,</strong></span> <span class='ocrx_word' id='word_1_1077' title='bbox 1739 3519 1810 3549; x_wconf 91' lang='lat' dir='ltr'><strong>cibo</strong></span> <span class='ocrx_word' id='word_1_1078' title='bbox 1835 3518 1939 3549; x_wconf 91' lang='lat' dir='ltr'><strong>adhuc</strong></span> <span class='ocrx_word' id='word_1_1079' title='bbox 1962 3518 2136 3558; x_wconf 86' lang='lat' dir='ltr'><strong>indigesto,</strong></span> <span class='ocrx_word' id='word_1_1080' title='bbox 2161 3527 2290 3558; x_wconf 90' lang='lat' dir='ltr'><strong>vespere</strong></span> <span class='ocrx_word' id='word_1_1081' title='bbox 2313 3517 2427 3547; x_wconf 91' lang='lat' dir='ltr'><strong>bibunt</strong></span> <span class='ocrx_word' id='word_1_1082' title='bbox 2449 3517 2490 3546; x_wconf 88' lang='lat' dir='ltr'><strong>ie-</strong></span> 
     </span>
     <span class='ocr_line' id='line_1_153' title="bbox 1421 3561 2490 3604; baseline -0.006 -8"><span class='ocrx_word' id='word_1_1083' title='bbox 1421 3566 1582 3596; x_wconf 82' lang='lat' dir='ltr'><strong>iunantes:</strong></span> <span class='ocrx_word' id='word_1_1084' title='bbox 1609 3571 1648 3600; x_wconf 92' lang='lat' dir='ltr'><strong>et,</strong></span> <span class='ocrx_word' id='word_1_1085' title='bbox 1674 3564 1763 3604; x_wconf 92' lang='lat' dir='ltr'><strong>quod</strong></span> <span class='ocrx_word' id='word_1_1086' title='bbox 1787 3563 1877 3604; x_wconf 89' lang='lat' dir='ltr'><strong>peius</strong></span> <span class='ocrx_word' id='word_1_1087' title='bbox 1893 3570 1949 3599; x_wconf 90' lang='lat' dir='ltr'><strong>est,</strong></span> <span class='ocrx_word' id='word_1_1088' title='bbox 1975 3573 2014 3594; x_wconf 90' lang='lat' dir='ltr'><strong>ne</strong></span> <span class='ocrx_word' id='word_1_1089' title='bbox 2039 3570 2134 3603; x_wconf 92' lang='lat' dir='ltr'><strong>potus</strong></span> <span class='ocrx_word' id='word_1_1090' title='bbox 2150 3569 2272 3598; x_wconf 83' lang='lat' dir='ltr'><strong>noceat,</strong></span> <span class='ocrx_word' id='word_1_1091' title='bbox 2290 3568 2421 3592; x_wconf 91' lang='lat' dir='ltr'><strong>sumunt</strong></span> <span class='ocrx_word' id='word_1_1092' title='bbox 2436 3561 2490 3590; x_wconf 87' lang='lat' dir='ltr'><strong>ali-</strong></span> 
     </span>
    </p>
   </div>
   <div class='ocr_carea' id='block_1_50' title="bbox 1397 1383 1400 3345">
    <p class='ocr_par' dir='ltr' id='par_1_64' title="bbox 1397 1383 1400 3345">
     <span class='ocr_line' id='line_1_154' title="bbox 1397 1383 1400 3345; baseline 0 0"><span class='ocrx_word' id='word_1_1093' title='bbox 1397 1383 1400 3345; x_wconf 95' lang='lat' dir='ltr'><strong> </strong></span> 
     </span>
    </p>
   </div>
   <div class='ocr_carea' id='block_1_51' title="bbox 1423 1605 2507 1643">
    <p class='ocr_par' dir='ltr' id='par_1_65' title="bbox 1423 1605 2507 1643">
     <span class='ocr_line' id='line_1_155' title="bbox 1423 1605 2507 1643; baseline 0.002 -6"><span class='ocrx_word' id='word_1_1094' title='bbox 1423 1606 1599 1642; x_wconf 79' lang='lat' dir='ltr'><strong>veritatem,</strong></span> <span class='ocrx_word' id='word_1_1095' title='bbox 1625 1615 1691 1636; x_wconf 90' lang='lat' dir='ltr'><strong>non</strong></span> <span class='ocrx_word' id='word_1_1096' title='bbox 1713 1612 1760 1637; x_wconf 88' lang='lat' dir='ltr'><strong>est</strong></span> <span class='ocrx_word' id='word_1_1097' title='bbox 1782 1605 1916 1636; x_wconf 88' lang='lat' dir='ltr'><strong>licitum.</strong></span> <span class='ocrx_word' id='word_1_1098' title='bbox 1941 1605 2107 1643; x_wconf 88' lang='lat' dir='ltr'><strong>Quoniam</strong></span> <span class='ocrx_word' id='word_1_1099' title='bbox 2123 1606 2212 1637; x_wconf 88' lang='lat' dir='ltr'><strong>cibus</strong></span> <span class='ocrx_word' id='word_1_1100' title='bbox 2231 1607 2347 1638; x_wconf 87' lang='lat' dir='ltr'><strong>directe</strong></span> <span class='ocrx_word' id='word_1_1101' title='bbox 2362 1609 2507 1639; x_wconf 90' lang='lat' dir='ltr'><strong>sumitur.</strong></span> 
     </span>
    </p>
   </div>
   <div class='ocr_carea' id='block_1_52' title="bbox 2526 1572 2641 1594">
    <p class='ocr_par' dir='ltr' id='par_1_66' title="bbox 2526 1572 2641 1594">
     <span class='ocr_line' id='line_1_156' title="bbox 2526 1572 2641 1594; baseline 0.009 -1"><span class='ocrx_word' id='word_1_1102' title='bbox 2526 1573 2535 1582; x_wconf 76' lang='lat'>⁸</span> <span class='ocrx_word' id='word_1_1103' title='bbox 2549 1572 2641 1594; x_wconf 78' lang='lat' dir='ltr'><strong>Rubrio.</strong></span> 
     </span>
    </p>
   </div>
   <div class='ocr_carea' id='block_1_53' title="bbox 2525 2192 2736 2241">
    <p class='ocr_par' dir='ltr' id='par_1_67' title="bbox 2525 2192 2736 2241">
     <span class='ocr_line' id='line_1_157' title="bbox 2525 2192 2736 2219; baseline 0 -5"><span class='ocrx_word' id='word_1_1104' title='bbox 2525 2193 2535 2202; x_wconf 74' lang='lat'>⁴</span> <span class='ocrx_word' id='word_1_1105' title='bbox 2549 2193 2598 2214; x_wconf 85' lang='lat' dir='ltr'><strong>Art.</strong></span> <span class='ocrx_word' id='word_1_1106' title='bbox 2615 2198 2649 2219; x_wconf 83' lang='grc' dir='ltr'>ιιι,</span> <span class='ocrx_word' id='word_1_1107' title='bbox 2665 2192 2736 2214; x_wconf 87' lang='lat' dir='ltr'><strong>Com-</strong></span> 
     </span>
     <span class='ocr_line' id='line_1_158' title="bbox 2526 2223 2722 2241; baseline 0 -1"><span class='ocrx_word' id='word_1_1108' title='bbox 2526 2223 2596 2241; x_wconf 84' lang='lat' dir='ltr'><strong>ment.</strong></span> <span class='ocrx_word' id='word_1_1109' title='bbox 2607 2225 2670 2241; x_wconf 87' lang='lat' dir='ltr'><strong>num.</strong></span> <span class='ocrx_word' id='word_1_1110' title='bbox 2682 2225 2722 2241; x_wconf 87' lang='lat' dir='ltr'><strong>vu.</strong></span> 
     </span>
    </p>
   </div>
   <div class='ocr_carea' id='block_1_54' title="bbox 2519 3434 2730 3510">
    <p class='ocr_par' dir='ltr' id='par_1_68' title="bbox 2519 3434 2730 3510">
     <span class='ocr_line' id='line_1_159' title="bbox 2521 3434 2729 3459; baseline -0.011 -2.763"><span class='ocrx_word' id='word_1_1111' title='bbox 2521 3435 2618 3457; x_wconf 62' lang='lat' dir='ltr'><strong>&#39;Ethia</strong></span> <span class='ocrx_word' id='word_1_1112' title='bbox 2635 3435 2673 3455; x_wconf 91' lang='lat' dir='ltr'><strong>lib</strong></span> <span class='ocrx_word' id='word_1_1113' title='bbox 2689 3434 2729 3459; x_wconf 85' lang='grc' dir='ltr'>ΙΙΙ,</span> 
     </span>
     <span class='ocr_line' id='line_1_160' title="bbox 2519 3461 2730 3510; baseline -0.014 0"><span class='ocrx_word' id='word_1_1114' title='bbox 2519 3468 2544 3510; x_wconf 31' lang='grc' dir='ltr'><strong>ἓξ</strong></span> <span class='ocrx_word' id='word_1_1115' title='bbox 2546 3467 2668 3509; x_wconf 34' lang='grc' dir='ltr'>ΡΤὴξιῘεὲι.</span> <span class='ocrx_word' id='word_1_1116' title='bbox 2682 3461 2730 3508; x_wconf 53' lang='grc' dir='ltr'><strong>ΞΗ..</strong></span> 
     </span>
    </p>
   </div>
  </div>
 </body>
</html>
