2768 4198
148 367 172 388 ιι,
182 367 206 383 ιι.
216 367 240 382 ιο

148 388 200 410 lect.
215 394 246 409 vr.

49 362 133 411 §.effi

69 898 117 927 Qu.
127 904 206 927 mn,
219 902 261 921 nrt.

248 2404 254 2414 ,
300 2334 333 2374 'A'
337 2375 434 2411 fisa—fi)
451 2373 466 2402 Χ

927 278 1197 325 QUAESTIO
1228 280 1441 328 CXXXIV,
1471 280 1771 317 ARTlCULUS
1801 279 1852 316 IV

242 371 261 382 ··
288 359 408 396 Ethic.
429 358 461 406 ⁸²,
491 358 598 406 quod
626 358 855 408 magnificus
882 359 932 395 ab
959 359 1121 407 aequali,
1152 359 1248 396 idest
1275 372 1361 408 pro-

289 412 527 461 portionato,
555 417 726 459 sumptu,
756 423 849 460 opus
871 412 995 460 faciet
1030 413 1156 462 magis
1185 414 1361 463 magnifi-

289 476 387 502 cum.
406 465 591 514 Sumptus
609 472 739 502 autem
761 472 816 502 est
836 465 1027 512 quaedam
1049 466 1234 515 pecuniae
1250 467 1362 504 emis—

289 519 358 566 sio,
379 531 402 555 a
421 531 498 567 qua
525 525 652 567 potest
670 518 804 567 aliquis
823 518 1016 567 prohiberi
1036 532 1105 568 per
1124 520 1360 569 superfluum

289 584 465 609 amorem
493 572 693 622 pecuniae.
733 572 781 609 Et
811 572 897 609 ideo
928 573 1086 610 materia
1116 574 1362 622 magnificen-

287 626 360 663 tiae
388 633 549 675 possunt
586 626 659 664 dici
689 634 726 663 et
753 625 824 675 ipsi
852 635 1047 676 sumptus,
1078 628 1217 676 quibus
1248 628 1363 664 utitur

289 679 516 727 magnificus
544 680 593 716 ad
623 692 722 729 opus
744 692 928 728 magnum
950 681 1186 727 faciendum3
1217 689 1254 717 et
1280 681 1362 730 ipsa

289 733 464 782 pecunia,
495 745 572 782 qua
599 734 717 771 utitur
744 734 792 771 ad
821 742 997 783 sumptus
1026 747 1187 783 magnos
1225 734 1362 771 facien-

289 786 379 832 dos;
410 794 447 823 et
474 798 586 824 amor
605 788 804 837 pecuniae,
825 799 941 837 quern
972 789 1194 825 moderatur
1217 788 1363 837 magni-

288 840 397 887 ficus,
427 852 476 877 ne
504 849 681 890 sumptus
710 841 837 889 magni
867 841 1136 891 impediantur.

341 895 401 930 Αι)
430 906 569 932 PRIMUM
601 907 701 933 ERGO
730 907 917 933 DICENDUM
941 895 1064 944 quod,
1089 895 1186 932 sicut
1214 894 1363 944 supra*

288 946 431 985 dictum
473 956 548 995 est,
578 949 737 986 virtutes
779 949 863 986 illae
902 962 1001 998 quae
1043 957 1130 986 sunt
1168 948 1266 985 circa
1302 960 1361 984 res

288 1001 494 1039 exteriores
522 1003 666 1040 habent
700 1002 869 1050 aliquam
906 1002 1166 1040 difficultatem
1196 1014 1240 1038 ex
1277 1001 1361 1050 ipso

286 1066 426 1102 genere
457 1055 509 1092 rei
539 1055 639 1093 circa
667 1068 786 1105 quam
817 1064 871 1093 est
899 1055 1032 1101 virtus,
1059 1063 1095 1092 et
1123 1055 1234 1092 aliam
1265 1054 1362 1091 diffi-

287 1109 466 1146 cultatem
489 1121 533 1146 ex
553 1109 815 1158 magnitudine
835 1109 953 1160 ipsius
974 1109 1039 1146 rei.
1070 1109 1119 1145 Et
1138 1108 1226 1145 ideo
1247 1120 1361 1157 opor-

285 1169 339 1199 tet
367 1162 466 1201 circa
494 1163 701 1212 pecuniam
731 1171 768 1200 et
797 1175 909 1200 usum
938 1162 1019 1199 eius
1049 1174 1132 1198 esse
1162 1161 1258 1198 duas
1286 1161 1361 1198 vir-

286 1224 400 1254 tutes:
439 1217 581 1254 scilicet
615 1217 899 1263 liberalitatem,
935 1227 1036 1264 quae
1072 1214 1222 1263 respicit
1257 1227 1362 1251 com-

285 1270 453 1308 muniter
471 1283 586 1309 usum
615 1270 818 1320 pecuniae;
847 1277 885 1307 et
903 1268 1240 1317 magnificentiam,
1260 1281 1360 1317 quae

286 1323 441 1373 respicit
466 1334 651 1373 magnum
680 1324 719 1361 in
747 1323 934 1372 pecuniae
962 1334 1035 1359 usu
1054 1320 1080 1359 β.
1142 1331 1152 1337 ·

338 1379 399 1415 AD
427 1389 621 1416 SECUNDUM
645 1389 831 1415 mesanum
851 1376 957 1425 quod
975 1388 1069 1413 usus
1089 1375 1276 1425 pecuniae
1297 1375 1361 1412 ali-

284 1437 342 1468 ter
369 1431 532 1481 pertinet
549 1432 598 1470 ad
617 1430 826 1478 liberalem,
848 1439 885 1467 et
904 1430 1010 1467 aliter
1029 1429 1078 1467 ad
1098 1428 1359 1478 magnificum.

283 1484 346 1522 Ad
373 1485 570 1523 liberalem
591 1484 694 1522 enim
714 1484 878 1533 pertinet
906 1483 1120 1521 secundum
1141 1482 1247 1532 quod
1272 1495 1360 1532 pro—

283 1538 384 1576 cedit
412 1551 459 1576 ex
478 1538 655 1576 ordinato
688 1537 829 1576 affectu
858 1538 957 1575 circa
976 1537 1172 1586 pecunias.
1203 1537 1253 1574 Et
1271 1536 1359 1574 ideo

282 1592 412 1629 omnis
440 1604 534 1630 usus
563 1592 714 1630 debitus
741 1591 942 1642 pecuniae,
968 1591 1076 1628 cuius
1105 1590 1360 1640 impedimen-

281 1651 364 1683 tum
401 1645 496 1683 tollit
531 1646 747 1684 moderatio
786 1645 930 1684 amoris
958 1645 1167 1695 pecuniae,
1198 1644 1361 1694 pertinet

337 1760 362 1794 β)
382 1762 409 1786 in
424 1762 557 1794 pecuniae
580 1769 639 1787 usu.
651 1776 670 1781 -
688 1762 715 1787 in
731 1762 848 1795 pecunia
870 1769 947 1787 usum
967 1763 988 1787 L
1007 1767 1033 1787 et
1050 1762 1152 1787 omisso
1178 1769 1306 1795 magnum
1327 1762 1360 1791 Η,

278 1797 410 1829 pecum‘ae
430 1804 506 1823 usum
525 1797 573 1823 Pa.

2441 279 2489 327 93

1418 360 1466 397 acl
1485 359 1764 397 liberalitatem:
1794 359 1936 396 scilicet
1956 366 1992 395 et
2012 359 2115 396 dona
2139 367 2176 396 et
2195 366 2383 408 sumptus.
2415 359 2491 396 Sed

1419 426 1509 450 usus
1537 413 1724 462 pecuniae
1752 412 1915 461 pertinet
1942 413 1991 450 ad
2020 412 2270 460 magnificum
2290 413 2329 449 in
2358 412 2490 449 ordine

1418 468 1466 504 ad
1495 467 1650 516 aliquod
1680 478 1779 516 opus
1815 477 2000 514 magnum
2037 466 2144 515 quod
2177 466 2394 503 faciendum
2423 474 2489 502 est.

1419 521 1467 557 Et
1486 520 1568 558 talis
1596 533 1688 557 usus
1717 532 1796 557 non
1815 527 1939 569 potest
1969 532 2050 557 esse
2071 520 2142 557 nisi
2171 527 2346 569 sumptus
2365 525 2380 548 Υ
2410 519 2491 556 sive

1419 585 1598 623 expensa.

1471 629 1530 664 An
1545 639 1705 664 TERTmM
1721 639 1906 665 DICENDUM
1922 627 2028 676 quod
2048 627 2276 675 magnificus
2296 627 2410 663 etiam
2427 626 2491 663 dat

1419 681 1521 718 dona
1540 681 1603 718 vel
1632 681 1804 727 exennia,
1824 689 1865 718 ut
1895 681 2029 718 dicitur
2057 680 2095 717 in
2125 681 2176 717 IV
2199 680 2321 718 Ethic.
2342 679 2379 716 *t
2411 691 2490 716 non
2520 687 2534 718 ·,

1417 743 1547 771 tamen
1576 735 1647 771 sub
1677 734 1821 771 ratione
1851 734 1963 780 doni,
1994 734 2062 771 sed
2091 734 2217 783 potius
2245 734 2316 771 sub
2345 733 2490 770 ratione

1418 796 1594 837 sumptus
1610 788 1772 825 ordinati
1792 788 1840 825 ad
1860 788 2016 837 aliquod
2032 799 2131 837 opus
2149 787 2381 835 faciendum,
2398 794 2491 836 puta

1419 842 1465 879 ad
1495 842 1767 879 honorandum
1796 842 1981 890 aliquem,
2010 842 2073 878 vel
2102 841 2152 878 ad
2180 841 2399 878 faciendum
2426 841 2491 877 ali-

1418 895 1509 943 quid
1533 895 1636 932 unde
1655 895 1859 944 proveniat
1877 896 2004 932 honor
2022 895 2090 931 toti
2111 895 2262 942 civitati,
2284 894 2382 932 sicut
2402 906 2490 931 cum

1418 948 1505 984 facit
1533 948 1676 997 aliquid
1704 949 1756 985 ad
1782 949 1883 996 quod
1910 954 1985 985 tota
2013 948 2144 985 civitas
2170 949 2300 986 studet.

1470 1003 1529 1038 An
1545 1013 1720 1044 QUARTUM
1736 1013 1922 1038 mCENDUM
1938 1001 2043 1049 quod
2059 1001 2274 1050 principalis
2295 1009 2400 1038 actus
2416 1001 2491 1038 vir-

1417 1054 1504 1090 tutis
1533 1062 1589 1091 est
1617 1054 1773 1091 interior
1802 1054 1949 1101 electio,
1979 1067 2094 1103 quarn
2123 1054 2242 1091 virtus
2271 1063 2396 1104 potest
2423 1055 2489 1091 ha-

1417 1107 1508 1144 bere
1529 1108 1675 1156 absque
1695 1107 1870 1144 exteriori
1889 1108 2052 1145 fortuna.
2074 1108 2123 1144 Et
2142 1108 2194 1144 sic
2215 1108 2328 1145 etiarn
2344 1121 2491 1157 pauper

1417 1168 1543 1210 potest
1572 1173 1655 1198 esse
1685 1161 1924 1209 magnificus.
1965 1161 2041 1198 Sed
2072 1161 2120 1198 ad
2150 1161 2355 1198 exteriores
2384 1169 2489 1199 actus

1416 1213 1600 1251 virtutum
1631 1215 1873 1262 requiruntur
1910 1216 2013 1252 bona
2042 1214 2216 1252 fortunae
2253 1215 2348 1252 sicut
2376 1228 2490 1264 quae—

1417 1267 1508 1305 dam
1527 1267 1779 1305 instrumenta
1788 1268 1820 1305 ²⁸.
1842 1269 1890 1305 Et
1909 1268 2123 1305 secundum
2141 1269 2228 1315 hoc,
2245 1280 2392 1317 pauper
2412 1281 2491 1306 non

1418 1329 1542 1380 potest
1570 1329 1698 1358 actum
1727 1321 2032 1370 magnificentiae
2062 1321 2289 1358 exteriorem
2315 1334 2490 1359 exercere

1417 1374 1455 1412 in
1483 1375 1542 1412 his
1571 1387 1669 1424 quae
1699 1383 1786 1412 sunt
1804 1387 1944 1423 magna
1973 1375 2212 1425 simpliciter:
2243 1375 2310 1412 sed
2335 1375 2489 1412 fortem

1416 1428 1474 1466 his
1502 1440 1600 1478 quae
1629 1436 1717 1466 sunt
1743 1441 1883 1478 magna
1911 1441 1980 1478 per
2008 1428 2337 1478 comparationem
2357 1430 2406 1466 ad
2428 1429 2491 1466 ali·

1416 1484 1521 1531 quod
1551 1495 1650 1531 opus
1678 1482 1805 1531 quod,
1836 1482 1904 1520 etsi
1934 1482 1973 1520 in
2001 1495 2041 1519 se
2071 1482 2117 1520 sit
2145 1495 2331 1532 parvum,
2361 1490 2490 1520 tamen

1416 1544 1542 1585 potest
1570 1536 1773 1584 magnifice
1793 1536 1876 1573 fieri
1896 1537 2109 1574 secundum
2137 1536 2429 1586 proportionem
2449 1537 2489 1574 il-

1415 1590 1486 1627 lius
1514 1590 1682 1638 generis;
1717 1602 1807 1627 nam
1831 1602 1999 1639 parvum
2029 1598 2065 1627 et
2092 1602 2280 1641 magnum
2314 1590 2492 1628 dicuntur

1416 1644 1583 1688 relative,
1603 1652 1645 1681 ut
1663 1643 1922 1693 Philosophus
1943 1644 2043 1691 dicit,
2064 1644 2102 1681 in
2121 1644 2441 1682 Praedicamentis
2457 1646 2489 1682 *.
2519 1647 2527 1654 “

1469 1761 1496 1795 γ)
1516 1761 1569 1786 alsi
1586 1764 1717 1793 sumptus.
1731 1775 1748 1779 -
1766 1761 1824 1786 sine
1841 1764 1950 1793 sumptu
1970 1760 2018 1786 Pa.

1074 1937 1395 1982 ARTlCULUS
1431 1938 1708 1988 QUARTUS

842 2042 999 2073 UTRUM
1022 2041 1372 2073 MAGNIFICENTIA
1397 2041 1464 2072 srr
1487 2041 1594 2072 PARS
1619 2040 1930 2072 FORTITUDINIS

1240 2130 1332 2161 Supra.
1352 2137 1397 2161 qu.
1416 2136 1520 2154 cxxvm.

344 2241 373 2278 *2
396 2241 468 2266 „as
496 2232 518 2257 D
535 2230 710 2262 QUARTUM
729 2230 784 2255 stc
804 2229 1048 2255 PROCEmTUR.
1069 2216 1231 2254 Videtur
1251 2217 1356 2265 quod

312 2238 465 2335 §.nal
496 2271 780 2321 magnificentia
807 2283 887 2308 non
915 2270 962 2308 sit
988 2282 1077 2320 pars
1115 2270 1355 2308 fortitudinis.

315 2313 447 2373 mv
439 2325 782 2375 ¹(Magnificentia
811 2324 914 2362 enim
935 2324 1116 2361 convenit
1135 2324 1173 2361 in
1199 2324 1357 2362 materia

361 2376 386 2393 ”
496 2392 584 2417 cum
613 2378 855 2426 liberalitate,
886 2386 926 2439 ut
955 2378 1099 2415 dictum
1136 2385 1193 2416 est
1210 2378 1242 2415 ²¹⁶.
1258 2378 1356 2439 Sed

280 2488 385 2536 Ergo
415 2487 698 2535 magnificentia
727 2499 807 2524 non
836 2494 891 2523 est
918 2498 1007 2546 pars
1036 2485 1278 2523 fortitudinis.

336 2553 371 2578 2.
393 2541 629 2588 PRAETEREA,
651 2541 832 2579 fortitudo
853 2547 910 2577 est
929 2540 1028 2577 circa
1046 2540 1205 2577 timores
1235 2548 1271 2577 et
1290 2552 1356 2577 au-

281 2594 421 2632 dacias.
450 2594 735 2643 Magnificentia
769 2602 897 2631 autem
923 2594 962 2631 in
990 2595 1094 2631 nullo
1122 2593 1273 2632 videtur
1300 2605 1357 2631 re-

281 2648 426 2698 spicere
461 2647 663 2696 timorem,
695 2648 762 2685 sed
792 2648 918 2685 solum
955 2656 1143 2697 sumptus,
1173 2648 1239 2696 qui
1269 2655 1357 2685 sunt

280 2701 524 2751 operationes
553 2702 759 2752 quaedam.
789 2703 892 2750 Ergo
923 2701 1206 2750 magnificentia
1234 2701 1356 2750 magis

279 2756 433 2794 videtur
451 2756 640 2805 pertinere
660 2755 708 2793 ad
729 2755 920 2803 iustitiam,
942 2768 1040 2804 quae
1063 2764 1118 2792 est
1144 2755 1242 2792 circa
1265 2768 1357 2805 ope-

280 2809 459 2857 rationes,
490 2822 608 2858 quarn
638 2810 687 2847 ad
717 2809 989 2847 fortitudinem.

337 2864 371 2901 3.
393 2864 629 2910 PRAETEREA,
651 2863 910 2912 Philosophus
930 2862 1030 2910 dicit,
1052 2863 1089 2899 in
1116 2862 1166 2899 lV
1184 2863 1305 2899 Ethic.
1324 2864 1355 2910 *,

280 2917 388 2966 quod
416 2918 646 2968 magnificus
672 2918 805 2954 scienti
829 2916 1072 2954 assimilatur.
1104 2917 1181 2953 Sed
1201 2916 1357 2953 scientia

280 2971 402 3020 magis
431 2971 612 3009 convenit
641 2983 730 3008 cum
766 2971 967 3020 prudentia
1005 2982 1123 3019 quam
1158 2982 1246 3007 cum
1282 2971 1356 3007 for-

280 3025 451 3062 titudine.
482 3026 584 3074 Ergo
606 3025 889 3074 magnificentia
918 3037 997 3062 non
1018 3024 1131 3061 debet
1150 3023 1243 3073 poni
1269 3036 1357 3072 pars

280 3078 520 3116 fortitudinis.

335 3133 410 3170 SED
445 3144 593 3170 CONTRA
620 3144 687 3170 EST
716 3132 822 3181 quod
851 3131 1000 3169 Tullius
1022 3139 1058 3168 et
1079 3130 1301 3168 Macrobius
1322 3138 1358 3168 et

282 3186 526 3224 Andronicus
567 3185 892 3235 magnificentiam
935 3193 1085 3235 partem
1128 3184 1356 3222 fortitudinis

187 3253 202 3268 ¹
249 3263 255 3273 ψ
282 3247 431 3288 ponunt
449 3239 481 3277 *.

337 3294 565 3331 Rsssponnsso
593 3305 780 3332 DlCENDUM
818 3293 924 3342 quod
954 3291 1260 3340 magnificentia,
1299 3303 1357 3328 se-

283 3346 454 3384 cundum
475 3347 580 3396 quod
601 3355 656 3384 est
675 3347 846 3396 specialis
866 3347 999 3393 virtus,
1020 3358 1099 3383 non
1120 3353 1245 3395 potest
1263 3345 1357 3394 poni

282 3412 370 3449 pars
408 3399 618 3437 subiectiva
653 3401 900 3448 fortitudinis,
932 3400 1022 3449 quia
1060 3412 1138 3436 non
1178 3399 1357 3436 convenit

283 3466 372 3491 cum
403 3466 448 3491 ea
481 3453 519 3490 in
557 3454 732 3491 materia:
769 3455 838 3492 sed
874 3454 1030 3504 ponitur
1064 3466 1151 3503 pars
1187 3453 1268 3490 eius
1301 3453 1355 3490 in-

284 3515 470 3557 quantum
514 3507 730 3555 adiungitur
767 3508 802 3544 ei
840 3508 934 3545 sicut
971 3507 1093 3544 virtus
1131 3507 1357 3544 secundaria

335 3623 362 3655 α)
383 3622 474 3648 multo.
488 3636 505 3640 —
525 3621 637 3646 multum
657 3621 883 3654 ABEFGHILpK.

1412 2216 1621 2276 principali.
1651 2216 1713 2253 Ad
1741 2217 1816 2253 hoc
1846 2223 1975 2253 autem
2004 2216 2110 2265 quod
2139 2216 2265 2266 aliqua
2283 2217 2405 2255 virtus
2425 2221 2490 2257 ad-

1413 2270 1589 2319 iungatur
1618 2270 1729 2307 alicui
1748 2269 1960 2319 principali,
1982 2270 2059 2307 duo
2090 2270 2345 2319 requiruntur,
2366 2281 2407 2309 ut
2429 2286 2489 2310 su-

1413 2336 1482 2373 pra
1505 2324 1525 2345 *
1554 2323 1697 2362 dictum
1738 2331 1811 2360 est:
1846 2336 2014 2373 quorum
2050 2336 2173 2361 unum
2205 2332 2260 2361 est
2286 2333 2327 2362 ut
2356 2339 2491 2364 secun-
2520 2338 2529 2347 ·

1414 2377 1519 2415 daria
1548 2377 1753 2415 conveniat
1782 2390 1871 2415 cum
1900 2377 2115 2427 principali;
2146 2377 2249 2415 aliud
2274 2387 2404 2418 autem
2435 2389 2492 2419 est

1413 2440 1454 2469 ut
1473 2432 1511 2469 in
1536 2432 1662 2481 aliquo
1683 2432 1888 2469 excedatur
1908 2432 1956 2469 ab
1978 2444 2034 2469 ea.
2057 2432 2343 2481 Magnificentia
2362 2442 2491 2472 autem

1413 2485 1594 2523 convenit
1623 2498 1712 2523 cum
1742 2485 1961 2523 fortitudine
1985 2485 2024 2523 in
2051 2487 2127 2523 hoc
2155 2488 2274 2536 quod,
2295 2487 2392 2525 sicut
2416 2489 2491 2526 for-

1413 2540 1534 2577 titudo
1563 2540 1683 2577 tendit
1711 2540 1748 2576 in
1784 2539 1939 2588 aliquod
1968 2540 2132 2577 arduum
2171 2549 2206 2577 et
2241 2541 2410 2589 difficile,
2440 2542 2491 2580 ita

1413 2594 1527 2632 en'am
1557 2602 1594 2631 et
1622 2593 1921 2642 magnificentia:
1952 2594 2054 2631 unde
2084 2594 2199 2631 etiam
2224 2594 2377 2632 videtur
2406 2608 2489 2633 esse

1412 2648 1451 2685 in
1484 2647 1661 2685 irascibili
1689 2647 1728 2694 ³¹⁸,
1759 2647 1855 2684 sicut
1892 2655 1928 2684 et
1963 2647 2158 2685 fortitudo.
2199 2648 2275 2686 Sed
2314 2649 2489 2697 magnifi-

1413 2701 1535 2739 centia
1564 2701 1692 2739 deficit
1720 2714 1742 2738 a
1761 2701 1978 2738 fortitudine
2006 2701 2045 2738 in
2073 2702 2148 2738 hoc
2177 2702 2282 2750 quod
2312 2702 2403 2740 illud
2431 2716 2489 2740 ar-

1414 2755 1535 2793 duum
1562 2756 1600 2793 in
1629 2755 1735 2804 quod
1763 2755 1882 2792 tendit
1911 2754 2113 2800 fortitudo,
2143 2756 2258 2793 habet
2292 2756 2489 2794 difficulta-

1412 2818 1491 2847 tem
1520 2818 1678 2859 propter
1705 2809 1918 2858 periculum
1947 2809 2055 2859 quod
2075 2809 2250 2847 imminet
2276 2822 2486 2859 personae:

1413 2863 1577 2901 arduum
1607 2870 1737 2900 autem
1758 2862 1796 2899 in
1825 2862 1930 2912 quod
1960 2863 2079 2899 tendit
2104 2863 2400 2911 magnificentia,
2423 2865 2488 2901 ha-

1414 2918 1477 2954 bet
1497 2917 1757 2955 difficultatem
1777 2924 1934 2966 propter
1953 2917 2196 2966 dispendium
2217 2930 2360 2964 rerum;
2383 2919 2488 2966 quod

1415 2979 1470 3008 est
1489 2971 1610 3008 multo
1633 2976 1650 2991 ‘²
1678 2970 1807 3007 minus
1828 2983 1944 3019 quam
1973 2971 2186 3020 periculum
2206 2983 2407 3020 personae.
2439 2973 2488 3009 Et

1414 3025 1502 3062 ideo
1532 3024 1815 3072 magnificentia
1843 3024 1999 3073 ponitur
2025 3037 2113 3073 pars
2142 3025 2381 3062 fortitudinis.

1466 3080 1525 3115 AD
1555 3090 1693 3115 PmMUM
1722 3089 1821 3115 ERGO
1842 3090 2030 3116 DICENDUM
2049 3079 2154 3127 quod
2175 3078 2312 3116 iustitia
2336 3078 2488 3127 respicit

1414 3132 1656 3180 operationes
1686 3132 1900 3169 secundum
1931 3144 1992 3179 se,
2022 3140 2137 3180 prout
2164 3132 2202 3168 in
2231 3132 2285 3169 eis
2314 3132 2487 3169 conside-

1414 3193 1517 3222 ratur
1545 3185 1639 3222 ratio
1670 3185 1797 3222 debiti.
1829 3185 1907 3222 Sed
1935 3185 2136 3222 liberalitas
2171 3193 2207 3222 et
2239 3185 2487 3234 magnificen-

1413 3239 1462 3275 tia
1492 3238 1735 3276 considerant
1754 3239 1997 3287 operationes
2017 3247 2243 3287 sumptuum
2272 3239 2487 3277 secundum

1414 3292 1519 3342 quod
1549 3300 1821 3341 comparantur
1849 3292 1897 3329 ad
1925 3292 2124 3341 passiones
2153 3292 2325 3330 animae:
2364 3293 2487 3330 diver-

1413 3345 1562 3383 simode
1591 3353 1734 3382 tamen.
1769 3346 1872 3382 Nam
1901 3345 2103 3383 liberalitas
2132 3346 2284 3395 respicit
2312 3355 2487 3396 sumptus

1413 3412 1480 3449 per
1509 3399 1838 3448 comparationem
1869 3399 1918 3436 ad
1947 3412 2122 3436 amorem
2149 3408 2184 3436 et
2213 3400 2486 3449 concupiscen-

1412 3453 1504 3490 tiam
1532 3453 1803 3502 pecuniarum,
1834 3465 1932 3501 quae
1963 3461 2050 3491 sunt
2077 3453 2276 3503 passiones
2307 3454 2487 3503 concupi-

1413 3507 1571 3554 scibilis,
1602 3507 1741 3556 quibus
1770 3519 1849 3544 non
1881 3506 2087 3556 impeditur
2123 3507 2286 3544 liberalis
2317 3520 2338 3544 a
2368 3508 2487 3544 datio-

2519 1279 2578 1328 ιΙιᾳ.
2590 1280 2645 1328 likin
2646 1284 2671 1333 lo
2672 1285 2705 1329 ¹ca
2700 1280 2732 1329 Ε.

2518 1339 2568 1381 Th¹’
2578 1323 2694 1382 ¹n.t16'.m--

2545 2337 2592 2365 Qu.
2610 2343 2678 2359 cxxx.

2518 2657 2528 2666 ⁸
2542 2655 2571 2677 D.
2586 2656 2633 2685 833.
