2768 4198
25 524 34 533 ⁸
49 523 145 545 Aristot.
161 522 235 544 Etnic.

25 550 63 571 lib.
82 550 119 572 ΙΙΙ.
139 555 190 577 cap.
204 555 236 575 vi,

25 583 46 598 n.
55 577 75 598 8.
84 589 92 592 -
100 576 235 597 5.Τὴ.1εεῐ.

16 1366 27 1375 ⁸
42 1364 100 1386 lbid.

15 1679 99 1701 ⁸1bid.
118 1685 168 1729 casn.
188 1685 229 1708 vn,

17 1712 38 1728 n.
64 1707 86 1728 6.
103 1718 113 1722 -
153 1722 158 1728 .
183 1706 229 1729 Th.

17 1733 70 1755 lect.
84 1740 122 1755 xv.

16 2305 25 2315 ⁸
40 2304 72 2326 ca
92 2320 97 2326 .
109 2310 144 2330 ιιι,
158 2310 182 2325 n.
197 2310 228 2325 ι.-

16 2331 40 2353 S.
51 2331 72 2352 T
91 2347 97 2352 .
112 2331 164 2353 lect.
180 2336 211 2352 iv.

23 3194 33 3205 ⁸
49 3193 86 3215 cf.
101 3198 157 3215 num
172 3199 194 3214 v.

26 3327 34 3336 ⁸
56 3325 92 3347 Cf.
117 3331 165 3353 arg.
189 3324 238 3346 Sed

24 3354 116 3374 contra.

273 262 316 297 18

266 346 341 370 sunt
365 338 503 378 optima,
536 344 566 367 et
590 346 677 366 mors
705 336 773 376 ipsa
797 334 915 364 ibidem
942 332 1082 362 redditur
1110 333 1206 361 bona.
1239 330 1338 367 Quod

266 384 352 414 enim
375 383 433 413 iste
456 381 527 412 finis
552 391 583 411 se
607 387 711 411 teneat
735 390 772 410 ex
792 386 878 419 parte
899 376 1046 407 materiae
1071 376 1152 406 circa
1175 384 1274 416 quam
1291 382 1338 405 est

266 428 431 463 fortitudo,
457 434 487 457 et
510 426 631 456 ratione
655 433 685 456 et
709 423 894 454 auctoritate
919 428 1014 462 patet.
1039 420 1174 450 Ratione
1195 419 1336 459 quidem,
1364 432 1366 458 g

265 473 340 513 quia
357 472 446 502 fortis
464 472 550 502 circa
568 470 718 510 pericula
736 469 879 498 maxima
896 471 927 496 et
941 466 1059 505 optima
1079 471 1232 504 tanquam
1257 463 1338 494 circa

264 517 427 557 propriam
445 515 619 550 materiam,
636 520 778 544 versatur
789 512 821 547 *;
843 511 897 541 sed
914 510 1064 550 pericula,
1083 509 1164 539 sicut
1179 518 1245 538 non
1263 514 1338 538 sunt

264 561 402 592 maxima
426 560 484 590 nisi
509 559 570 589 sint
594 557 749 593 mortalia,
774 557 816 586 ita
841 565 906 585 non
930 561 1005 584 sunt
1029 553 1152 593 optima
1180 552 1239 582 nisi
1264 562 1337 593 pro·
1363 573 1364 584 2

263 614 333 646 pter
357 606 480 635 bonurn
503 603 626 634 virtutis
643 602 731 642 quod
748 601 971 640 impugnatur;
997 598 1174 628 redduntur
1189 606 1265 636 ergo
1282 606 1336 637 pe·
1363 630 1364 633 Ἰ

263 650 361 680 ricula
386 649 510 689 optima
534 658 569 678 ex
594 647 647 677 tali
671 645 750 681 fine,
776 655 810 674 ac
834 654 890 684 per
914 643 992 678 hoc,
1025 642 1165 683 pericula
1196 641 1336 671 maxima

263 694 344 724 fiunt
369 693 496 723 materia
522 690 716 722 fortitudinis
741 699 776 719 ex
792 689 854 718 hoc
872 688 961 728 quod
985 694 1060 717 sunt
1083 687 1206 727 optima
1231 696 1268 716 ex
1283 685 1336 716 tali

262 738 333 769 fine.
359 739 399 768 Et
423 744 513 777 potes
539 736 675 766 formare
699 733 856 763 rationem
881 732 934 762 sic.
960 731 1103 762 Pericula
1134 731 1273 761 maxima
1301 740 1336 760 ac

262 784 385 823 optima
409 788 483 811 sunt
506 780 636 810 materia
652 777 864 808 fortitudinis:
890 786 964 816 ergo
989 776 1021 806 id
1038 786 1104 817 quo
1122 783 1196 806 sunt
1213 775 1336 815 optima

261 834 381 868 spectat
397 827 435 856 ad
452 824 616 855 materiam
641 822 846 853 fortitudinis.
872 821 933 852 Sed
958 831 1023 850 non
1041 828 1116 851 sunt
1139 820 1263 861 optima
1279 820 1335 850 bo·

261 872 357 902 nitate
380 870 547 900 intrinseca
571 878 607 898 ea
631 867 875 902 denominante,
908 866 962 896 sed
988 876 1024 896 ex
1049 865 1160 895 ordine
1188 865 1228 894 ad
1252 864 1334 905 opti-

260 925 351 946 mum
375 914 481 950 finem,
506 912 624 943 scilicet
648 913 772 942 bonum
796 910 922 942 virtutis
947 910 985 940 de
1009 921 1076 951 quo
1101 917 1148 940 est
1163 919 1282 950 pugna,
1301 916 1337 939 ut
1362 927 1363 930 =

258 967 354 1000 patet.
386 959 470 998 Ergo
494 958 618 988 bonum
651 957 689 987 de
713 967 780 997 quo
805 963 852 986 est
876 965 985 996 pugna
1012 954 1084 985 finis
1116 962 1162 985 est
1186 954 1335 985 materiae

259 1005 338 1035 circa
362 1013 458 1043 quam
477 1010 523 1033 est
538 1002 705 1033 fortitudo.
721 1019 742 1024 —
759 1001 857 1038 Quod
881 1007 987 1030 autern
1004 1000 1084 1030 illud
1107 1000 1194 1030 idem
1210 1000 1336 1030 bonum

258 1059 323 1079 non
348 1047 387 1078 sit
410 1047 481 1077 finis
505 1047 656 1087 proprius
680 1046 890 1082 fortitudinis,
922 1046 1076 1086 probatur
1100 1055 1136 1075 ex
1159 1045 1222 1075 hoc
1246 1044 1335 1085 quod

257 1093 328 1123 finis
352 1091 500 1132 proprius
525 1091 621 1122 unius
646 1091 771 1121 virtutis
795 1090 978 1121 communis
1004 1097 1084 1120 esset
1105 1089 1214 1120 multis
1237 1089 1336 1119 virtu-

258 1138 352 1168 tibus.
378 1136 473 1167 Verbi
492 1136 601 1177 gratia,
619 1146 687 1167 esse
703 1143 918 1176 temperatum
936 1142 983 1165 est
998 1134 1149 1175 proprius
1165 1133 1237 1164 finis
1254 1141 1335 1164 tem-

257 1181 433 1223 perantiae:
460 1188 490 1212 et
506 1181 685 1212 secundum
709 1181 780 1216 hoc,
799 1187 881 1210 esset
895 1180 992 1210 etiarn
1009 1179 1159 1220 proprius
1183 1178 1255 1209 finis
1272 1178 1337 1209 for-

258 1226 411 1258 titudinis.
446 1226 546 1263 Quod
577 1233 624 1256 est
647 1225 862 1266 impossibile:
895 1224 1039 1264 implicat
1062 1234 1203 1265 namque
1233 1224 1336 1254 dicere
1362 1247 1364 1262 :

1362 1271 1364 1293 ἴ
1391 1267 1537 1304 naturali,
1562 1267 1617 1297 sed
1641 1265 1694 1296 ille
1718 1265 1774 1306 qui
1799 1265 1978 1296 secundum
2003 1264 2150 1295 habitum
2166 1271 2213 1295 est
2227 1263 2364 1304 ipsemet
2382 1273 2471 1305 prae-

1362 1311 1364 1341 ξ
1391 1312 1520 1344 stitutus
1545 1318 1606 1347 est;
1632 1310 1675 1341 ita
1695 1320 1753 1341 nec
1769 1310 1801 1340 in
1813 1309 2000 1340 fortitudine
2014 1309 2280 1350 distinguendum
2297 1315 2344 1340 est
2356 1308 2395 1339 de
2406 1307 2470 1338 fine

1362 1354 1364 1371 ²
1390 1357 1523 1398 proprio
1549 1355 1758 1391 connaturali,
1775 1355 1825 1385 vel
1841 1355 2041 1395 praestituto.
2066 1354 2164 1385 Secus
2184 1359 2292 1384 autem
2317 1359 2364 1384 est
2378 1352 2470 1394 loqui

1362 1406 1364 1438 ’ς
1391 1403 1430 1432 de
1454 1401 1516 1432 fine
1540 1407 1677 1431 remotO.

257 1271 355 1302 finem
378 1271 546 1311 proprium
578 1271 673 1301 unius
697 1270 823 1300 virtutis
848 1279 915 1300 esse
946 1268 1043 1300 finem
1073 1269 1240 1310 proprium
1265 1268 1335 1308 plu-

258 1317 342 1347 rium
366 1316 521 1346 virtutum
546 1315 689 1346 eiusdem
714 1314 844 1345 ordinis.

310 1360 509 1391 Auctoritate
532 1370 618 1397 vero,
644 1370 718 1390 nam
742 1360 775 1389 in
800 1359 840 1389 111
865 1358 1000 1390 Ethic.*
1027 1357 1224 1394 Aristoteles,
1249 1357 1336 1388 inve—

258 1405 404 1446 stigando
420 1405 593 1436 'materiam
619 1404 831 1440 fortitudinis,
862 1403 943 1434 clare
968 1403 1131 1433 concludit
1154 1403 1243 1443 quod
1268 1412 1335 1433 non

258 1451 338 1481 circa
363 1450 472 1480 omnia
496 1449 636 1490 pericula
653 1450 775 1485 mortis,
794 1449 847 1479 sed
870 1449 951 1479 circa
975 1447 1099 1488 optima
1122 1454 1179 1478 est.
1204 1447 1245 1477 Et
1261 1457 1336 1478 con-
1362 1453 1364 1476 ἰ

258 1502 318 1526 stat
340 1495 430 1535 quod
455 1505 520 1524 non
545 1494 733 1525 huiusmodi
765 1501 840 1524 sunt
863 1493 1003 1533 pericula
1027 1493 1113 1522 bona
1137 1491 1279 1522 bonitate
1304 1492 1336 1522 in

257 1540 312 1570 eis.
330 1540 415 1579 Ergo
432 1546 561 1580 propter
577 1539 723 1569 ordinem
740 1539 780 1569 ad
795 1539 929 1569 bonum.
947 1538 1080 1577 Propter
1099 1537 1198 1578 quod,
1213 1546 1279 1566 non
1293 1537 1336 1567 ef·
1363 1551 1364 1555 =

257 1584 369 1615 fective
382 1594 439 1614 nec
456 1584 685 1624 exemplariter,
703 1590 739 1614 ut
754 1590 849 1624 patet,
863 1583 917 1613 sed
934 1581 1068 1612 finaliter
1080 1589 1155 1612 sunt
1167 1581 1300 1621 optima.
1314 1599 1335 1605 ·—

257 1629 299 1660 Et
310 1636 393 1669 post,
407 1638 473 1658 non
490 1628 684 1665 immediate,
699 1628 753 1658 sed
767 1638 841 1658 cum
855 1627 1044 1658 determinat
1056 1626 1094 1656 de
1108 1633 1179 1656 actu
1194 1626 1335 1657 formato
1362 1622 1364 1642 ⁷

257 1674 356 1714 ipsius
372 1673 566 1704 fortitudinis
574 1671 599 1709 ¹⁸¹,
613 1674 728 1713 probat
743 1673 832 1713 quod
840 1672 944 1714 fortis
956 1672 1030 1702 boni
1042 1672 1153 1712 gratia
1169 1676 1335 1711 operatur,

257 1718 312 1749 ubi
326 1728 494 1759 nunquam
511 1717 657 1748 meminit
680 1717 814 1748 alicuius
831 1716 908 1747 boni
925 1716 957 1746 in
974 1715 1102 1756 speciali
1127 1715 1187 1745 nisi
1209 1715 1336 1746 fortitu-

257 1763 355 1793 dinis:
377 1770 483 1803 aperte
499 1763 669 1793 ostendens
686 1762 775 1803 quod
797 1760 946 1802 proprius
962 1760 1033 1790 finis
1050 1759 1141 1790 fortis
1160 1768 1190 1791 et
1211 1759 1336 1790 virtutis

257 1807 452 1838 fortitudinis
473 1814 520 1837 est
535 1807 691 1838 fortitudo
715 1806 856 1841 actualis,
877 1815 960 1846 quae
977 1811 1023 1835 est
1046 1804 1149 1834 forma
1171 1804 1221 1834 vel
1244 1804 1335 1845 quasi

256 1852 359 1882 forma
383 1851 578 1892 operationis
603 1852 777 1881 substratae
801 1849 980 1881 fortitudini
1003 1848 1129 1879 actuali.
1155 1847 1334 1878 Substerni-

255 1904 307 1927 tur
323 1895 409 1926 enim
432 1896 465 1937 ly
476 1897 600 1932 timere,
618 1895 751 1932 audere,
765 1895 938 1930 sustinere,
956 1893 1109 1934 aggredi,
1130 1899 1201 1928 etc.,
1218 1893 1334 1924 actuali

256 1940 445 1976 fortitudini,
459 1950 541 1980 quae
558 1940 736 1970 secundum
754 1938 1010 1969 convenientiam
1027 1938 1066 1967 ad
1082 1936 1228 1967 habitum
1246 1936 1334 1967 forti-

255 1985 374 2016 tudinis
390 1985 564 2025 apponitur
587 1983 775 2015 huiusmodi
796 1983 930 2019 actibus,
947 1982 1026 2012 dum
1051 1981 1185 2012 sustinet
1207 1980 1258 2011 vel
1281 1991 1334 2022 ag·
1360 1998 1361 2004 κ

1360 2029 1361 2036 ’
1387 2027 1490 2057 iorem
1515 2025 1554 2056 de
1578 2024 1766 2066 operatione
1790 2023 1970 2054 secundum
1994 2023 2221 2055 substantiam:
2246 2023 2302 2053 sed
2323 2023 2470 2063 negando

255 2030 405 2071 gredhur,
423 2037 492 2066 etc„
517 2030 648 2070 quando
672 2035 810 2069 oportet,
827 2027 906 2068 quid
930 2034 1067 2067 oportet,
1092 2026 1175 2057 sicut
1194 2033 1334 2066 oportet.

309 2075 361 2106 VI.
387 2074 445 2104 His
470 2074 667 2115 praelibatis,
701 2083 766 2104 non
796 2080 843 2103 est
866 2071 992 2102 difficile
1020 2071 1136 2102 intueri
1167 2070 1334 2102 veritatem
1360 2093 1361 2100 1

1360 2120 1361 2123 ’
1388 2126 1452 2147 ηοη
1477 2120 1524 2146 est
1542 2115 1626 2156 finis
1648 2119 1742 2145 actus
1765 2113 1943 2145 secundum
1967 2113 2191 2144 substantiam.
2222 2111 2397 2154 Alioquin,
2425 2111 2471 2144 ml

256 2119 452 2160 quaestionis
482 2119 590 2150 istius:
625 2129 706 2160 quae
738 2116 882 2149 consistit
906 2117 938 2147 in
962 2117 1034 2153 hoc,
1051 2116 1140 2157 quod
1163 2115 1235 2146 finis
1259 2125 1333 2156 pro-

255 2165 345 2205 prius
369 2163 458 2194 fortis
484 2171 513 2195 et
537 2163 663 2194 habitus
687 2162 892 2198 fortitudinis,
917 2169 981 2192 tarn
1006 2161 1212 2202 praestitutus
1235 2170 1334 2202 quam

257 2208 481 2245 connaturalis,
506 2215 553 2239 est
580 2207 711 2239 actualis
737 2207 902 2238 fortitudo.
934 2207 1023 2237 Tum
1054 2216 1071 2236 a
1105 2205 1334 2236 communibus
1360 2202 1362 2211 ¹

256 2253 455 2284 inchoando:
481 2253 557 2293 quia
583 2252 831 2293 unumquodque
847 2257 894 2283 est
911 2256 1049 2292 propter
1063 2260 1156 2281 suam
1173 2251 1333 2291 operatio-

257 2308 340 2335 nem,
366 2305 402 2328 ut
425 2297 539 2328 dicitur
555 2297 587 2328 in
612 2298 638 2327 II
658 2297 749 2328 Caeli
759 2297 787 2327 *.
812 2296 983 2337 Proprium
1008 2302 1117 2326 autem
1134 2305 1218 2336 opus
1243 2294 1333 2326 fortis

257 2351 292 2374 ut
315 2343 369 2379 sic,
395 2349 425 2373 et
449 2342 575 2373 habitus
599 2342 805 2378 fortitudinis,
832 2352 898 2372 non
923 2348 969 2371 est
992 2341 1137 2381 operatio
1154 2340 1334 2371 secundum

257 2397 348 2418 suam
365 2387 584 2423 substantiam,
611 2394 688 2427 puta
705 2387 870 2423 sustinere,
893 2386 947 2416 sed
965 2385 1143 2416 secundum
1160 2394 1251 2416 suam
1270 2384 1334 2415 for-

257 2441 361 2463 mam:
396 2442 431 2462 ac
454 2441 510 2473 per
534 2431 611 2468 hoc,
644 2439 690 2462 est
713 2431 868 2462 fortitudo
893 2430 1041 2467 actualis,
1073 2439 1155 2471 quae
1179 2429 1335 2470 significat

257 2477 396 2508 formam
419 2476 451 2506 in
475 2476 529 2507 tali
553 2476 750 2517 operatione,
771 2477 852 2508 sicut
875 2475 996 2506 simitas
1020 2474 1176 2515 significat
1200 2475 1334 2506 curvita-

257 2529 322 2553 tem
346 2531 378 2551 m
403 2531 491 2551 naso.

311 2567 399 2597 Tum
423 2565 500 2606 quia
523 2565 604 2596 sicut
634 2565 705 2596 finis
730 2565 879 2606 proprius
910 2564 1048 2596 iustitiae
1079 2571 1126 2595 est
1158 2563 1278 2595 iustitia
1301 2564 1334 2594 in

257 2618 328 2642 actu
361 2610 496 2641 exercito
521 2620 560 2641 eo
585 2611 685 2641 modo
709 2620 776 2652 quo
800 2609 835 2642 fit
859 2620 876 2640 a
900 2609 1008 2646 iustis,
1040 2616 1071 2640 et
1095 2608 1239 2640 similiter
1262 2608 1335 2639 finis

257 2655 484 2696 temperantiae
509 2655 659 2696 proprius
686 2661 860 2696 temperate
885 2665 918 2685 se
942 2655 1057 2685 habere
1088 2654 1121 2684 in
1152 2660 1224 2684 actu
1250 2663 1336 2684 exer-

258 2701 320 2732 cito
345 2710 384 2731 eo
409 2701 508 2730 modo
533 2710 600 2742 quo
625 2699 791 2741 temperati
816 2710 848 2730 se
872 2699 1008 2735 habent,
1034 2706 1065 2730 et
1088 2698 1160 2729 finis
1184 2698 1334 2739 proprius

257 2745 392 2776 liberalis
416 2751 462 2776 est
485 2745 654 2776 liberalitas
678 2745 711 2775 in
735 2751 806 2775 actu
832 2744 968 2776 exercito
993 2754 1031 2774 eo
1047 2743 1147 2774 modo
1165 2753 1231 2784 quo
1256 2743 1333 2774 libe-
1360 2750 1361 2759 ¹

258 2790 338 2821 rales
362 2800 395 2820 se
419 2798 572 2826 exercent,
597 2797 628 2820 et
651 2789 696 2820 sic
720 2790 759 2820 de
783 2789 868 2825 aliis;
893 2789 936 2820 ita
951 2787 1023 2819 finis
1038 2788 1188 2829 proprius
1208 2788 1334 2819 fortitu-

259 2835 350 2870 dinis,
368 2841 399 2865 et
415 2834 505 2865 fortis
530 2842 565 2865 ut
579 2834 633 2870 sic,
659 2841 706 2865 est
721 2834 844 2865 fortiter
865 2834 988 2874 operari
1014 2843 1052 2863 eo
1069 2833 1169 2864 modo
1186 2843 1254 2874 quo
1270 2833 1333 2863 for·
1360 2860 1361 2869 ,

258 2887 305 2910 tes
329 2886 510 2919 operantur.
536 2879 577 2909 Et
600 2879 750 2909 omnium
774 2886 820 2910 est
844 2889 908 2909 una
928 2878 1112 2909 communis
1135 2877 1232 2908 ratio:
1258 2878 1335 2919 quia

258 2923 386 2955 habitus
410 2931 484 2955 sunt
507 2930 638 2964 propter
666 2923 811 2964 proprias
842 2923 1053 2964 perfectiones
1084 2922 1224 2953 actuales
1255 2932 1335 2963 quas

260 2975 428 3010 apponunt
445 2968 685 3008 operationibus
702 2968 735 2999 in
752 2975 823 2999 actu
841 2968 989 2999 exercito.
1007 2967 1088 2998 Sunt
1105 2967 1190 2998 enim
1207 2967 1334 2998 habitus

259 3013 347 3044 velut
370 3012 531 3053 potentiae
555 3013 713 3054 quaedam
730 3013 852 3043 mediae
869 3013 950 3044 inter
967 3012 1145 3052 potentiam
1165 3019 1196 3043 et
1211 3019 1333 3043 actum:
1361 3039 1362 3046 ,

1361 3053 1362 3060 ’
1389 3057 1462 3087 dem
1486 3055 1559 3087 finis
1583 3055 1673 3086 fortis
1698 3065 1735 3086 ex
1758 3061 1847 3096 parte
1879 3053 2044 3088 materiae.
2077 3051 2133 3083 sed
2157 3060 2223 3082 non
2247 3056 2295 3081 est
2317 3059 2468 3090 proprius

260 3065 290 3088 et
314 3064 482 3098 propterea
511 3064 586 3088 sunt
609 3057 745 3088 instituti
776 3064 907 3098 propter
937 3057 1075 3087 actuales
1107 3056 1334 3097 perfectiones,

261 3109 414 3143 tanquam
438 3101 574 3133 omnino
599 3109 699 3133 actus.

314 3147 401 3177 Tum
425 3147 501 3188 quia
525 3146 625 3183 fortis,
651 3154 836 3177 occurrente
860 3146 990 3176 materia
1014 3145 1226 3181 fortitudinis,
1258 3152 1337 3185 puta

262 3193 404 3222 maximo
428 3197 458 3222 et
480 3192 597 3232 opu'mo
615 3191 764 3232 periculo
775 3190 803 3227 ¹⁸,
828 3198 905 3232 puta
929 3190 1014 3221 iusto
1031 3190 1127 3227 bello,
1151 3190 1337 3230 praestituet

263 3235 331 3272 sibi,
356 3236 549 3276 inquantum
573 3235 673 3272 fortis,
698 3245 764 3266 non
789 3235 889 3266 alium
905 3234 1003 3266 finem
1028 3235 1088 3265 nisi
1104 3234 1226 3266 fortiter
1245 3244 1337 3275 agere

264 3286 334 3310 actu
359 3279 499 3311 interiori
529 3287 559 3311 et
583 3281 738 3312 exteriori.
770 3280 810 3312 Et
835 3280 896 3311 hoc
920 3279 1098 3311 secundum
1129 3278 1337 3310 rectissimam

264 3322 299 3354 fit
322 3324 494 3355 rationem:
520 3325 595 3366 quia
612 3324 766 3356 fortitudo
783 3325 851 3366 ipsa
868 3324 999 3356 actualis
1016 3331 1063 3355 est
1077 3325 1193 3355 bonum
1210 3323 1298 3366 forti
1309 3323 1336 3360 ¹⁸²,

265 3375 295 3398 et
319 3375 366 3399 est
388 3367 458 3399 finis
482 3379 557 3399 suae
577 3369 782 3409 operationis,
807 3377 884 3410 puta
901 3369 1066 3405 sustinere,
1092 3368 1235 3409 aggredi;
1260 3368 1338 3399 haec

266 3412 351 3443 enim
375 3412 485 3443 omnia
508 3420 658 3453 operatur
682 3421 717 3444 ut
736 3414 858 3445 fortiter
880 3422 962 3454 agat,
988 3421 1018 3444 et
1033 3413 1128 3444 huius
1145 3413 1223 3444 boni
1237 3412 1337 3453 gratia

266 3457 330 3496 agit
354 3455 454 3488 fortis.
478 3457 518 3488 Et
541 3464 632 3497 potes
657 3458 730 3488 hinc
753 3457 890 3489 formare
918 3458 1084 3489 rationem.
1115 3457 1219 3488 Fortis
1242 3457 1338 3488 habet

266 3510 325 3542 pro
349 3500 411 3532 fine
427 3501 558 3542 proprio
576 3501 795 3532 fortitudinem
811 3503 978 3539 actualem,
1004 3510 1158 3543 tanquam
1178 3500 1338 3532 sufficiens

267 3552 297 3576 et
320 3546 488 3586 proprium
511 3545 670 3576 motivum
685 3546 871 3577 intentionis
891 3557 966 3578 suae
982 3547 1021 3577 ad
1036 3547 1099 3577 hoc
1115 3553 1151 3576 ut
1174 3545 1337 3580 sustineat,

267 3590 475 3631 aggrediatur,
501 3597 576 3621 etc.:
603 3599 677 3630 ergo
703 3599 768 3620 non
793 3598 919 3630 oportet
939 3591 1037 3622 alium
1055 3590 1153 3621 finem
1169 3589 1338 3631 proprium

267 3644 427 3676 quaerere,
453 3635 534 3666 sicut
557 3644 615 3665 nec
639 3634 671 3665 in
696 3634 765 3665 aliis
788 3634 967 3666 virtutibus.

915 254 1182 302 QUAESTIO
1214 252 1390 297 CXXIII,
1419 251 1720 289 ARTICULUS
1750 251 1816 287 Vll

1364 331 1366 375 j
1448 330 1487 361 Et
1511 340 1548 360 ex
1571 330 1619 360 his
1643 330 1740 360 habes
1764 329 1922 370 triplicem
1947 330 2084 359 modum
2108 328 2304 359 fortitudinis
2329 327 2470 358 actualis.

1364 381 1366 424 ξ
1391 374 1529 413 Primus,
1555 381 1586 405 et
1609 374 1859 414 perfectissimus
1883 373 1916 404 in
1940 384 2000 404 suo
2024 384 2148 414 genere,
2175 380 2221 404 est
2245 383 2320 404 cum
2337 372 2409 413 quis
2434 382 2470 402 ex

1392 418 1503 449 habitu
1522 418 1716 449 fortitudinis
1733 419 1834 449 tendit
1849 418 2013 449 actualiter
2029 419 2069 448 ad
2083 418 2170 449 hunc
2186 417 2283 448 finem
2302 424 2337 447 ut
2350 416 2471 447 fortiter

1364 459 1365 501 l
1391 473 1424 493 se
1448 463 1562 494 habeat
1585 463 1666 493 circa
1690 463 1813 503 optima
1837 473 1872 494 ac
1897 463 2036 493 maxima
2059 463 2210 503 pericula.
2235 462 2297 493 Hic
2321 461 2407 492 enirn
2431 461 2470 491 ad

1364 513 1365 534 i
1391 507 1489 538 finem
1513 507 1683 547 proprium
1707 507 1903 538 fortitudinis
1928 518 1960 538 se
1976 508 2071 538 habet
2095 518 2134 538 eo
2151 508 2251 538 modo
2277 516 2342 547 quo
2367 516 2400 536 se
2416 506 2470 536 ha-

1391 553 1466 582 bent
1491 551 1598 582 fortes.
1616 570 1634 574 —
1651 552 1817 582 Secundus
1834 559 1882 583 est
1897 552 2005 582 minus
2021 552 2195 593 perfectus:
2223 561 2297 582 curn
2315 550 2387 592 quis
2404 560 2470 581 non

1391 607 1427 626 ex
1451 595 1560 626 habitu
1586 595 1799 632 fortitudinis,
1827 596 1903 637 quia
1927 603 2012 627 caret
2034 597 2108 633 illo,
2140 598 2194 627 sed
2219 606 2256 626 ex
2281 595 2469 630 intentione,

1391 641 1471 671 circa
1496 640 1620 680 optima
1645 651 1680 671 ac
1704 641 1844 671 maxima
1867 641 2017 681 pericula,
2042 642 2082 671 ad
2106 642 2246 672 eundem
2270 640 2378 676 finem,
2408 640 2470 670 hoc

1391 693 1437 716 est
1461 684 1584 715 fortiter
1607 694 1640 714 se
1665 685 1789 721 habere,
1815 685 1979 716 actualiter
2001 686 2111 716 tendit.
2137 686 2198 716 Hic
2222 685 2308 716 enim
2331 684 2436 715 deficit
2452 694 2470 714 a

1390 730 1496 770 primo
1521 729 1553 759 in
1577 729 1639 759 hoc
1671 730 1759 770 quod
1785 739 1850 759 non
1875 737 2026 770 operatur
2057 730 2181 761 fortiter
2211 739 2250 760 eo
2277 730 2377 760 modo
2402 739 2469 770 quo

1390 774 1487 805 fortes
1505 780 1688 814 operantur,
1702 773 1821 804 scilicet
1838 781 1988 814 prompte
2002 785 2038 804 ac
2054 774 2187 806 faciliter
2196 774 2223 805 *.
2234 792 2255 797 -
2265 774 2394 805 Tertius
2410 773 2470 804 im·

1390 864 1445 894 sed
1469 870 1601 904 propter
1624 862 1711 893 aliud
1735 863 1874 898 bonum,
1904 869 1982 903 puta
2005 873 2118 903 pacem
2141 863 2192 894 vel
2214 863 2380 900 iustitiam,
2405 862 2468 894 for-

1390 909 1462 940 titer
1486 918 1518 938 se
1542 908 1648 938 habet.
1672 907 1733 938 Hic
1758 907 1844 937 enim
1869 913 1935 937 tam
1958 917 2075 947 parum
2097 907 2193 938 habet
2215 909 2255 938 de
2272 907 2469 939 fortitudinis

1389 953 1505 984 virtute
1530 960 1564 984 ut
1589 952 1691 992 magis
1723 951 1763 982 sit
1786 951 1890 982 iustus
1917 961 2016 992 quam
2041 951 2148 983 fortis:
2180 952 2262 983 sicut
2284 953 2470 984 moechatus

1391 1004 1426 1029 ut
1440 998 1600 1039 furetur,
1633 998 1740 1038 magis
1762 996 1829 1038 fur
1860 1005 1957 1037 quam
1981 996 2133 1027 moechus
2161 1001 2208 1027 est
2225 996 2252 1028 *.

1447 1043 1487 1073 Et
1503 1053 1540 1073 ex
1564 1042 1612 1072 his
1625 1042 1707 1072 clare
1720 1048 1806 1082 patet
1815 1041 1906 1082 quod
1922 1050 1996 1071 cum
2013 1040 2115 1078 fortis,
2130 1047 2166 1071 ut
2180 1040 2234 1077 sic,
2248 1048 2320 1080 agat
2335 1041 2469 1072 scienter

1391 1095 1421 1119 et
1437 1098 1474 1118 ex
1491 1087 1647 1118 electione
1656 1086 1684 1123 *,
1710 1093 1780 1122 etc„
1801 1083 1887 1128 [pro]
1915 1085 2048 1126 proprio
2073 1084 2136 1116 fine
2160 1085 2348 1125 praestituto
2372 1085 2471 1116 habet
2498 1084 2506 1090 ⁸

1362 1145 1364 1163 ι
1391 1133 1539 1164 illudmet
1563 1133 1688 1162 bonum
1713 1131 1802 1172 quod
1827 1137 1873 1161 est
1897 1130 1954 1161 sibi
1980 1129 2052 1160 finis
2077 1129 2303 1160 connaturalis.
2322 1129 2364 1160 Et
2379 1130 2469 1170 quod
2520 1123 2526 1130 ’

1391 1178 1473 1209 sicut
1497 1178 1529 1207 in
1553 1177 1639 1207 iusto
1664 1186 1699 1206 ac
1715 1175 1845 1213 iustitia,
1859 1182 2037 1216 temperato
2053 1185 2089 1205 ac
2105 1174 2325 1215 temperantia,
2343 1184 2411 1205 non
2423 1180 2471 1204 est

1391 1222 1636 1262 distinguendus
1660 1220 1732 1251 finis
1748 1220 1899 1262 proprius
1915 1220 2122 1260 praestitutus
2138 1229 2156 1250 a
2167 1218 2231 1250 fine
2246 1218 2380 1260 proprio
2393 1228 2470 1250 con-

1445 1446 1512 1478 VII.
1538 1446 1588 1476 Ad
1620 1445 1762 1486 primum
1793 1453 1869 1484 ergo
1899 1450 2125 1484 argumentum
2154 1443 2186 1473 in
2218 1441 2410 1484 oppositum
2439 1448 2471 1473 et

1391 1491 1501 1522 omnia
1524 1489 1720 1531 sequentia*
1742 1489 1840 1520 simul
1863 1488 1979 1519 dicitur
2002 1489 2092 1529 quod
2115 1488 2173 1519 iste
2194 1487 2296 1518 homo
2318 1487 2471 1527 deceptus

1391 1543 1438 1567 est
1460 1536 1492 1566 in
1517 1535 1579 1566 hoc
1602 1534 1691 1576 quod
1716 1544 1783 1564 non
1799 1533 1946 1564 discrevit
1962 1533 2044 1564 inter
2067 1532 2291 1574 operationem
2307 1542 2407 1573 quam
2422 1542 2471 1563 aa·

1391 1581 1491 1611 sumit
1515 1579 1671 1611 fortitudo
1688 1585 1720 1609 et
1736 1578 1836 1615 fortis,
1861 1585 1940 1619 puta
1964 1577 2128 1614 sustinere,
2154 1584 2185 1608 et
2203 1577 2235 1607 id
2251 1577 2342 1618 quod
2358 1586 2470 1608 secun-

1391 1626 1470 1656 dum
1495 1623 1751 1656 convenientiam
1776 1623 1904 1654 habitus
1924 1622 2103 1664 operationi
2119 1621 2294 1663 apponitur
2313 1619 2469 1664 (quorum

1362 1679 1363 1715 j
1391 1678 1566 1711 utrumque
1594 1669 1748 1709 importat
1772 1668 1917 1709 operatio
1941 1667 2088 1708 perfecta,
2114 1677 2169 1698 seu
2198 1673 2288 1697 actus
2312 1665 2470 1707 perfectus

1362 1719 1363 1729 ¹
1391 1725 1446 1746 seu
1472 1712 1654 1755 formatus),
1672 1720 1703 1744 et
1719 1712 1918 1753 computavit
1934 1722 1993 1753 pro
2011 1722 2078 1742 uno
2099 1718 2130 1743 et
2145 1712 2261 1742 eodem
2279 1717 2467 1752 utrumque:

1391 1770 1466 1791 cum
1490 1766 1596 1790 tamen
1620 1758 1713 1788 valde
1737 1757 1869 1794 distent,
1903 1766 1978 1788 cum
2002 1757 2138 1788 alterum
2162 1756 2308 1792 materia,
2334 1756 2471 1787 alterum

1390 1804 1505 1840 forma,
1530 1803 1666 1834 alterum
1681 1801 1764 1838 finis,
1782 1802 1917 1833 alterum
1934 1808 2066 1842 propter
2081 1801 2179 1832 finem
2199 1800 2249 1832 sit.
2274 1800 2378 1838 Unde,
2395 1811 2470 1841 pro-

1390 1849 1457 1889 prie
1480 1847 1658 1888 loquendo,
1683 1847 1838 1877 debemus
1862 1846 1980 1882 dicere,
2006 1856 2072 1876 non
2096 1846 2187 1887 quod
2210 1845 2356 1886 operatio
2379 1844 2469 1876 forti-

1390 1892 1509 1924 tudinis
1533 1899 1581 1922 est
1604 1891 1672 1921 eius
1695 1890 1778 1927 finis,
1803 1890 1858 1921 sed
1881 1890 1971 1931 quod
1984 1890 2153 1931 fortitudo
2175 1891 2316 1921 actualis
2339 1892 2372 1920 tn
2397 1899 2470 1931 ope-

1388 1937 1515 1968 ratione
1541 1943 1588 1966 est
1612 1934 1684 1966 finis
1708 1934 1860 1966 naturalis
1884 1941 1915 1965 et
1937 1934 2155 1975 praestitutus.

1441 1979 1634 2022 Singillatim
1658 1986 1766 2010 autem
1790 1979 2029 2019 respondendo,
2047 1978 2162 2009 dicitur
2177 1978 2386 2009 concedendo
2402 1988 2470 2010 ma·

1389 2071 1550 2102 minorem
1575 2069 1600 2100 si
1621 2076 1704 2100 recte
1721 2069 1973 2105 subsumeretur,
1998 2068 2127 2105 scilicet,
2144 2067 2316 2099 Fortitudo
2331 2067 2472 2099 actualis

1433 2171 1446 2191 S
1461 2167 1502 2191 nt.

1387 2162 1430 2192 Ob
1442 2167 1493 2236 fud
1517 2203 1715 2239 secundum,
1746 2209 1880 2243 negatur
1904 2202 2023 2239 maior,
2055 2202 2221 2243 loquendo
2245 2201 2285 2232 de
2309 2207 2382 2232 actu
2405 2200 2470 2233 for-

1387 2256 1487 2287 mato,
1512 2248 1569 2290 qui
1593 2254 1641 2279 est
1664 2248 1844 2278 secundum
1868 2254 1987 2278 rectam
2018 2247 2187 2278 rationem.
2218 2245 2402 2284 Quoniam,
2434 2253 2471 2278 ut

1386 2294 1488 2331 fortis,
1513 2293 1601 2334 eligit
1624 2292 1748 2323 fortiter
1771 2301 1863 2332 agere
1888 2291 1968 2323 circa
1985 2291 2109 2332 optima
2127 2291 2279 2332 pericula,
2304 2291 2379 2332 quia
2404 2290 2468 2322 for-

1388 2340 1460 2372 titer
1482 2348 1575 2380 agere
1599 2345 1646 2369 est
1669 2337 1850 2368 secundum
1874 2346 1907 2367 se
1930 2337 2067 2367 bonum.

1441 2384 1494 2416 Ad
1516 2382 1657 2419 tertium,
1675 2389 1809 2423 negatur
1824 2381 1965 2422 sequela.
1991 2381 2077 2419 Quia
2091 2379 2239 2412 deficeret
2254 2379 2385 2421 propria
2401 2389 2469 2411 ma-

1386 2429 1464 2461 teria
1489 2427 1686 2460 fortitudinis
1709 2426 1743 2458 in
1766 2436 1842 2458 casu
1866 2426 1934 2463 illo,
1958 2425 2078 2457 scilicet
2093 2425 2273 2466 periculum
2290 2424 2468 2466 optimum:

1387 2485 1424 2506 ac
1447 2483 1504 2515 per
1527 2473 1601 2510 hoc,
1626 2482 1693 2503 non
1717 2482 1751 2503 se
1775 2477 1955 2503 exercerent
1976 2470 2008 2501 in
2034 2469 2222 2501 fortitudine
2245 2479 2329 2501 vera.
2353 2487 2374 2494 —
2397 2469 2469 2500 Fal-

1387 2519 1552 2550 sissimum
1569 2527 1704 2559 quoque
1719 2522 1767 2548 est
1782 2516 1873 2558 quod
1889 2515 2017 2547 additur
2032 2515 2086 2552 ibi,
2111 2514 2201 2556 quod
2217 2513 2295 2556 quia
2309 2513 2381 2546 vult
2395 2513 2469 2556 quis

1387 2563 1511 2605 percuti
1535 2563 1586 2594 vel
1610 2561 1730 2599 occidi,
1755 2561 1830 2592 ideo
1855 2570 1922 2592 non
1946 2559 1982 2591 fit
2005 2560 2121 2591 iniuste
2145 2558 2171 2590 si
2194 2559 2267 2601 quis
2290 2558 2470 2600 pecutiatur

1386 2609 1438 2640 vel
1461 2608 1633 2639 moriatur:
1659 2606 1720 2637 nisi
1744 2606 1831 2648 apud
1848 2615 1904 2637 eos
1920 2605 1976 2647 qui
2001 2604 2220 2646 putantquod
2235 2603 2338 2635 homo
2357 2603 2469 2645 possit,

1388 2664 1445 2695 per
1469 2653 1612 2694 seipsum
1635 2651 1686 2683 vel
1710 2651 1827 2688 alium,
1861 2651 1900 2681 ad
1924 2650 2051 2681 libitum
2075 2649 2160 2681 licite
2190 2659 2223 2680 se
2251 2648 2396 2680 occidere
2418 2648 2470 2680 vel

1387 2705 1569 2740 percutere;
1593 2697 1684 2739 quod
1708 2702 1834 2728 constat
1858 2705 1925 2726 esse
1948 2694 2091 2726 alienum
2106 2704 2125 2725 a
2139 2693 2269 2725 veritate
2289 2699 2319 2724 et
2334 2692 2469 2725 ratione.

1443 2743 1492 2774 Ad
1516 2749 1679 2784 quartum,
1706 2747 1839 2782 negatur
1862 2739 1975 2776 maior,
2000 2739 2168 2781 loquendo
2182 2738 2223 2769 de
2239 2737 2371 2780 proprio
2394 2736 2470 2770 fine.

1387 2788 1456 2820 Stat
1479 2787 1566 2819 enim
1590 2787 1681 2828 quod
1704 2786 1744 2817 sit
1767 2784 1840 2816 finis
1864 2784 2014 2816 materiae
2038 2783 2120 2815 circa
2143 2792 2243 2825 quam
2267 2790 2324 2819 est,
2349 2790 2380 2814 et
2402 2792 2471 2814 nou

1388 2833 1427 2864 sit
1450 2832 1602 2874 proprius
1626 2830 1698 2862 finis
1721 2830 1818 2862 illius.
1834 2847 1855 2854 -—
1872 2829 2024 2861 Probatio
2040 2836 2150 2860 autem
2165 2827 2246 2859 nihil
2262 2827 2392 2869 probat:
2409 2826 2470 2858 nisi

1388 2877 1470 2909 forte
1494 2877 1567 2913 hoc,
1592 2876 1683 2918 quod
1707 2882 1754 2906 est
1777 2875 1887 2916 aliquo
1912 2874 2013 2905 modo
2037 2873 2110 2904 finis
2133 2872 2236 2909 iuius,
2255 2872 2311 2903 vel
2334 2871 2469 2903 alicuius

1388 2923 1428 2954 ad
1452 2922 1532 2953 illud
1556 2920 1710 2963 requisiti,
1728 2927 1806 2961 puta
1822 2919 1972 2951 materiae
1997 2918 2076 2950 eius.
2101 2917 2188 2950 Cum
2208 2927 2276 2959 quo
2295 2923 2356 2948 stat
2378 2916 2468 2957 quod

1360 2973 1362 2984 ⁸
1389 2977 1455 2998 non
1469 2967 1509 2998 sit
1525 2966 1675 3007 proprius
1689 2964 1762 2996 finis
1777 2964 1879 2996 illius:
1893 2964 1983 3006 quod
1996 2970 2062 2994 erat
2077 2962 2292 3004 probandum.
2306 2961 2351 2992 tta
2366 2960 2468 3002 quod,

1389 3019 1425 3043 ut
1448 3021 1516 3043 uno
1539 3012 1639 3042 verbo
1664 3010 1796 3047 dicatur,
1821 3009 1853 3040 id
1877 3009 1917 3040 de
1939 3017 2008 3050 quo
2032 3014 2079 3038 est
2093 3016 2212 3048 pugna,
2230 3012 2301 3042 etc„
2326 3011 2373 3036 est
2395 3005 2468 3056 qui-

1388 3100 1460 3132 finis
1484 3100 1681 3132 fortitudinis
1704 3109 1741 3130 ex
1765 3105 1854 3140 parte
1878 3096 2076 3139 operationis
2099 3102 2131 3127 et
2149 3094 2286 3126 habitus.

1443 3146 1495 3176 Ad
1518 3145 1681 3187 quintum,
1707 3150 1841 3184 negatur
1865 3142 1980 3173 maior.
2005 3140 2170 3179 Quoniam
2194 3147 2283 3171 actus
2307 3139 2412 3170 bonus
2436 3145 2468 3170 et

1389 3190 1557 3222 laudabilis
1580 3199 1648 3231 quo
1672 3188 1809 3219 laeditur
1831 3186 2008 3228 proximus,
2025 3191 2131 3226 potest
2147 3193 2215 3215 esse
2238 3183 2417 3215 secundum
2434 3193 2467 3214 se

1362 3257 1364 3272 ,
1389 3236 1506 3271 bonus,
1532 3244 1598 3266 non
1621 3233 1816 3274 inquantum
1839 3238 1886 3263 est
1909 3230 2045 3262 laesivus
2069 3228 2222 3270 proximi,
2252 3229 2307 3259 sed
2331 3227 2468 3269 inquan-

1363 3283 1364 3295 ¹
1389 3287 1461 3311 tum
1485 3286 1531 3310 est
1554 3278 1734 3310 secundum
1758 3286 1792 3308 ae
1816 3282 1905 3308 actus
1928 3274 2053 3306 virtutis
2076 3273 2157 3305 circa
2181 3273 2345 3314 propriam
2369 3280 2467 3304 mate-

1390 3324 1479 3355 riam.
1504 3323 1545 3354 Et
1564 3323 1609 3354 sic
1623 3329 1671 3353 est
1687 3322 1726 3352 de
1743 3320 1942 3357 fortitudine,
1966 3319 2058 3350 cuius
2073 3328 2139 3349 non
2157 3325 2204 3349 est
2220 3318 2375 3358 respicere
2391 3326 2467 3358 ope·

1391 3368 1548 3400 rationem
1571 3376 1665 3398 suam
1687 3366 1882 3407 inquantum
1906 3371 1953 3396 est
1976 3363 2015 3394 ad
2032 3363 2178 3399 alterum,
2195 3362 2250 3393 sed
2273 3362 2469 3404 inquantum

1391 3419 1439 3444 est
1453 3412 1494 3443 ad
1510 3421 1553 3448 se,
1570 3411 1689 3442 salvata
1705 3409 1838 3441 materia
1853 3408 1994 3450 propria,
2008 3407 2126 3440 scilicet
2141 3408 2260 3449 optimo
2276 3413 2307 3439 et
2323 3407 2467 3438 maximo

1386 3456 1545 3498 periculo.

1365 3538 1366 3545 ἵ
1445 3500 1496 3531 Ad
1519 3499 1551 3530 id
1574 3509 1651 3530 vero
1682 3498 1771 3540 quod
1804 3504 1913 3529 contra
1937 3497 2171 3539 expositionem
2194 3496 2344 3529 Auctoris
2367 3494 2469 3527 afferri

1365 3548 1366 3555 ¹
1393 3544 1524 3581 dicitur,
1556 3543 1769 3584 respondetur
1802 3543 1891 3584 quod
1923 3542 2007 3573 male
2043 3542 2221 3573 intellectus
2251 3547 2299 3573 est
2333 3542 2466 3572 Auctor·

1365 3594 1367 3600 '
1392 3589 1475 3620 Nam
1500 3591 1625 3619 Auctor
1646 3598 1702 3629 per
1729 3587 1951 3618 fortitudinem
1983 3597 2049 3618 non
2071 3586 2202 3628 exponit
2230 3584 2466 3627 operationem:

1394 3633 1448 3664 sed
1479 3632 1702 3664 fortitudinem
1734 3632 1908 3668 actualem,
1940 3642 2022 3674 quae
2054 3638 2101 3663 est
2131 3630 2309 3663 similitudo
2342 3627 2467 3660 fortitu-

2498 779 2507 787 *
2521 777 2620 799 Aristot.
2635 776 2711 798 Emic-

1362 842 1363 846 ,
1389 818 1654 859 perfectissimus:
1687 825 1763 848 cum
1787 817 1860 858 quis
1884 828 1950 848 non
1975 826 2106 859 propter
2136 819 2259 850 fortiter
2285 829 2318 849 se
2342 819 2468 854 habere,
2495 803 2662 878 :¹i'3i12oef
2680 809 2711 831 ’ν’

2505 860 2548 878 ect.
2564 863 2595 879 IV·

2499 993 2506 999 ·
2522 989 2560 1011 Cf.
2573 994 2639 1011 num.
2654 994 2692 1011 ιιι.

2499 1492 2505 1499 ·
2522 1489 2636 1513 Numa.
