2768 4198
0 4179 7 4198 ,
0 4163 1 4166 „

51 1761 53 1764 ⁴
73 1755 140 1779 Vm.
155 1762 176 1784 7.

263 1480 265 1482 ’
289 1482 328 1519 in
348 1482 423 1518 hoc
441 1489 618 1531 tempore
638 1493 679 1518 se
699 1482 747 1519 ad
768 1479 1017 1518 ieiunandum
1045 1486 1256 1525 exerceant,
1276 1480 1363 1529 plus

941 282 1210 328 QUAESTIO
1242 281 1427 327 CXLVII,
1457 280 1756 318 ARTICULUS
1787 280 1838 316 IV

1418 360 1466 397 ad
1487 360 1755 406 ieiunandum3
1786 359 1876 408 qui-a
1903 371 1981 395 non
2009 358 2161 396 videtur
2188 358 2302 394 fuisse
2333 357 2487 394 intentio

1418 413 1612 450 Ecclesiae
1642 413 1836 450 statuentis
1864 412 2015 459 ieiunia,
2036 420 2078 449 ut
2097 424 2165 461 per
2185 412 2260 448 hoc
2287 410 2489 459 impediret

292 469 444 518 aliquod
474 468 637 517 speciale
665 466 997 516 impedimentum.
1388 506 1390 516 1
1417 467 1508 504 alias
1542 467 1624 516 pias
1653 475 1689 504 et
1718 466 1838 516 magis
1873 466 2107 503 necessarias
2145 477 2292 502 causas.
2331 464 2490 501 Videtur

344 525 403 559 An
431 533 569 559 ptumum
594 532 694 558 ERGO
721 532 910 557 DlCENDUM
937 521 1043 568 quod
1067 528 1270 569 praecepta
1290 517 1390 557 Dei
1388 551 1390 579 l
1417 528 1546 557 tamen
1576 520 1614 556 in
1642 520 1779 557 talibus
1809 520 2083 556 recurrendum
2112 531 2194 556 esse
2215 518 2263 555 ad
2283 517 2488 566 superioris

292 583 378 612 sunt
396 582 601 624 praecepta
629 574 718 610 iuris
748 572 937 619 naturalis,
960 585 1059 621 quae
1089 574 1299 610 secundum
1322 586 1362 610 se
1388 586 1390 596 ³
1419 573 1763 622 dispensationem:
1795 573 1865 610 nisi
1892 573 1987 610 forte
2009 573 2074 610 ubi
2094 572 2144 609 ita
2165 579 2221 609 est
2241 578 2487 617 consuetum;

292 636 379 665 sunt
407 629 455 666 de
484 627 707 665 necessitate
735 626 876 663 salutis.
908 602 985 664 Sed
1006 634 1141 664 statuta
1168 626 1362 663 Ecclesiae
1387 597 1390 678 1
1418 627 1505 675 quia
1535 639 1578 663 ex
1609 627 1684 663 hoc
1712 627 1796 675 ipso
1826 627 1933 674 quod
1960 626 2116 675 praelati
2148 625 2403 665 dissimulant,
2433 624 2489 660 vi-

292 690 379 719 sunt
407 682 454 719 de
474 681 532 718 his
562 693 659 730 quae
689 692 767 717 non
797 692 920 729 perse
946 688 1034 717 sunt
1062 680 1110 717 de
1139 680 1362 717 necessitate
1418 680 1554 717 dentur
1582 692 1764 717 annuere.

292 735 438 782 salutis,
469 735 537 771 sed
566 735 691 771 solum
723 745 768 770 ex
800 733 1032 770 institutione
1069 733 1275 771 Ecclesiae.
1314 734 1363 770 Et
1470 735 1528 770 AD
1559 745 1732 775 QUARTUM
1761 745 1948 770 mcaNDUM
1970 732 2076 781 quod
2105 743 2294 781 pauperes
2314 731 2378 779 qui
2400 742 2487 779 pos-

291 789 378 825 ideo
406 795 569 838 possunt
606 800 688 824 esse
727 787 855 835 aliqua
892 787 1169 836 impedimenta
1207 795 1363 836 propter
1418 794 1504 823 sunt
1523 786 1755 824 sufficienter
1774 787 1916 823 habere
1937 786 2043 835 quod
2060 785 2112 822 eis
2128 784 2291 822 sufficiat
2305 785 2353 822 ad
2370 796 2486 820 unam

292 854 389 891 quae
409 841 526 889 aliqui
545 841 594 878 ad
614 840 859 878 observanda
878 840 1018 878 ieiunia
1041 840 1263 878 huiusmodi
1283 853 1362 877 non
1418 840 1708 886 comestionem,
1740 852 1819 877 non
1848 847 2076 876 excusantur
2103 846 2260 887 propter
2286 845 2487 887 pauperta-

291 903 478 932 tenentur.
1418 901 1494 930 tem
1515 905 1536 930 a
1556 893 1703 930 ieiuniis
1724 893 1930 930 Ecclesiae.
1951 895 1985 929 A
2006 892 2144 941 quibus
2164 900 2294 928 tamen
2317 890 2487 928 excusari

344 950 404 985 An
433 959 626 986 SECUNDUM
655 959 840 984 met-:unum
860 948 965 996 quod
984 948 1022 984 in
1050 948 1178 996 pueris
1208 955 1263 984 est
1282 960 1363 984 ma·
1418 946 1594 983 videntur
1626 946 1676 982 illi
1710 946 1775 994 qui
1807 945 2023 983 frustatim<
2053 946 2320 994 eleemosynas
2340 944 2485 981 mendi-

290 1001 391 1039 xime
421 1001 580 1039 evidens
610 1013 724 1038 causa
754 1013 832 1037 non
861 1001 1073 1038 ieiunandi:
1104 1009 1186 1038 turn
1206 1008 1363 1050 propter
1418 1008 1515 1046 cant,
1537 999 1601 1048 qui
1631 1011 1710 1036 non
1738 1007 1900 1047 possunt
1928 999 2038 1036 simul
2069 999 2211 1035 habere
2240 998 2345 1047 quod
2367 998 2420 1034 eis
2439 997 2487 1035 ad

292 1055 524 1092 debilitatem
554 1062 724 1102 naturae,
755 1066 801 1090 ex
829 1067 906 1103 qua
925 1053 938 1076 ὅ
966 1054 1146 1104 provenit
1174 1054 1278 1102 quod
1308 1054 1363 1090 in·
1416 1053 1560 1089 victum
1590 1052 1764 1089 sufficiat.

291 1108 420 1157 digent
447 1108 635 1158 frequenti
655 1107 754 1155 cibo,
776 1114 812 1144 et
831 1119 910 1144 non
931 1109 1052 1144 multo
1081 1107 1193 1144 simul
1217 1119 1363 1143 assum-
1470 1107 1530 1142 AD
1559 1117 1723 1148 QUINTUM
1743 1105 1763 1127 '¹‘
1782 1117 1967 1142 DlCENDUM
1987 1105 2091 1154 quod
2112 1105 2204 1142 illud
2222 1105 2386 1142 verbum
2408 1105 2487 1141 Do-

290 1170 377 1211 pt03
406 1170 488 1199 tum
519 1162 633 1198 etiam
663 1161 753 1210 quia
782 1160 952 1208 indigent
980 1161 1101 1197 multo
1131 1160 1361 1197 nutrimento
1418 1158 1510 1195 mini
1538 1158 1731 1207 tripliciter
1757 1166 1883 1207 potest
1909 1158 2060 1207 exponi.
2089 1159 2177 1196 Uno
2198 1159 2331 1206 modo,
2353 1169 2487 1194 secun—

290 1223 446 1265 propter
473 1215 738 1252 necessitatem
774 1213 988 1262 augmenti,
1018 1213 1123 1262 quod
1158 1213 1201 1250 fit
1230 1213 1278 1250 de
1307 1225 1363 1249 re-
1418 1212 1511 1248 dum
1542 1212 1863 1259 Chrysostomum
1883 1211 1914 1258 ²¹²,
1943 1212 2009 1261 qui
2045 1212 2132 1248 dicit
2161 1211 2266 1260 quod
2300 1210 2486 1260 discipuli,

290 1269 402 1317 siduo
440 1268 619 1308 alimenti.
658 1268 707 1304 Et
735 1267 822 1304 ideo
862 1267 1033 1315 quandiu
1072 1274 1160 1303 sunt
1192 1266 1231 1303 in
1265 1273 1363 1303 statu
1419 1265 1483 1313 qui
1499 1265 1581 1313 filii
1611 1265 1748 1313 Sponsi
1782 1265 1974 1312 dicuntur,
2005 1265 2129 1302 adhuc
2164 1264 2382 1302 imbecillius
2415 1265 2487 1301 dis-

290 1326 452 1370 augffi‘
409 1329 496 1369 nt1
518 1322 624 1381 quod
644 1328 700 1358 est
719 1328 760 1357 ut
779 1320 817 1357 in
836 1319 1010 1370 pluribus
1031 1332 1153 1369 usque
1173 1319 1222 1356 ad
1242 1319 1362 1356 finem
1413 1318 1528 1366 positi
1545 1324 1664 1364 erant,
1685 1318 1789 1355 unde
1807 1318 2024 1355 vestimento
2040 1319 2156 1355 veteri
2170 1317 2485 1366 comparantur*:

289 1375 386 1413 tertii
414 1374 612 1424 septennii,
643 1387 722 1412 non
750 1381 928 1411 tenentur
955 1374 1005 1410 ad
1034 1372 1286 1410 ecclesiastica
1313 1372 1364 1409 ie·
1419 1379 1455 1408 et
1474 1371 1575 1418 ideo,
1597 1371 1635 1408 in
1654 1371 1868 1420 praesentia
1898 1372 2084 1421 corporali
2111 1371 2260 1418 Christi,
2281 1378 2386 1408 erant
2406 1383 2486 1407 ma-

289 1428 393 1466 iunia
414 1429 668 1466 observanda.
696 1426 944 1469 Conveniens
963 1434 1093 1464 tamen
1114 1433 1171 1463 est
1188 1433 1231 1463 ut
1250 1426 1362 1463 etiam
1417 1425 1472 1473 gis
1501 1424 1660 1462 fovendi
1678 1425 1717 1461 in
1738 1425 1907 1473 quadam
1936 1425 2137 1462 dulcedine
2167 1436 2283 1474 quam
2306 1424 2343 1460 in
2364 1432 2486 1461 auste-

1418 1478 1524 1515 ritate
1553 1477 1680 1514 ieiunii
1711 1478 1922 1515 exercendi.
1953 1479 2002 1515 Et
2021 1478 2233 1515 secundum
2260 1478 2346 1524 hoc,
2368 1478 2487 1525 magis

1419 1531 1598 1568 convenit
1626 1539 1667 1568 ut
1696 1544 1783 1568 curn
1813 1531 2042 1580 imperfectis
2063 1540 2099 1568 et
2118 1531 2270 1568 novitiis
2292 1531 2330 1567 in
2350 1536 2368 1557 η
2398 1530 2489 1567 ieiu-

1418 1585 1489 1622 niis
1519 1584 1759 1634 dispensetur
1787 1597 1904 1633 quam
1935 1597 2022 1622 cum
2054 1584 2329 1634 antiquioribus
2350 1591 2386 1620 et
2404 1597 2488 1633 per—

1417 1639 1540 1676 fectis:
1565 1646 1607 1675 ut
1626 1646 1729 1687 patet
1747 1638 1786 1675 in
1806 1638 1944 1675 Glossa
1958 1638 1989 1686 ⁹⁸,
2025 1651 2139 1687 super
2162 1634 2415 1675 illudPsalmi
2435 1637 2485 1684 *²³2

1417 1693 1520 1729 Sicut
1546 1692 1755 1729 ablactatus
1780 1703 1894 1740 super
1920 1697 2043 1728 matre
2068 1703 2150 1728 sua.

1470 1745 1557 1782 Alio
1591 1745 1711 1782 modo
1750 1752 1875 1793 potest
1912 1745 2006 1792 dici,
2046 1744 2261 1782 secundum
2300 1743 2488 1792 Hierony-

1418 1811 1525 1836 mum
1545 1798 1581 1846 *,
1612 1798 1717 1847 quod
1753 1798 1946 1835 Dominus
1980 1798 2032 1835 ibi
2064 1798 2231 1846 loquitur
2264 1797 2311 1834 de
2345 1797 2486 1834 ieiunio

1415 1860 1590 1889 veterum
1611 1851 1955 1888 observantiarum.
1985 1851 2098 1888 Unde
2117 1863 2187 1900 per
2206 1851 2281 1887 hoc
2303 1849 2488 1898 significat

1416 1905 1608 1943 Dominus
1647 1905 1752 1954 quod
1779 1904 1956 1954 Apostoli
1985 1917 2063 1941 non
2094 1911 2199 1941 erant
2226 1904 2265 1940 in
2293 1904 2487 1940 veteribus

1417 1958 1670 1996 observantiis
1712 1958 1924 2006 detinendi,
1963 1970 2062 2007 quos
2104 1957 2306 2006 oportebat
2347 1957 2486 2005 gratiae

1417 2012 1587 2050 novitate
1616 2011 1806 2060 perfundi.

2419 279 2488 325 159

291 363 463 400 vandum
489 362 527 399 in
546 361 694 398 ieiuniis
714 361 762 397 ab
783 360 954 397 Ecclesia
983 361 1170 408 institutis,
1192 361 1241 398 ad
1262 373 1361 409 quae
1388 362 1390 378 '

293 428 430 454 ornnes
460 414 717 452 communiter
747 413 974 461 obligantur,
1005 413 1076 450 nisi
1104 414 1142 451 in
1172 414 1224 451 eis
1252 414 1363 451 fuerit

289 1536 352 1573 vel
380 1535 520 1582 minus,
549 1535 763 1572 secundum
793 1533 956 1571 modurn
985 1545 1076 1571 suae
1106 1533 1249 1570 aetatis.

345 1588 591 1637 Quandoque
620 1595 769 1634 tamen,
800 1599 940 1635 magna
968 1587 1209 1624 tribulatione
1237 1586 1363 1623 immi-

290 1650 425 1690 nente,
459 1642 498 1679 in
536 1643 687 1690 signum
725 1640 981 1690 poenitentiae
1020 1640 1208 1687 arctioris,
1248 1639 1362 1677 etiam

289 1695 418 1745 pueris
437 1695 578 1732 ieiunia
598 1695 834 1732 indicuntur:
864 1694 961 1731 sicut
981 1694 1095 1731 etiam
1116 1694 1163 1731 de
1184 1693 1363 1731 iumentis

288 1749 423 1798 legitur
451 1750 567 1786 Ionae
598 1761 633 1786 111
653 1748 691 1785 *ε
719 1748 910 1785 Homines
937 1753 973 1784 et
992 1747 1158 1784 iumenta
1187 1759 1262 1784 non
1290 1759 1362 1797 gu—

287 1808 384 1840 stent
409 1802 628 1852 quidquam,
659 1813 727 1839 nec
754 1813 896 1850 aquam
926 1801 1064 1838 bibant.

341 1858 401 1894 AD
429 1867 591 1894 Tannum
615 1867 803 1893 morannum
831 1854 937 1904 quod
957 1853 1057 1891 circa
1085 1853 1306 1902 peregrinos
1327 1861 1362 1889 et

288 1909 486 1960 operarios
523 1908 834 1968 distinguendum
861 1907 1025 1944 videtur.
1064 1906 1167 1953 Quia
1195 1906 1226 1943 si
1252 1918 1360 1955 pere-

287 1962 448 2012 grinatio
471 1970 507 2000 et
526 1962 651 2012 operis
671 1962 781 1999 labor
801 1961 1010 1998 commode
1039 1959 1182 1997 differri
1202 1964 1215 1980 ‘
1242 1959 1362 2009 possit

289 2023 355 2054 aut
374 2016 549 2063 diminui,
570 2016 716 2065 absque
742 2014 970 2052 detrimento
1000 2013 1209 2063 corporalis
1234 2012 1361 2050 salutis

289 2077 327 2107 et
355 2069 550 2107 exterioris
585 2077 723 2116 status,
753 2068 818 2116 qui
848 2067 1050 2117 requiritur
1078 2067 1128 2104 ad
1157 2079 1362 2104 conserva-

287 2123 434 2160 tionem
464 2122 673 2172 corporalis
700 2122 763 2159 vel
792 2121 991 2170 spiritualis
1019 2120 1138 2167 vitae,
1167 2132 1246 2157 non
1275 2127 1363 2156 sunt

288 2184 445 2226 propter
481 2177 557 2214 hoc
593 2174 788 2213 Ecclesiae
830 2174 970 2211 ieiunia
1011 2173 1359 2233 praetermittenda.

290 2229 330 2267 Si
367 2237 498 2267 autem
540 2229 741 2266 immineat
781 2227 988 2265 necessitas
1027 2227 1153 2264 statim
1195 2225 1361 2275 peregri-

289 2283 406 2321 nandi
424 2290 462 2320 et
479 2295 638 2331 magnas
667 2281 810 2319 diaetas
839 2279 1019 2327 faciendi3
1049 2280 1112 2317 vel
1133 2279 1246 2316 etiam
1266 2279 1362 2316 mul—

288 2343 369 2383 tum
399 2335 610 2383 laborandi,
631 2336 693 2372 vel
712 2342 871 2384 propter
899 2333 1235 2371 conservationem
1260 2332 1362 2369 vitae

290 2389 518 2439 corporalis,
547 2389 611 2426 vel
643 2395 800 2438 propter
837 2386 980 2436 aliquid
1018 2386 1277 2424 necessarium
1314 2385 1363 2423 ad

287 2443 407 2481 vitam
428 2442 682 2492 spiritualem;
704 2449 741 2479 et
755 2441 869 2478 simul
886 2453 974 2478 curn
995 2441 1071 2477 hoc
1094 2452 1174 2477 non
1202 2447 1364 2489 possunt

289 2496 484 2534 Ecclesiae
512 2495 654 2533 ieiunia
682 2494 898 2532 observari:
929 2506 1008 2531 non
1034 2493 1223 2542 obligatur
1241 2493 1362 2530 homo

1418 2118 1550 2167 tinguit
1579 2118 1718 2167 duplex
1747 2118 1946 2155 ieiunium.
1978 2118 2155 2164 Quorum
2184 2129 2307 2154 unum
2327 2117 2489 2176 pertinet

1418 2172 1467 2209 ad
1481 2172 1728 2208 humilitatem
1748 2171 2008 2208 tribulationis.
2026 2171 2075 2207 Et
2093 2168 2191 2207 11οεΘ
2208 2182 2287 2207 non
2307 2169 2489 2218 competit

1418 2225 1508 2262 viris
1526 2225 1715 2274 perfectis,
1737 2224 1803 2272 qui
1824 2223 2000 2261 dicuntur
2015 2223 2097 2271 filii
2114 2223 2268 2271 Sponsi:
2296 2223 2401 2260 unde
2424 2222 2490 2259 ubi

1420 2279 1544 2315 Lucas
1581 2277 1689 2324 dicit,
1718 2277 1810 2315 Non
1841 2282 2001 2326 possunt
2026 2277 2104 2325 filii
2138 2277 2274 2325 Sponsi
2308 2276 2488 2322 ieiunare,

1417 2397 1522 2436 gere.
1534 2407 1558 2413 -
1573 2384 1688 2422 Aliud
1708 2391 1837 2421 autem
1858 2391 1914 2420 est
1933 2383 2039 2432 quod
2059 2383 2220 2433 pertinet
2238 2383 2288 2420 ad
2305 2382 2490 2433 gaudium

1419 2439 1551 2476 mentis
1581 2439 1618 2475 in
1647 2438 1858 2486 spiritualia
1885 2449 2098 2486 suspensae.
2129 2438 2178 2474 Et
2206 2437 2277 2474 tale
2307 2436 2489 2473 ieiunium

1419 2491 1600 2529 convenit
1627 2491 1814 2541 perfectis.

1473 2617 1500 2648 η)
1521 2616 1557 2641 in.
1569 2629 1589 2635 -
1606 2619 1633 2641 et
1650 2615 1766 2648 BFKpC,
1786 2615 1867 2640 etiam
1887 2615 1912 2645 1;
1931 2614 1957 2639 in
1978 2614 2083 2639 ieiuniis
2101 2622 2154 2638 om.
2175 2613 2229 2638 HL.

342 2657 364 2688 ε)
385 2656 500 2690 differri.
513 2669 531 2675 -
550 2655 672 2680 deserere
690 2654 830 2688 BEFpAK,
850 2654 939 2679 deseri
957 2653 1090 2687 LpCsAK.-
1473 2650 1498 2684 θ)
1518 2652 1603 2677 hoc.-
1621 2651 1670 2676 hoc
1688 2651 1768 2676 modo
1787 2651 1880 2682 PBGa,
1900 2650 1959 2675 ideo
1978 2650 2008 2674 L.

342 2620 367 2653 ὃ)
387 2628 451 2653 qua.
462 2633 480 2639 —
499 2627 551 2652 quo
570 2619 643 2646 PGa.

342 2691 368 2724 ζ)
381 2691 537 2725 frustatim.
549 2690 741 2724 —ftustratim
760 2689 1007 2715 ABCDEFHIKLa.
1389 2615 1395 2721 i

969 2771 1305 2805 Commentaria
1329 2770 1582 2804 cardinalis
1606 2769 1807 2802 Caietam

1417 2851 1556 2891 Papam,
1581 2850 1638 2891 qui
1662 2850 1750 2880 solus
1775 2856 1821 2880 est
1850 2859 1945 2890 super
1969 2849 2157 2880 universalia
2180 2849 2248 2879 iura
2272 2849 2415 2889 positiva.
2448 2849 2489 2880 Et

320 2865 340 2885 n
364 2854 497 2885 articulo
521 2859 636 2905 quarto
661 2853 804 2884 eiusdem
823 2852 1019 2894 quaestionis
1036 2852 1361 2893 centesimaequadra—

293 2867 317 2929 I
1418 2896 1478 2926 hoc
1502 2902 1549 2926 est
1572 2895 1662 2936 quod
1685 2901 1848 2925 attestatur
1871 2894 2071 2924 consuetudo
2095 2894 2208 2934 populi
2233 2892 2412 2924 Christiani.

320 2898 616 2940 gesimaeseptimae
646 2898 782 2928 dubium
812 2897 966 2934 occurrit,
990 2907 1048 2933 an,
1079 2897 1114 2927 in
1144 2907 1239 2927 causa
1265 2896 1362 2927 dubia

290 2944 371 2975 circa
402 2943 637 2974 observandum
667 2942 824 2973 ieiunium
851 2941 1031 2977 Ecclesiae,
1056 2941 1182 2981 possint
1212 2940 1363 2971 ordinarii
1471 2940 1546 2970 Alio
1570 2939 1681 2975 modo,
1706 2939 1738 2969 in
1763 2939 1824 2969 hoc
1848 2938 2027 2979 particulari
2051 2948 2135 2969 casu.
2162 2938 2202 2968 Et
2225 2938 2287 2968 hoc
2307 2944 2426 2977 spectat
2449 2938 2488 2966 ad

289 2988 480 3029 dispensare.
503 2988 546 3018 Et
569 2994 616 3018 est
638 2987 718 3018 ratio
735 2986 823 3017 dubii
847 2986 922 3027 quia
945 2986 1035 3027 quod
1059 2995 1125 3016 non
1150 2985 1283 3026 possint,
1308 2985 1362 3015 ha·
1417 2984 1596 3025 episcopos,
1622 2990 1652 3014 et
1676 2983 1770 3015 etiam
1787 2983 1826 3013 ad
1845 2983 2046 3024 presbyteros
2074 2989 2209 3018 curatos,
2226 2988 2257 3012 et
2272 2981 2488 3012 universaliter

290 3033 382 3064 betur
404 3043 441 3063 ex
456 3032 519 3063 hoc
542 3031 631 3072 quod
649 3031 799 3061 ordinarii
823 3040 889 3061 non
914 3030 1031 3061 habent
1054 3036 1245 3070 potestatem
1268 3039 1364 3069 super
1387 3010 1392 3188 1
1418 3029 1456 3059 ad
1480 3029 1648 3069 praelatos,
1673 3033 1817 3068 respectu
1842 3037 1976 3058 suorum
2000 3026 2216 3062 subditorum,
2240 3032 2370 3066 propter
2393 3025 2486 3055 ratio-

289 3077 359 3118 lege
382 3076 567 3107 universalis
582 3075 750 3112 Ecclesiae,
775 3075 878 3116 qualis
893 3081 940 3105 est
962 3075 1011 3105 lex
1034 3074 1155 3105 ieiunii.
1179 3093 1199 3098 -
1223 3074 1265 3105 Et
1287 3084 1363 3104 con·
1419 3083 1493 3104 nem
1512 3072 1755 3113 supradictam:
1789 3078 1954 3102 attestante
1988 3071 2050 3101 hoc
2079 3073 2234 3107 Auctore,
2264 3070 2296 3100 in
2321 3070 2363 3100 IV
2379 3069 2485 3107 Sem„

289 3120 433 3152 firmatur
456 3131 494 3151 ex
517 3120 749 3151 consuetudine
775 3119 890 3160 populi
913 3118 1085 3150 Christiani
1108 3118 1364 3159 recognoscentis
1419 3118 1489 3149 dist.
1505 3128 1554 3154 xv,
1581 3117 1703 3148 dicente
1727 3126 1880 3157 expresse,
1906 3126 1959 3156 qu.
1975 3125 2020 3151 m,
2045 3121 2100 3145 art.
2120 3125 2147 3151 2,
2173 3115 2212 3144 ad
2236 3114 2308 3150 ult„
2334 3114 2373 3144 de
2397 3114 2485 3144 labo-

1418 3162 1579 3198 rantibus,
1604 3161 1693 3202 quod
1711 3166 1868 3201 possunt,
1892 3159 2067 3191 secundum
2091 3159 2356 3199 dispensationem
2380 3167 2486 3188 sacer-

1418 3207 1501 3237 dotis
1523 3207 1594 3244 sui,
1620 3206 1775 3236 ieiunium
1798 3205 1943 3241 solvere;
1974 3211 2004 3234 et
2027 3203 2059 3233 in
2083 3203 2145 3233 hoc
2169 3203 2252 3239 loco,
2277 3202 2316 3232 ad
2340 3202 2484 3233 tertium:

1419 3252 1482 3282 nisi
1495 3251 1590 3291 forte
1614 3251 1668 3280 ubi
1690 3255 1737 3280 est
1761 3250 1804 3279 ita
1828 3253 2032 3285 consuetum,
2057 3248 2132 3287 quia
2161 3257 2203 3277 ex
2225 3247 2284 3277 hoc
2307 3247 2374 3286 ipso
2402 3247 2487 3287 quod

1413 3295 1558 3336 praelati
1579 3294 1801 3330 dissimulant,
1826 3292 1975 3323 videntur
1997 3298 2162 3328 annuere,·
2184 3301 2221 3321 ex
2244 3291 2360 3332 quibus
2383 3291 2486 3321 verbis

1418 3346 1504 3380 patet
1526 3339 1616 3379 quod
1639 3348 1705 3368 non
1730 3337 1768 3367 de
1788 3337 1859 3366 solo
1874 3337 1959 3386 Papa
1983 3335 2134 3376 loquitur,
2152 3335 2315 3385 quoniam
2338 3335 2484 3366 locorum

1419 3383 1664 3414 consuetudines
1677 3391 1743 3411 non
1757 3380 1969 3421 praesumitur
1980 3380 2102 3419 Papam
2118 3379 2195 3410 scire
2206 3378 2233 3415 *‚
2251 3379 2332 3410 sicut
2350 3389 2408 3410 nec
2423 3386 2484 3410 sta-

1418 3435 1485 3459 tuta
1508 3425 1722 3466 municipalia.
1751 3425 1858 3455 Minus
1883 3434 1957 3464 ergo
1982 3424 2110 3464 sapiunt
2132 3423 2262 3463 praelati
2285 3423 2351 3464 qui,
2374 3430 2485 3464 peten-

1418 3472 1501 3503 tibus
1531 3470 1663 3501 subditis
1686 3470 1719 3499 in
1750 3479 1844 3499 causa
1868 3469 1964 3499 dubia
1993 3467 2264 3508 dispensationem
2297 3468 2429 3498 cenandi
2453 3468 2484 3498 in

1417 3515 1542 3547 ieiuniis
1565 3514 1733 3550 Ecclesiae,
1749 3520 1804 3544 aut
1819 3513 1906 3543 aliter
1922 3513 2078 3543 ieiunium
2094 3512 2237 3542 solvendi
2253 3512 2485 3552 praeveniendo

1418 3561 1531 3591 horam
1559 3558 1686 3594 ieiunii,
1711 3557 1876 3588 remittunt
1906 3567 1961 3587 eos
1990 3557 2023 3587 in
2048 3556 2239 3587 conscientia
2263 3566 2328 3587 sua.
2362 3557 2486 3586 Debent

1419 3605 1504 3636 enim
1528 3603 1666 3643 compati
1690 3601 1832 3638 infirmis,
1858 3608 1888 3633 et
1911 3608 2123 3637 commutare,
2148 3601 2186 3631 ad
2211 3600 2383 3636 cautelam,
2408 3600 2484 3629 ieiu-

291 3165 395 3196 solam
416 3164 637 3205 Apostolicam
661 3165 770 3195 sedem
793 3174 889 3204 super
911 3163 971 3194 hac
992 3164 1072 3203 lege.

347 3209 545 3250 Oppositum
573 3210 681 3240 autem
709 3215 856 3250 apparet,
881 3208 957 3249 quia
985 3208 1164 3239 secundum
1191 3207 1254 3238 hoc
1283 3214 1365 3238 esset

293 3253 400 3284 minus
431 3254 512 3285 bene
541 3254 708 3294 provisum
737 3253 861 3294 populo
893 3252 1085 3284 Christiano.
1119 3252 1285 3289 Quoniam
1313 3252 1364 3282 isti

293 3307 383 3328 casus
413 3297 502 3328 dubii
529 3297 710 3338 frequenter
739 3297 902 3333 accidunt,
940 3305 970 3328 et
1005 3296 1176 3327 auctoritas
1205 3296 1364 3337 provisiva

293 3341 416 3372 casibus
446 3341 514 3372 istis
542 3349 624 3372 esset
649 3341 870 3373 inaccessibilis
893 3348 1038 3382 ternpore
1062 3350 1171 3372 casus:
1207 3341 1364 3382 quoniam

293 3387 379 3426 Papa
401 3385 435 3415 in
457 3387 525 3416 uno
544 3388 673 3416 'tantum
696 3393 743 3417 est
765 3386 849 3422 loco,
875 3392 906 3416 et
920 3385 1119 3426 impossibile
1134 3392 1215 3416 esset
1239 3395 1276 3416 ex
1294 3392 1363 3416 toto

294 3437 447 3461 terrarum
477 3429 553 3460 orbe
585 3429 618 3459 in
647 3436 714 3460 tam
741 3429 960 3471 frequentibus
988 3430 1112 3461 casibus
1137 3440 1300 3460 recursum
1325 3430 1364 3459 ad

293 3475 402 3515 ipsum
425 3473 549 3507 habere.
576 3474 578 3476 ’

351 3519 388 3549 11.
413 3518 465 3548 Ad
487 3517 549 3548 hoc
573 3517 687 3547 dicitur
709 3517 799 3558 quod
822 3518 1002 3558 dispensare
1019 3518 1052 3548 in
1067 3518 1188 3548 ieiunio
1209 3517 1364 3557 contingit

294 3562 472 3603 dupliciter.
495 3562 570 3592 Uno
594 3561 704 3597 modo,
729 3561 875 3592 absolute
891 3562 1035 3592 tollendo
1058 3563 1108 3592 vel
1131 3562 1362 3592 commutando

294 3607 459 3638 vinculum
482 3605 559 3646 legis
583 3605 692 3646 quoad
715 3605 795 3636 hanc
818 3615 998 3645 personam.
1027 3606 1068 3637 Et
1095 3606 1158 3637 hoc
1180 3612 1300 3646 spectat
1324 3606 1363 3636 ad

1470 2065 1603 2103 Tertio
1619 2065 1753 2112 modo,
1775 2064 1988 2102 secundum
2004 2064 2262 2112 Augustinum
2278 2064 2310 2110 *,
2331 2063 2395 2111 qui
2415 2063 2488 2100 dis-
2517 2075 2526 2082 ’

1420 2332 1636 2369 Matthaeus
1667 2331 1756 2368 dicit
1782 2330 1820 2378 ²⁸,
1849 2331 1941 2368 Non
1969 2337 2130 2379 possunt
2150 2330 2232 2378 filii
2264 2330 2401 2379 Sponsi
2436 2330 2490 2366 lu·
2519 2342 2528 2350 ⁸

2517 1119 2526 1127 ⁹
2541 1117 2597 1144 Arg.
2608 1116 2658 1138 Sed
2673 1123 2730 1138 con—

2517 1145 2562 1164 tra.

2516 1217 2728 1240 *Homi1.xxx.a1.

2515 1243 2599 1271 XXXI,
2611 1244 2634 1265 in
2644 1244 2728 1267 Matth.

2516 1323 2620 1346 'Matm
2632 1330 2658 1345 ca
2695 1330 2729 1350 ιχ,

2515 1356 2574 1371 v.ers
2596 1350 2632 1375 16-
2683 1356 2728 1372 arc

2516 1382 2566 1404 cap.
2583 1383 2608 1404 11,
2619 1383 2678 1398 vers.
2694 1383 2728 1403 εις

2515 1403 2533 1424 Ι
2535 1409 2570 1425 uc.
2578 1393 2645 1431 ca⁷.xp
2670 1410 2728 1426 v.ers

2514 1430 2550 1458 36.

2615 1542 2630 1565 71

2517 1644 2526 1652 '
2541 1643 2596 1664 Ord.

2517 1672 2536 1679 ⁸·
2545 1670 2582 1691 Ps.
2591 1676 2659 1693 cxxx.
2670 1676 2727 1691 vers.

2516 1702 2534 1717 2.

2517 1807 2526 1814 ⁶
2536 1805 2590 1826 Bed.
2603 1804 2727 1826 Comment.

2516 1832 2539 1852 in
2561 1831 2613 1853 Luc.
2637 1831 2676 1852 lib.
2699 1832 2728 1858 ΙΙ,

2516 1864 2566 1885 cap.
2581 1864 2602 1879 v.

2549 2072 2585 2093 De
2609 2072 2729 2093 Consensu

2516 2098 2663 2126 Evangelist.
2690 2099 2728 2119 lib.

2516 2125 2545 2149 11
2561 2131 2587 2146 ca
2631 2131 2703 2146 1111111.

2517 2151 2552 2173 Cf.
2599 2154 2673 2172 uaest.
2699 2151 2730 2172 E-

2517 2184 2588 2206 vang.
2601 2178 2639 2199 lib.
2652 2178 2679 2200 11.
2689 2184 2727 2205 qu.

2517 2211 2583 2226 xvur.

2616 2231 2629 2255 Θ

2519 2341 2599 2395 ¹5Cap.
2620 2347 2651 2365 111,
2671 2347 2729 2363 vers.

2514 3388 2595 3415 Cap
2611 3388 2680 3418 Licet
2697 3388 2725 3408 de

2515 3414 2534 3436 C
2534 3415 2625 3437 onsm
2642 3414 2664 3435 in
2683 3414 2723 3435 Se-

2513 3445 2560 3462 xto.
