2768 4198
57 1621 256 1675 kgzrwffim,
291 1617 399 1657 primo
414 1615 445 1651 *,
470 1614 545 1655 quia
574 1614 799 1645 obscuritatem
830 1614 911 1654 parit
940 1613 1101 1644 diversitas
1130 1613 1299 1643 dictorum.
1331 1613 1366 1642 In

59 2064 67 2093 ζ
82 2063 116 2094 Cf.
133 2068 196 2085 num.
212 2069 248 2090 ru,

59 2094 107 2111 ruit.

303 296 378 343 296

302 428 558 476 sumptionem
588 427 679 475 spei,
701 426 804 474 quod
833 424 992 472 pertinet
1015 422 1062 458 ad
1092 420 1362 465 humilitatem,

302 489 338 517 et
365 481 402 518 in
430 481 621 518 firmando
660 480 829 516 animum
865 483 994 512 contra
1033 473 1362 521 desperationem,
1389 492 1391 523 3

302 535 406 583 quod
426 534 585 583 pertinet
604 534 650 569 ad
672 529 1033 578 magnanimitatem,
1057 534 1112 563 est
1140 526 1212 563 alia
1238 534 1274 562 et
1293 525 1363 562 alia
1389 573 1390 576 Ἰ

302 587 394 623 ratio
416 593 445 624 η.
478 588 578 623 Nam
608 585 702 622 ratio
731 581 909 620 firmandi
938 581 1109 617 animum
1138 587 1270 616 contra
1299 579 1362 615 de-

300 640 552 688 sperationem
574 647 629 674 est
657 636 809 685 adeptio
830 634 973 684 proprii
1002 633 1110 669 boni:
1140 645 1187 669 ne
1212 632 1362 678 scilicet,
1389 632 1391 669 ζ

301 693 552 741 desperando,
567 692 686 727 homo
703 702 741 726 se
763 688 959 736 indignum
981 687 1113 724 reddat
1133 687 1236 723 bono
1258 686 1363 734 quod

299 746 369 782 sibi
390 745 641 793 competebat.
664 742 740 780 Sed
761 742 798 778 in
819 740 1062 790 reprimendo
1085 739 1363 788 praesumptio·
1390 770 1391 793 ἲ

298 811 387 835 nem
416 799 507 847 spei,
530 797 622 834 ratio
651 795 856 845 praecipua
885 793 1047 832 sumitur
1075 806 1120 830 ex
1153 792 1363 830 reverentia
1390 824 1391 841 ἶ

299 852 437 896 divina,
459 863 504 887 ex
532 863 608 898 qua
637 849 818 897 contingit
845 856 885 885 ut
913 849 1034 884 homo
1073 859 1150 884 non
1179 847 1264 895 plus
1292 846 1363 883 sibi
1390 845 1391 881 ἓ

298 904 472 940 attribuat
500 916 617 952 quam
647 903 717 939 sibi
738 910 931 951 competat
959 901 1172 938 secundum
1202 900 1362 948 gradum
1390 886 1391 937 l

297 969 410 1006 quem
447 965 501 993 est
529 970 551 993 a
579 958 664 993 Deo
695 956 858 993 sortitus.
898 955 1008 993 Unde
1038 953 1228 991 humilitas
1254 965 1364 1002 prae·
1390 943 1392 990 l

297 1010 406 1058 cipue
426 1010 577 1047 videtur
601 1011 805 1059 importare
827 1009 1104 1046 subiectionem
1128 1007 1294 1044 hominis
1315 1007 1363 1044 ad
1390 998 1392 1043 ἶ

297 1065 436 1100 Deum.
467 1065 516 1100 Et
551 1072 707 1112 propter
734 1065 809 1100 hoc
843 1062 1097 1110 Augustinus,
1128 1061 1164 1097 in
1195 1061 1290 1097 libro
1320 1061 1365 1098 de
1391 1095 1392 1112 ἢ

61 1129 70 1138 ·
84 1127 133 1148 Lib·
148 1126 166 1153 1,
179 1132 228 1154 cap·
239 1132 268 1147 ιν-
297 1118 416 1154 Serm.
438 1118 551 1154 Dom.
573 1118 610 1154 in
630 1118 766 1154 Monte
782 1116 813 1163 ²¹⁸,
835 1116 1100 1162 humilitatem,
1122 1127 1239 1162 quam
1261 1114 1365 1151 intel·
1391 1114 1392 1146 l

348 1242 375 1274 η)
391 1244 543 1273 praestare.
570 1241 625 1266 Sed
649 1241 703 1266 in...
723 1244 763 1266 est
782 1241 838 1266 alia
855 1244 880 1266 et
899 1241 955 1265 alia
980 1240 1059 1266 ratio.
1072 1254 1090 1259 —
1106 1241 1249 1273 praeferre
1267 1243 1293 1264 et
1312 1239 1367 1265 in...
1393 1239 1395 1271 l

297 1277 347 1302 Est
365 1280 392 1302 et
410 1277 465 1301 alia
485 1277 556 1301 ratio
577 1277 605 1302 P.

981 289 1248 337 QUAESTIO
1279 288 1416 334 CLXI,
1445 288 1745 325 ARTICULUS
1776 289 1806 324 11

301 375 425 411 riculis
454 374 585 411 mortis
613 382 814 422 praestare.
846 371 921 408 Sed
946 371 984 406 in
1003 367 1227 405 refrenando
1256 378 1364 414 prae·
1390 365 1392 374 ’

1419 365 1496 414 ligit
1522 379 1591 415 per
1620 375 1883 416 paupertatem
1919 368 2087 416 spiritus,
2117 368 2284 405 attribuit
2312 369 2416 405 dono
2445 368 2488 404 ti-

1420 420 1550 465 moris,
1580 432 1657 468 quo
1687 421 1806 457 homo
1836 422 1964 458 Deum
1996 429 2198 459 reveretur.
2239 422 2287 458 Et
2316 421 2403 458 inde
2433 429 2488 458 est

1419 474 1522 520 quod
1544 473 1723 510 fortitudo
1745 474 1849 510 aliter
1868 486 1907 511 se
1935 475 2050 512 habet
2070 475 2118 511 ad
2141 474 2340 512 audaciam
2370 486 2487 524 quam

1418 525 1611 562 humilitas
1644 526 1693 563 ad
1730 539 1850 575 spem.
1894 528 1998 564 Nam
2035 528 2214 565 fortitudo
2252 528 2336 576 plus
2374 527 2488 564 utitur

1419 579 1579 615 audacia
1607 591 1724 627 quam
1753 592 1838 616 eam
1878 581 2076 629 reprimat:
2111 582 2213 619 unde
2251 581 2488 630 superabun-

1420 633 1546 669 dantia
1576 640 1631 668 est
1661 632 1694 668 ei
1723 631 1881 669 similior
1909 645 2025 681 quam
2062 635 2242 671 defectus.
2283 635 2488 671 Humilitas

1419 693 1547 722 autem
1576 686 1660 734 plus
1689 685 1858 734 reprimit
1882 698 1991 736 spem
2018 689 2081 723 vel
2110 688 2292 726 fiduciam
2312 686 2325 709 θ
2355 688 2402 725 de
2432 699 2488 723 se-

1418 739 1502 788 ipso
1524 751 1639 787 quam
1662 751 1705 775 ea
1734 746 1879 775 utatur:
1910 739 2011 777 unde
2041 741 2162 789 magis
2190 741 2398 791 opponitur
2418 740 2487 777 sibi

1419 791 1770 841 superabundantia
1798 804 1916 841 quam
1946 793 2114 830 defectus
2133 800 2152 831 ².

1472 849 1531 883 AD
1568 857 1742 888 QUARTUM
1779 857 1965 883 niet-:unum
1997 847 2103 894 quod
2137 848 2488 896 superabundantia

1418 899 1456 935 in
1486 899 1734 936 exterioribus
1754 899 1969 947 sumptibus
1998 907 2034 936 et
2052 901 2404 950 praeparationibus
2429 914 2489 937 so—

1419 954 1468 989 let
1487 953 1536 990 ad
1566 952 1762 1002 quandam
1783 951 1999 989 iactantiam
2029 952 2124 1000 fieri,
2145 966 2242 1004 quae
2270 967 2339 1004 per
2366 955 2489 992 humi-

1418 1006 1560 1043 litatem
1586 1006 1813 1055 reprimitur.
1845 1005 1894 1042 Et
1913 1013 2099 1054 quantum
2120 1008 2168 1045 ad
2195 1007 2283 1055 hoc,
2304 1009 2488 1046 secunda-

1420 1060 1475 1097 rio
1506 1060 1672 1097 consistit
1701 1059 1738 1096 in
1769 1058 2027 1106 exterioribus,
2049 1068 2163 1108 prout
2187 1068 2274 1098 sunt
2301 1061 2406 1109 signa
2435 1061 2489 1099 in-

1419 1114 1566 1150 terioris
1595 1112 1790 1162 appetitivi
1819 1120 1958 1149 motus.

1476 1237 1500 1271 θ)
1520 1239 1562 1264 vel
1573 1239 1714 1272 fiduciam.
1728 1253 1745 1257 —
1765 1239 1826 1264 Om.
1847 1239 1894 1264 Pa.
1906 1252 1924 1257 —
1944 1238 1995 1264 Pro
2013 1239 2108 1271 seipso,
2127 1239 2215 1272 seipsa
2234 1241 2287 1266 PH.

1477 1275 1495 1307 ι)
1515 1275 1765 1307 superabundantia
1783 1282 1862 1307 quam
1883 1274 2010 1308 desectus.
2021 1288 2041 1295 -
2059 1275 2120 1301 Om.
2141 1275 2170 1301 Ρ.

980 1354 1313 1386 Commeat-,aria
1338 1353 1589 1385 Cardinalis
1613 1352 1812 1385 Caietam

300 1449 347 1511 IN
371 1437 503 1468 articulo
528 1437 669 1467 secundo
687 1436 830 1466 eiusdem
845 1435 1052 1477 quaestionis,
1070 1435 1206 1465 dubium
1229 1434 1366 1465 occurrit
1392 1443 1394 1466 !
1421 1434 1453 1464 in
1471 1434 1610 1470 materia,
1628 1444 1686 1474 pro
1703 1441 1825 1475 quanto
1841 1442 1974 1476 uterque
1991 1435 2092 1466 tendit
2107 1435 2140 1466 in
2159 1446 2285 1476 magna,
2301 1443 2333 1468 et
2350 1436 2493 1478 reprimit

328 1483 408 1513 circa
438 1481 630 1522 principium
662 1480 805 1521 corporis
835 1480 972 1516 articuli,
998 1480 1131 1510 scilicet:
1162 1480 1214 1510 Ad
1241 1479 1366 1510 humili-

296 1533 393 1558 tatem
421 1527 555 1567 proprie
572 1526 714 1566 pertinet
746 1531 781 1556 ut
810 1526 928 1565 aliquis
954 1525 1110 1564 reprimat
1137 1525 1294 1564 seipsum,
1327 1533 1367 1554 ne

287 1571 426 1613 feratur
449 1572 480 1601 in
506 1580 543 1601 ea
567 1580 650 1611 quae
667 1575 742 1600 sunt
764 1579 864 1610 supra
883 1579 927 1600 se.
952 1570 993 1600 Et
1007 1577 1053 1600 est
1076 1568 1155 1599 ratio
1180 1568 1279 1606 dubii,
1297 1575 1367 1599 tum

295 1705 384 1736 finita
407 1711 462 1740 est,
480 1703 614 1734 dicendo
639 1703 727 1744 quod
748 1704 787 1733 ad
803 1702 1015 1734 humilitatem
1040 1702 1174 1742 pertinet
1197 1701 1368 1742 refrenare

296 1751 440 1781 animum
465 1758 506 1779 ne
528 1748 736 1779 immoderate
759 1748 869 1778 tendat
892 1748 924 1777 in
949 1747 1087 1778 excelsa.
1113 1746 1174 1777 Hic
1197 1753 1305 1776 autem
1329 1756 1366 1776 ex

295 1802 382 1835 parte
406 1792 522 1824 obiecti
553 1792 667 1823 dicitur
689 1793 778 1832 quod
802 1793 841 1822 ad
868 1791 1081 1822 humilitatem
1111 1791 1246 1831 pertinet
1274 1789 1367 1821 refre-

295 1849 368 1869 nare
392 1837 558 1868 hominem
581 1847 621 1867 ne
643 1836 753 1867 tendat
775 1837 819 1867 ad
842 1846 879 1866 ea
902 1846 985 1876 quae
1006 1841 1083 1866 sunt
1109 1845 1210 1876 supra
1232 1844 1276 1865 se.
1311 1834 1367 1865 Est

295 1890 403 1913 autem
428 1882 489 1912 hoc
513 1880 712 1912 obscuritatis
736 1890 843 1911 causa:
869 1880 944 1921 quia
968 1890 1005 1910 ex
1029 1887 1116 1920 parte
1140 1878 1239 1915 modi,
1265 1878 1366 1909 mani-

294 1927 372 1958 festa
389 1933 435 1957 est
451 1925 610 1956 distinctio
628 1925 814 1956 humilitatis
831 1935 849 1955 a
866 1924 1139 1964 magnanimitate;
1156 1924 1210 1954 sed
1227 1933 1264 1954 ex
1280 1930 1367 1963 parte

295 1971 421 2007 obiecti,
438 1980 514 2006 non,
535 1980 572 2000 ex
594 1980 661 2010 quo
678 1977 810 2010 utraque
834 1969 936 1999 frenat
960 1969 1125 2000 hominem
1145 1979 1184 1999 ne
1208 1968 1316 1999 tendat
1334 1968 1367 1998 in

295 2026 330 2047 ea
355 2025 436 2057 quae
461 2022 535 2045 sunt
558 2024 655 2055 supra
678 2024 720 2044 se.

352 2061 389 2091 11.
414 2060 502 2090 Turn
525 2059 665 2090 secundo
681 2058 707 2095 *‚
732 2058 808 2099 quia
825 2066 879 2089 aut
902 2058 953 2089 hic
969 2065 1016 2089 est
1039 2068 1143 2088 sermo
1161 2058 1200 2088 de
1219 2057 1268 2087 his
1284 2068 1367 2099 quae
1392 2053 1394 2092 ξ

295 2112 370 2136 sunt
392 2114 487 2145 supra
511 2103 677 2134 hominem
710 2103 888 2134 secundum
917 2103 1058 2143 regulam
1082 2102 1366 2143 magnanimitatis;
1392 2107 1394 2114 '

295 2156 350 2180 aut
373 2149 411 2179 de
435 2149 484 2179 his
507 2158 590 2189 quae
613 2154 688 2178 sunt
711 2157 807 2188 supra
830 2147 997 2178 hominem
1020 2147 1199 2178 secundum
1223 2147 1365 2187 regulam
1392 2159 1394 2162 ·

295 2193 502 2228 humilitatis;
527 2199 581 2223 aut
604 2193 643 2223 de
666 2192 714 2222 his
738 2202 819 2232 quae
844 2199 919 2223 sunt
942 2202 1037 2232 supra
1059 2191 1226 2222 hominem
1243 2191 1366 2232 simpli-

297 2238 371 2268 citer
395 2245 425 2268 et
448 2237 603 2267 absolute.
626 2237 701 2266 Non
725 2243 830 2276 potest
854 2236 915 2267 dici
939 2236 1095 2276 primum:
1120 2236 1196 2276 quia
1219 2236 1306 2272 talia,
1331 2242 1367 2266 ut

296 2282 350 2318 sic,
375 2281 643 2321 magnanimitatis
666 2287 742 2311 sunt
764 2280 902 2320 propria.

352 2326 418 2357 Nec
442 2325 637 2356 secundum:
671 2325 746 2366 quia
770 2334 943 2355 commune
967 2332 1014 2355 est
1037 2324 1187 2355 omnibus
1211 2324 1366 2364 appetibi-

297 2371 390 2407 libus,
415 2369 480 2400 sive
504 2369 655 2400 excedant
677 2369 742 2399 sive
765 2379 841 2405 non,
862 2369 961 2409 quod,
979 2370 1156 2399 secundum
1180 2368 1367 2399 humilitatis

298 2415 456 2455 regulam,
481 2420 670 2454 appetantur
694 2420 730 2444 ut
753 2423 849 2454 supra
873 2413 1056 2444 hominem:
1088 2413 1163 2454 quia
1187 2413 1226 2442 ad
1258 2413 1367 2443 omnia

298 2458 427 2489 humilis
451 2468 483 2488 se
507 2458 601 2489 habet
624 2465 660 2489 ut
683 2457 842 2498 indignus.
874 2458 967 2489 Unde
990 2467 1047 2498 per
1069 2457 1132 2488 hoc
1155 2457 1276 2488 dictum
1301 2468 1367 2488 non

298 2503 464 2534 haberetur
487 2502 656 2543 appetibile
681 2502 961 2543 proportionatum
984 2502 1108 2539 humili,
1131 2509 1161 2533 et
1185 2512 1368 2543 superexce-

298 2548 375 2578 dens
401 2547 520 2588 ipsum.

352 2592 418 2622 Nec
442 2591 590 2622 tertium:
619 2590 695 2632 quia
718 2598 861 2631 respectu
892 2590 1113 2631 appetibilium
1138 2601 1219 2631 quae
1247 2591 1367 2631 simpli-

298 2636 373 2667 citer
405 2643 479 2667 sunt
502 2645 598 2676 supra
621 2635 805 2669 hominem,
832 2635 946 2666 sufficit
972 2635 1228 2675 magnanimitas;
1263 2643 1294 2666 et
1324 2636 1367 2666 sic

296 2679 458 2711 humilitas
491 2679 706 2720 superflueret.
731 2696 752 2702 —
775 2680 840 2710 Nec
870 2686 975 2720 potest
1005 2679 1117 2710 salvari
1146 2680 1207 2710 hoc
1231 2680 1366 2711 dicendo

296 2725 385 2766 quod
408 2724 570 2755 humilitas
594 2734 659 2754 non
685 2723 863 2763 superfluit,
889 2724 964 2765 quia
987 2734 1070 2765 opus
1095 2731 1141 2755 est
1166 2734 1229 2755 una
1253 2725 1367 2756 virtute

296 2779 377 2810 quae
406 2769 519 2800 habeat
551 2779 609 2809 pro
638 2768 803 2809 principali
834 2775 905 2799 actu
937 2768 1168 2809 repressionem
1199 2769 1297 2799 animi
1327 2779 1367 2800 ne

296 2814 404 2844 tendat
418 2813 451 2843 in
468 2823 505 2843 ea
523 2823 605 2854 quae
622 2820 697 2844 sunt
719 2823 815 2853 supra
832 2822 880 2849 se;
905 2813 982 2844 haec
1004 2820 1112 2844 autem
1130 2820 1177 2844 est
1191 2813 1366 2850 humilitas,
1393 2838 1394 2859 ζ

297 2868 362 2888 non
387 2857 639 2898 magnanimitas.
673 2858 745 2888 Hoc
775 2857 860 2888 enim
885 2857 1001 2888 falsum
1022 2865 1078 2888 est.
1111 2858 1275 2896 Quoniam
1306 2858 1366 2889 nisi
1392 2862 1394 2872 ⁴

296 2902 448 2933 habeatur
471 2901 531 2932 alia
547 2902 688 2932 formalis
703 2902 782 2933 ratio
798 2902 933 2938 virtutis,
951 2902 1118 2933 necessitas
1142 2902 1201 2933 ista
1217 2913 1283 2934 non
1300 2902 1367 2934 suf·
1393 2909 1394 2919 ¹

296 2946 360 2978 ficit
383 2947 423 2976 ad
438 2946 693 2987 multiplicandas
708 2946 848 2977 virtutes.
874 2946 1038 2988 Alioquin,
1063 2954 1224 2987 oporteret
1247 2957 1367 2987 ponere
1393 2963 1394 2970 κ

297 2991 328 3021 in
353 2991 483 3022 materia
506 2990 701 3021 fortitudinis
725 2990 803 3021 duas
820 2990 968 3022 virtutes:
994 2991 1111 3022 scilicet
1135 2991 1365 3028 fortitudinem,

298 3035 388 3066 cuius
403 3035 584 3075 principalis
600 3042 688 3065 actus
704 3042 751 3065 est
766 3034 891 3066 firmare
908 3042 1016 3066 contra
1032 3035 1198 3072 timorem;
1223 3042 1254 3067 et
1270 3046 1368 3067 unam

299 3080 403 3116 aliam,
421 3079 510 3110 cuius
527 3079 708 3120 principalis
724 3087 812 3111 actus
828 3087 910 3111 esset
925 3079 1047 3111 frenare
1063 3080 1239 3117 audaciam,
1256 3091 1369 3122 quam-

298 3124 344 3154 vis
369 3124 524 3155 fortitudo
558 3123 744 3155 secundario
768 3130 839 3155 actu
868 3123 968 3155 frenet
990 3124 1090 3156 illam.
1123 3124 1173 3156 Sic
1199 3125 1313 3157 dicitur
1335 3125 1369 3156 in

300 3168 466 3209 proposito
497 3168 603 3209 quod,
627 3169 773 3209 quamvis
806 3169 1049 3209 magnanimitas
1079 3170 1266 3200 secundario
1296 3177 1367 3201 actu

300 3212 399 3243 frenet
422 3213 566 3243 animum
583 3222 622 3243 ne
646 3213 753 3244 tendat
768 3212 800 3243 in
818 3223 854 3243 ea
870 3223 952 3254 quae
976 3221 1050 3244 sunt
1067 3224 1161 3255 supra
1181 3224 1224 3251 se,
1242 3221 1369 3255 oportet

300 3263 405 3287 tamen
429 3267 547 3297 ponere
570 3257 794 3294 humilitatem,
811 3265 846 3288 ut
869 3257 908 3288 sit
923 3258 1021 3289 virtus
1044 3265 1115 3289 actu
1139 3258 1305 3299 principali
1321 3269 1368 3290 re-

302 3300 426 3330 frenans
457 3301 622 3332 hominem
652 3311 691 3332 ne
721 3302 830 3333 tendat
859 3302 890 3332 in
922 3312 957 3332 ea
988 3313 1070 3343 quae
1101 3310 1176 3334 sunt
1207 3313 1302 3344 supra
1325 3313 1367 3334 se.

303 3345 470 3381 Quocirca,
494 3346 565 3376 licet
587 3356 700 3376 verum
722 3346 762 3377 sit
785 3346 874 3387 quod
898 3347 1141 3386 magnanimitas
1157 3354 1187 3378 et
1207 3347 1370 3379 humilitas
1394 3373 1395 3376 ,

303 3388 382 3419 inter
406 3399 438 3419 se
462 3389 504 3420 sic
529 3389 670 3421 differant
693 3391 781 3431 quod
812 3391 993 3431 principalis
1016 3399 1104 3422 actus
1131 3391 1217 3423 illius
1241 3399 1286 3423 est
1310 3392 1369 3422 im-

304 3432 434 3472 pellere,
458 3433 547 3463 istius
571 3441 616 3464 est
640 3435 821 3474 reprimere;
851 3435 875 3465 si
900 3443 1006 3466 tamen
1031 3436 1160 3467 materia
1189 3443 1235 3467 est
1258 3437 1369 3467 eadem
1395 3434 1396 3440 ¹

305 3477 479 3517 utriusque,
497 3477 623 3508 aliunde
641 3486 767 3518 oportet
791 3479 1008 3510 necessitatem
1032 3479 1218 3511 humilitatis
1239 3490 1368 3522 ponere.

362 3520 412 3550 111.
438 3521 488 3550 Ad
511 3521 603 3557 haec,
628 3522 736 3553 ordine
769 3531 990 3564 praepostero,
1016 3524 1129 3555 dicitur
1151 3525 1240 3566 quod
1265 3534 1369 3556 sermo

304 3564 424 3595 litterae
449 3571 495 3595 est
518 3565 555 3595 de
579 3565 627 3595 his
651 3576 731 3606 quae
755 3574 828 3598 sunt
852 3578 947 3608 supra
970 3578 1002 3599 se
1019 3568 1203 3609 simpliciter
1226 3576 1256 3600 et
1278 3569 1369 3600 abso·
1396 3607 1397 3611 Ἰ

305 3609 380 3639 lute.
398 3608 438 3639 Et
451 3609 633 3640 conceditur
648 3610 736 3650 quod
753 3610 881 3642 humilis
898 3619 927 3642 et
943 3613 1164 3652 magnanimus
1177 3613 1371 3644 conveniunt
1395 3614 1398 3643 1

1421 1489 1454 1509 se
1478 1479 1516 1509 ab
1541 1478 1589 1509 his
1613 1489 1695 1519 quae
1719 1486 1793 1510 sunt
1816 1479 2000 1519 simpliciter
2024 1487 2054 1510 et
2076 1480 2221 1511 absolute
2248 1491 2344 1521 supra
2366 1490 2416 1513 ae:
2446 1491 2493 1513 re-

1393 1529 1395 1570 ξ
1421 1523 1530 1563 primit
1553 1523 1638 1554 enim
1662 1523 1866 1564 incipientem
1888 1524 1922 1554 in
1944 1524 1995 1555 via
2018 1524 2077 1555 Dei
2096 1535 2114 1554 a
2134 1525 2394 1567 praesumptione
2416 1535 2492 1568 ope—

1421 1577 1493 1598 rum
1517 1567 1741 1607 perfectorum,
1758 1568 1839 1599 sicut
1861 1568 2105 1609 grammaticum
2121 1570 2160 1600 ab
2184 1570 2317 1607 orando,
2334 1571 2422 1612 quod
2447 1578 2494 1602 est

1393 1633 1394 1645 i
1421 1619 1509 1643 actus
1541 1612 1713 1652 superioris
1746 1612 1920 1649 facultatis,
1945 1620 1976 1643 et
1999 1613 2195 1644 huiusmodi.
2226 1614 2288 1645 Sed
2321 1614 2494 1646 differentia

296 1659 494 1701 praecedenti
521 1668 660 1700 namque
683 1659 816 1689 articulo
840 1658 1002 1689 humilitas
1026 1668 1063 1688 ex
1086 1665 1174 1698 parte
1201 1657 1290 1687 modi
1314 1657 1367 1687 de-
1393 1648 1395 1690 ,¹

1421 1656 1564 1687 consistit
1586 1656 1619 1686 in
1635 1656 1757 1687 ratione
1774 1657 1975 1697 reprimendi.
2000 1658 2083 1688 Nam
2104 1659 2327 1698 magnanimus
2351 1658 2494 1700 reprimit

1421 1710 1454 1731 se
1478 1701 1516 1731 ab
1542 1701 1590 1731 his
1613 1710 1696 1741 quae
1719 1708 1794 1732 sunt
1817 1711 1912 1742 supra
1936 1712 1979 1738 se,
2004 1712 2040 1733 ea
2063 1702 2185 1734 ratione
2208 1703 2297 1744 quia,
2323 1704 2493 1735 collatione

1421 1745 1503 1775 facta
1532 1745 1631 1776 totius
1655 1746 1745 1786 quod
1767 1746 1800 1776 in
1824 1756 1857 1777 se
1880 1753 1927 1777 est
1949 1747 1990 1777 ad
2013 1747 2108 1783 illud,
2132 1747 2253 1779 invenit
2274 1758 2307 1779 se
2337 1748 2493 1789 imparem

1420 1789 1482 1819 illi:
1508 1789 1639 1820 humilis
1662 1797 1780 1826 autern,
1803 1800 1840 1820 ea
1863 1790 1984 1821 ratione
2008 1791 2084 1832 quia
2106 1792 2234 1823 tendere
2253 1792 2284 1823 in
2308 1792 2362 1823 illa
2384 1793 2493 1824 adver·

1421 1841 1508 1864 satur
1531 1833 1719 1864 subiectioni
1735 1834 1784 1865 sui
1801 1835 1840 1865 ad
1856 1835 1963 1866 Deum
1979 1842 2010 1866 et
2025 1836 2056 1866 id
2073 1836 2162 1877 quod
2177 1836 2238 1868 Dei
2254 1844 2310 1869 est.
2335 1837 2381 1869 Ita
2402 1838 2493 1880 quod

1421 1884 1486 1908 tam
1511 1878 1641 1908 humilis
1665 1885 1701 1909 ut
1723 1878 1783 1915 sic,
1809 1889 1907 1919 quam
1931 1879 2154 1919 magnanimus
2178 1887 2214 1911 ut
2237 1880 2299 1918 sic,
2324 1880 2418 1913 habet
2441 1891 2493 1913 co-

1392 1933 1394 1968 3
1420 1922 1607 1963 gitationem
1623 1930 1654 1953 et
1668 1932 1782 1953 eorum
1798 1933 1879 1964 quae
1896 1930 1970 1954 sunt
1993 1923 2178 1964 simpliciter
2193 1932 2224 1955 et
2238 1925 2383 1956 absolute
2398 1935 2494 1966 supra

1421 1976 1472 2003 se,
1498 1974 1529 1997 et
1552 1966 1632 1997 infra
1656 1971 1705 2003 se,
1731 1975 1761 1998 et
1785 1975 2042 1999 commensurata
2065 1968 2134 1999 sibi.
2164 1968 2226 1999 Sed
2248 1969 2281 1999 in
2305 1969 2440 2010 regulis,
2464 1977 2495 2001 et

1392 2020 1394 2052 ¹}
1420 2011 1563 2052 appetitu
1588 2012 1742 2052 regulato,
1767 2020 1813 2043 est
1836 2011 2026 2043 differentia:
2050 2012 2126 2053 quia
2149 2013 2374 2053 magnanimus
2397 2013 2496 2045 sumit

1421 2057 1545 2096 regulas
1569 2066 1641 2087 suas
1665 2057 1705 2087 ad
1729 2057 1990 2098 prosequendum
2015 2064 2046 2088 et
2061 2057 2227 2089 vitandum
2252 2067 2291 2089 ex
2312 2058 2384 2099 ipso
2406 2059 2495 2090 bono

1421 2101 1551 2132 rationis
1579 2101 1611 2131 in
1639 2101 1866 2142 prosequendo
1897 2101 2158 2142 proportionata,
2190 2109 2221 2134 et
2246 2103 2334 2134 malo
2365 2103 2496 2135 rationis

1420 2145 1445 2175 si
1470 2153 1716 2186 prosequeretur
1739 2156 1821 2187 quae
1846 2156 1941 2186 supra
1965 2153 2020 2177 aut
2043 2146 2123 2177 infra
2140 2154 2260 2184 essent;
2284 2147 2416 2179 humilis
2439 2157 2495 2181 au-

1420 2196 1484 2220 tem
1509 2190 1549 2220 ad
1573 2191 1684 2221 eadem
1708 2191 1810 2221 tendit
1832 2197 1863 2221 et
1886 2190 1997 2222 eadem
2020 2191 2097 2222 vitat
2122 2189 2167 2234 (et
2181 2198 2349 2232 propterea
2373 2191 2495 2224 dictum

1421 2234 1499 2265 est*
1522 2235 1612 2275 quod
1635 2235 1808 2275 supponit,
1833 2245 1899 2265 non
1927 2236 2238 2276 magnanimitatem,
2263 2237 2319 2267 sed
2349 2236 2383 2268 id
2410 2237 2497 2279 quod

1419 2367 1491 2404 tiae,
1517 2368 1578 2398 hoc
1603 2375 1649 2398 est
1672 2377 1709 2398 ex
1733 2368 1905 2399 collatione
1928 2369 1996 2400 eius
2019 2369 2110 2410 quod
2133 2369 2183 2400 sui
2207 2376 2254 2400 est
2278 2371 2318 2401 ad
2334 2370 2442 2402 Deum
2465 2378 2496 2402 et

1421 2412 1453 2442 id
1476 2412 1565 2453 quod
1589 2412 1647 2442 Dei
1665 2419 1721 2443 est.
1746 2413 1788 2443 Et
1803 2413 1878 2454 quia
1902 2413 1941 2443 ad
1957 2413 2019 2444 hoc
2035 2413 2123 2455 quod
2147 2413 2248 2444 homo
2272 2413 2305 2444 in
2322 2413 2384 2445 hoc
2401 2414 2496 2446 exilio

1422 2456 1562 2488 caelestis
1588 2457 1706 2497 patriae
1731 2457 1806 2488 civis
1830 2457 1988 2498 perfectus
2011 2457 2126 2489 virtute
2150 2457 2246 2489 huius
2268 2458 2337 2489 viae
2360 2458 2410 2496 sit,
2426 2469 2496 2490 ma-

1420 2502 1504 2532 xime
1528 2501 1662 2541 exigitur
1684 2502 1773 2542 quod
1797 2510 1879 2534 recte
1903 2512 1936 2533 se
1960 2502 2083 2539 habeat,
2100 2502 2215 2534 tamin
2239 2502 2401 2535 intellectu
2423 2513 2494 2544 pra-

1421 2546 1502 2577 ctico
1533 2556 1631 2586 quam
1661 2545 1773 2577 affectu
1798 2554 1829 2577 et
1855 2547 2057 2587 operatione,
2081 2548 2259 2578 secundum
2290 2547 2495 2579 collationem

1421 2590 1597 2630 imperfecti
1622 2590 1671 2621 sui
1694 2591 1733 2621 ad
1757 2591 1863 2622 Deum
1879 2598 1910 2622 et
1923 2591 1956 2622 id
1980 2592 2069 2632 quod
2092 2592 2151 2623 Dei
2175 2598 2231 2627 est,
2252 2592 2419 2633 quoniam,
2435 2592 2496 2624 hu-

1421 2635 1560 2666 iusmodi
1579 2634 1757 2665 collationis
1773 2635 1970 2666 subiectione
1986 2636 2216 2677 praetermissa,
2233 2636 2265 2667 in
2285 2635 2408 2668 infinita
2425 2643 2497 2669 ruet

1421 2679 1524 2710 mala:
1549 2679 1622 2710 ideo
1653 2679 1815 2710 humilitas
1839 2680 1906 2717 hic,
1931 2680 2014 2711 ultra
2037 2681 2333 2720 magnanimitatem
2364 2688 2396 2712 et
2418 2681 2495 2713 alias

1421 2724 1572 2760 virtutes,
1597 2724 1771 2754 necessaria
1801 2731 1857 2755 est.
1882 2742 1904 2748 -
1927 2725 1968 2756 Et
1991 2735 2047 2766 per
2078 2726 2155 2756 haec
2186 2733 2272 2766 patet
2299 2725 2419 2757 solutio
2447 2735 2494 2758 se-

1422 2769 1545 2799 cundae
1569 2768 1767 2800 obiectionis.

1477 2813 1527 2844 Ad
1552 2813 1688 2853 primam
1708 2815 1723 2831 *
1748 2820 1855 2844 autem
1879 2813 1994 2845 dicitur
2026 2815 2114 2855 quod
2148 2814 2310 2846 diversitas
2334 2814 2494 2846 dictorum
2521 2822 2531 2832 ⁴

1422 2867 1487 2888 non
1502 2857 1583 2898 parit
1595 2858 1831 2894 obscuritatem,
1843 2859 1898 2889 sed
1912 2865 2008 2899 auget
2024 2859 2207 2890 claritatem.
2224 2858 2389 2897 Quoniam
2405 2859 2494 2900 prius

1421 2909 1537 2933 notum
1565 2909 1691 2934 tantum
1715 2910 1780 2934 erat
1810 2902 1940 2934 humilis
1973 2903 2090 2934 modus
2117 2903 2267 2935 tendendi
2294 2903 2326 2934 in
2355 2903 2492 2935 excelsa:

1421 2947 1496 2988 quia
1521 2947 1639 2978 scilicet
1654 2947 1818 2978 humilitas
1842 2947 2015 2984 moderate,
2033 2947 2095 2978 hoc
2111 2954 2158 2978 est
2174 2955 2209 2978 ut
2231 2947 2410 2989 indignum,
2427 2954 2494 2979 ten-

1421 2992 1495 3022 dere
1519 2991 1593 3022 facit
1608 2991 1640 3022 in
1665 2992 1794 3023 excelsa.
1818 2992 1913 3022 Nunc
1929 3002 2004 3023 vero
2021 2992 2214 3023 declaratum
2230 2999 2277 3022 est
2291 2991 2381 3034 quod
2397 2991 2493 3024 etiam

1393 3067 1394 3070 ,
1421 3036 1583 3067 obiectum
1608 3036 1640 3066 in
1664 3037 1754 3077 quod
1778 3036 1879 3067 tendit
1901 3036 2032 3067 humilis
2051 3043 2098 3067 est
2120 3037 2333 3072 moderatum,
2350 3037 2412 3068 hoc
2436 3043 2493 3074 est,

1422 3091 1488 3112 non
1512 3090 1608 3121 supra
1623 3090 1657 3111 se
1680 3080 1864 3121 simpliciter
1886 3087 1918 3112 et
1940 3081 2094 3112 absolute.
2120 3081 2164 3112 Ut
2187 3090 2224 3111 ex
2247 3087 2381 3122 utraque
2397 3081 2494 3112 simul

1421 3125 1529 3156 iuncta
1553 3125 1696 3156 doctrina
1712 3125 1827 3156 habeas
1843 3126 1943 3166 quod·
1956 3125 2086 3156 humilis
2102 3125 2147 3156 sic
2165 3125 2207 3156 ad
2222 3125 2332 3156 omnia
2351 3135 2384 3157 se
2399 3126 2495 3158 habet

1422 3177 1458 3201 ut
1481 3169 1649 3210 indignus,
1673 3170 1763 3211 quod
1786 3177 1893 3201 tamen
1917 3179 1983 3201 non
2007 3169 2068 3200 nisi
2091 3169 2130 3199 ad
2154 3177 2412 3202 commensurata
2434 3170 2493 3202 sibi

1422 3214 1567 3245 absolute
1591 3213 1701 3251 tendit,
1726 3220 1757 3245 et
1779 3214 1819 3245 ad
1842 3213 1897 3245 illa
1919 3213 2020 3245 tendit
2043 3219 2079 3245 ut
2101 3213 2260 3255 indignus.

1478 3259 1531 3290 IV.
1557 3258 1591 3288 In
1616 3259 1731 3289 eodem
1754 3258 1886 3290 articulo
1911 3257 2070 3294 secundo,
2095 3257 2127 3288 in
2151 3258 2360 3298 responsione
2383 3259 2423 3290 ad
2446 3268 2493 3290 se-

1423 3303 1576 3339 cundum,
1597 3310 1674 3333 nota
1693 3303 1768 3334 duo.
1803 3302 1949 3334 Primum
1972 3308 2019 3333 est
2041 3302 2130 3343 quod
2154 3312 2248 3343 supra
2265 3303 2283 3323 *
2306 3303 2380 3340 dixi,
2403 3303 2493 3345 quod
2522 3305 2532 3315 “

1422 3348 1498 3389 quia
1521 3347 1684 3378 humilitas
1708 3347 1893 3378 moderatur
1915 3356 2016 3386 spem,
2034 3356 2116 3387 quae
2141 3354 2187 3378 est
2203 3347 2279 3379 boni
2305 3347 2395 3379 ardui
2418 3358 2493 3389 pos·

1394 3420 1396 3430 ,
1422 3392 1530 3428 sibilis,
1548 3398 1675 3431 oportet
1689 3391 1778 3432 quod
1794 3391 1887 3422 alicui
1904 3391 2064 3430 potentiae
2087 3391 2239 3422 innitatur
2254 3401 2319 3435 qua
2335 3392 2494 3424 mediante

1422 3436 1502 3467 illud
1525 3435 1765 3476 adipiscendum
1789 3445 1844 3466 seu
1869 3436 2122 3466 conservandum
2146 3444 2257 3476 speret.
2284 3437 2324 3468 Et
2347 3436 2422 3477 quia
2445 3436 2494 3467 in·

1395 3511 1397 3519 Α
1423 3480 1534 3511 nititur
1556 3479 1673 3510 auxilio
1698 3478 1757 3510 Dei
1781 3486 1812 3510 et
1835 3479 1903 3510 eius
1926 3480 2016 3520 quod
2039 3480 2098 3511 Dei
2123 3488 2179 3517 est,
2203 3480 2276 3512 ideo
2301 3488 2410 3512 contra
2433 3481 2492 3512 hu-

1423 3524 1589 3555 militatem
1613 3533 1680 3554 esse
1703 3523 1817 3555 dicitur
1849 3523 1938 3564 quod
1966 3524 2080 3565 aliquis
2111 3525 2150 3555 ad
2174 3525 2296 3556 maiora
2324 3525 2432 3557 tendat
2457 3535 2494 3556 ex

1396 3578 1397 3584 ¹
1423 3567 1617 3600 confidentia
1639 3567 1841 3608 propriarum
1864 3567 1992 3599 virium.

1478 3612 1663 3643 Secundum
1687 3619 1734 3643 est
1763 3612 1852 3653 quod
1881 3613 1913 3643 in
1937 3612 2039 3644 littera
2071 3623 2127 3654 per
2149 3613 2182 3655 ly
2205 3615 2332 3645 maiora
2356 3623 2423 3644 non
2446 3613 2493 3643 in-

2522 2242 2533 2253 ·
2551 2242 2603 2264 An.
2721 2258 2735 2269 .‚

1422 2279 1701 2319 magnanimitatis
1723 2285 1781 2316 est,
1802 2279 1920 2310 scilicet
1939 2280 2008 2320 ipsa
2031 2287 2298 2318 commensurata,
2315 2281 2496 2314 excedentia
2523 2240 2736 2317 cffmnffl·

1393 2354 1394 2358 ,
1420 2330 1475 2354 aut
1499 2321 1652 2364 excessa),
1686 2324 1741 2354 sed
1765 2323 1888 2364 regulas
1913 2325 2011 2356 sumit
2033 2335 2071 2355 ex
2093 2325 2182 2356 bono
2206 2325 2331 2356 divinae
2354 2335 2496 2358 reveren·

2545 2821 2616 2844 Nam.
2629 2827 2647 2845 ι.

2521 3330 2653 3354 Commeat.
2669 3321 2734 3355 anmi
