2768 4198
40 386 50 396 ⁸
65 384 130 406 Vers.
145 390 164 413 3.

41 544 97 566 ’Ad
103 544 253 570 Demetrium,

39 570 80 593 lib.
96 571 114 598 1,
128 577 150 592 n.
166 577 187 598 7.

44 1389 97 1412 ·n.
112 1390 179 1419 πρὸ.

44 2615 167 2690 ξιιῗὲῗῗιιζ
174 2615 258 2665 affl?

47 3198 58 3209 ⁸
80 3197 136 3226 Cap.
166 3203 259 3224 xxxvii,

46 3224 76 3246 ιΙ.
95 3230 156 3252 xvu,
175 3224 200 3246 in
213 3228 259 3246 vet.

46 3257 119 3273 xxm.

913 297 1181 343 QUAESTIO
1211 298 1441 345 cmxxn,
1470 297 1768 336 ARTICULUS
1798 298 1847 334 111
2396 299 2472 344 443

282 378 459 427 separari.
508 377 613 414 Sicut
650 377 858 426 Apostolus
893 377 1063 424 dicebat,
1102 378 1214 414 Rom.
1246 390 1280 414 1x
1308 377 1348 414 *ε
1405 377 1531 414 adhuc
1559 378 1675 414 habet
1694 390 1771 426 quo
1791 377 1976 426 proficiat.
2008 377 2056 413 Et
2076 376 2163 413 ideo
2194 389 2271 413 non
2300 377 2394 414 tollit
2420 391 2474 414 ra-

286 432 470 480 Optabam
500 442 571 480 ego
601 431 678 478 ipse
713 431 916 467 anathema
945 443 1023 467 esse
1050 443 1074 467 a
1105 431 1251 467 Christo
1274 443 1349 479 pro
1404 431 1550 468 tionem
1589 430 1784 478 merendi,
1821 431 1888 467 sed
1926 438 2174 478 augmentum
2215 430 2337 467 meriti
2376 431 2474 476 facit,

277 485 463 531 fratribus
491 484 605 521 meis:
634 483 740 531 quod
761 495 958 532 exponens
979 484 1290 532 Chrysostomus,
1311 484 1350 520 in
1377 514 1379 537 ἰ
1405 492 1562 534 propter
1589 484 1711 520 maius
1741 484 1961 520 exercitium
1991 483 2153 520 caritatis
2183 483 2344 520 divinae.

282 538 377 574 libro
415 538 461 575 de
493 538 713 585 Compunct.
734 536 774 583 ²⁸²,
805 536 913 574 dicit:
947 538 1008 574 Ita
1045 543 1160 574 totam
1189 543 1350 574 mentem
1459 540 1518 574 An
1542 549 1704 575 TERTmM
1724 549 1909 575 DICENDUM
1930 537 2034 586 quod
2055 537 2285 574 sacrificium
2306 536 2477 586 spiritua-

282 591 362 627 eius
389 591 621 628 demerserat
646 602 758 626 amor
788 591 935 636 Christi,
957 597 997 626 ut
1013 591 1125 627 etiam
1154 592 1226 627 hoc
1253 591 1354 639 quod
1406 591 1490 627 liter
1508 592 1593 627 Deo
1616 590 1774 627 offertur
1803 603 1891 627 cum
1921 590 2061 639 aliquid
2083 590 2116 627 ei
2137 590 2346 627 exhibetur.
2378 591 2478 626 Inter

283 644 319 679 ei
338 655 437 691 prae
464 643 595 680 ceteris
623 644 797 680 omnibus
824 644 1024 681 amabilius
1047 650 1139 691 erat,
1160 656 1239 681 esse
1265 656 1352 681 cum
1407 644 1539 681 omnia
1567 651 1694 680 autem
1715 644 1819 680 bona
1847 643 2013 681 hominis
2041 645 2147 680 Deus
2176 643 2341 680 maxime
2371 655 2476 680 acce-

288 696 446 743 Christo,
467 709 599 733 rursus
627 697 799 745 idipsum,
820 698 908 745 quia
937 698 987 734 ita
1004 698 1170 746 placeret
1193 698 1351 743 Christo,
1378 724 1380 740 .
1407 705 1487 746 ptat
1515 698 1663 734 bonum
1683 698 1875 734 humanae
1905 697 2068 744 animae,
2089 705 2131 734 ut
2158 698 2233 734 hoc
2262 697 2331 733 sibi
2352 696 2391 733 in
2420 709 2477 733 sa-

283 755 547 789 contemneret.
1409 750 1592 787 crificium
1623 750 1815 787 offeratur.
1856 750 2006 787 Offerre
2036 758 2164 787 autern
2194 751 2307 788 debet
2342 749 2477 798 aliquis

336 804 396 841 Ao
425 815 564 840 ramum
594 815 692 840 ERGO
713 815 899 840 mOENDUM
927 804 1032 851 quod
1061 804 1171 840 labor
1191 803 1353 841 exterior
1379 803 1381 814 ⁵
1408 805 1512 850 Deo,
1543 803 1668 852 primo
1699 804 1875 853 quidem,
1905 804 2075 841 animam
2104 816 2232 850 suam,
2263 803 2476 840 secundum

284 863 465 905 operatur
484 856 533 893 ad
553 865 801 904 augmentum
821 857 981 905 praemii
1001 856 1263 894 accidentalis:
1286 856 1353 893 sed
1408 857 1498 894 illud
1526 857 1642 894 Eccli.
1667 869 1739 893 xxx
1758 856 1788 903 ³⁸,
1818 857 2007 894 Miserere
2034 858 2186 894 animae
2214 863 2300 894 tuae
2324 856 2478 905 placens
2505 866 2514 875 ⁸

284 917 533 958 augmentum
573 910 696 946 meriti
735 917 909 959 respectu
946 910 1108 959 praemii
1147 909 1353 947 essentialis
1379 907 1381 917 '
1408 912 1511 947 Deo:
1542 911 1710 947 secundo
1732 918 1873 956 autern,
1894 911 2042 947 animas
2067 911 2242 957 aliorum,
2263 911 2475 948 secundum

285 962 454 1001 consistit
481 963 736 1012 principaliter
754 964 794 1000 in
814 964 978 1001 caritate.
1009 964 1128 1000 Cuius
1155 964 1354 1012 quoddam
1407 963 1499 1000 illud
1518 964 1636 1012 Apoc.
1658 964 1722 1000 ult.
1743 963 1780 1010 ²¹⁶,
1816 964 1890 1005 Qui
1912 964 2027 1010 audit,
2048 964 2158 1010 dicat,
2186 964 2289 1001 Veni.
2321 964 2476 1010 Quanto

284 1015 434 1063 signum
465 1024 521 1053 est
539 1017 648 1053 labor
668 1017 830 1054 exterior
853 1018 1033 1054 toleratus
1061 1025 1218 1066 propter
1246 1016 1354 1054 Chri·
1409 1025 1538 1054 autem
1567 1017 1687 1053 homo
1718 1016 1887 1053 animam
1917 1029 2026 1053 suam
2055 1018 2117 1054 vel
2144 1017 2294 1054 alterius
2322 1017 2478 1065 propin-

285 1077 406 1107 stum:
437 1070 503 1107 sed
524 1071 644 1107 multo
666 1070 879 1118 expressius
899 1070 981 1107 eius
1001 1070 1151 1118 signum
1173 1078 1228 1106 est
1247 1070 1352 1118 quod
1380 1103 1382 1123 ᾗ
1410 1070 1519 1119 quius
1547 1070 1632 1106 Deo
1664 1069 1875 1117 coniungit,
1906 1078 2010 1107 tanto
2040 1070 2269 1107 sacrificium
2308 1077 2363 1106 est
2391 1071 2477 1107 Deo

285 1122 431 1174 aliquiS,
460 1123 737 1171 praetermissis
766 1123 946 1160 omnibus
976 1135 1074 1172 quae
1094 1123 1143 1159 ad
1171 1124 1270 1160 hanc
1298 1124 1354 1159 vi·
1381 1125 1382 1130 ’
1409 1123 1528 1171 magis
1558 1131 1770 1172 acceptum.
1802 1123 1913 1160 Unde
1934 1123 2054 1171 magis
2084 1131 2285 1172 acceptum
2316 1130 2371 1159 est
2391 1124 2476 1160 Deo

285 1184 363 1214 tam
392 1176 591 1225 pertinent,
614 1177 682 1213 soli
703 1177 854 1214 divinae
876 1176 1188 1224 contemplationi
1218 1188 1354 1213 vacare
1410 1176 1515 1225 quod
1545 1176 1680 1224 aliquis
1716 1176 1884 1212 animam
1918 1189 2026 1213 suam
2057 1184 2092 1212 et
2121 1177 2283 1213 aliorum
2317 1176 2480 1225 applicet

287 1229 505 1268 delectetur.
1382 1272 1383 1279 ἵ
1411 1229 1736 1278 contemplationi,
1758 1241 1874 1278 quam
1895 1229 2045 1266 actioni.
2077 1230 2150 1266 Per
2169 1231 2244 1266 hoc
2265 1241 2354 1277 ergo
2375 1230 2479 1278 quod

338 1283 399 1328 ᾼι)
419 1294 610 1320 SECUNDUM
639 1295 825 1320 DICENDUM
846 1282 951 1332 quod
979 1281 1018 1318 in
1046 1288 1144 1318 statu
1173 1281 1356 1318 felicitatis
1382 1283 1384 1324 Ῐ
1411 1282 1546 1319 dicitur
1574 1282 1679 1330 quod
1718 1283 1862 1319 nullum
1896 1283 2125 1331 sacrificium
2154 1289 2207 1320 est
2237 1284 2320 1320 Deo
2356 1284 2480 1332 magis

282 1330 433 1372 ffiturae
453 1335 573 1373 homo
594 1336 771 1385 pervenit
790 1337 839 1373 ad
858 1336 1091 1385 perfectum:
1113 1342 1150 1371 et
1169 1334 1256 1371 ideo
1277 1347 1357 1372 non
1382 1331 1384 1334 ’
1411 1341 1604 1383 acceptum
1634 1347 1749 1383 quam
1779 1335 1877 1384 zelus
1905 1337 2136 1381 animarum,
2163 1348 2242 1373 non
2270 1336 2480 1384 praefertur

286 1387 509 1437 relinquitur
543 1390 650 1426 locus
686 1389 913 1438 proficiendi
951 1401 1022 1437 per
1049 1387 1226 1424 meritum
1245 1388 1277 1424 *.
1317 1389 1357 1425 Si
1412 1388 1590 1425 meritum
1618 1388 1719 1425 vitae
1758 1388 1904 1425 activae
1940 1389 2075 1426 merito
2108 1389 2208 1426 vitae
2248 1390 2480 1438 contempla-

284 1446 415 1478 tamen
434 1442 720 1490 relinqueretur,
737 1450 836 1480 esset
852 1441 1042 1480 efficacius
1062 1441 1254 1488 meritum,
1270 1453 1359 1490 pro·
1411 1442 1533 1478 tivae:
1571 1441 1639 1478 sed
1668 1441 1878 1478 ostenditur
1907 1442 2027 1490 magis
2066 1455 2147 1478 esse
2186 1442 2420 1478 meritorium
2452 1442 2480 1478 si

283 1500 368 1545 pter
397 1495 591 1532 caritatem
621 1496 821 1533 maiorem.
853 1497 931 1533 Sed
952 1495 1226 1544 contemplatio
1249 1507 1359 1544 prae·
1413 1494 1497 1544 quis
1523 1494 1659 1531 offerat
1678 1495 1763 1530 Deo
1793 1495 1961 1531 animam
1983 1507 2093 1531 suam
2115 1503 2150 1532 et
2170 1496 2342 1540 aliorum,
2363 1507 2480 1543 quam

284 1546 400 1584 sentis
431 1548 533 1585 vitae
564 1561 651 1586 cum
687 1550 855 1598 quadam
889 1549 1179 1599 imperfectione
1218 1556 1292 1595 est,
1324 1556 1359 1585 et
1412 1559 1682 1597 quaecumque
1712 1548 1784 1584 alia
1814 1548 2000 1585 exteriora
2029 1548 2143 1585 dona.

1091 1712 1410 1756 ARTICULUS
1441 1711 1672 1754 TERTIUS

727 1807 884 1839 UTRUM
907 1807 1013 1838 VITA
1037 1805 1414 1837 CONTEMPLATIVA
1443 1805 1714 1836 lMPEDIATUR
1738 1805 1820 1835 PER
1845 1805 2045 1836 AcrivAM

1160 1884 1228 1910 Part.
1249 1885 1266 1915 1,
1286 1892 1330 1917 qu.
1350 1891 1410 1913 exn.
1430 1889 1476 1909 art.
1500 1892 1520 1914 1.
1541 1885 1574 1909 ad
1596 1883 1619 1909 3.

406 1998 448 2017 ts,
473 2000 478 2009 1
502 1985 525 2010 1)
540 1980 700 2008 TERTtUM
716 1978 770 2004 sic
785 1975 1016 2003 Pnocsmruk
1029 1964 1060 2001 *.
1080 1964 1240 2001 Videtur
1259 1964 1365 2013 quod
1390 1967 1393 2005 Ι
1419 1964 1625 2001 actionum.
1656 1965 1706 2000 Et
1724 1963 1778 2000 sic
1797 1963 2043 2001 manifestum
2064 1971 2120 2002 est
2139 1963 2244 2011 quod
2263 1963 2341 2000 vita
2361 1963 2485 2000 activa

330 2009 385 2050 q-
410 2006 475 2072 2³3
503 2025 582 2063 vita
607 2020 906 2069 contemplativa
928 2017 1160 2066 impediatur
1186 2030 1256 2067 per
1275 2017 1362 2055 acti·
1389 2006 1392 2100 r
1417 2017 1578 2066 impedit
1607 2017 1966 2066 contemplativam:
1995 2016 2220 2065 inquantum
2250 2017 2484 2065 impossibile

503 2090 608 2116 vam.
647 2077 707 2114 Ad
741 2074 861 2111 vitam
891 2072 991 2109 enirn
1024 2071 1361 2120 contemplativam
1417 2079 1474 2108 est
1502 2071 1607 2120 quod
1627 2071 1761 2120 aliquis
1789 2070 1903 2107 simul
1923 2077 2132 2118 occupetur
2156 2070 2253 2106 circa
2283 2070 2486 2107 exteriores

467 2125 469 2127 ¹
506 2130 720 2170 necessaria
740 2135 796 2165 est
814 2127 1006 2176 quaedam
1025 2127 1176 2164 vacatio
1204 2124 1361 2162 mentis:
1416 2125 1598 2171 actiones,
1630 2132 1666 2161 et
1695 2124 1848 2161 divinae
1878 2123 2191 2172 contemplationi
2218 2131 2340 2160 vacet.

287 2176 503 2228 secundum
532 2185 624 2223 illud
643 2182 788 2220 Psalmi
806 2180 847 2217 *z
882 2181 1032 2226 Vacate,
1062 2186 1098 2216 et
1122 2180 1243 2217 videte
1270 2190 1361 2227 quo·
1469 2178 1556 2214 Alio
1581 2178 1701 2215 modo
1722 2185 1847 2227 potest
1876 2176 2107 2214 considerari
2126 2176 2204 2213 vita
2224 2176 2347 2213 activa
2366 2189 2485 2225 quan-

287 2245 392 2281 niam
421 2253 493 2292 ego
521 2251 606 2277 sum
634 2239 751 2274 Deus.
790 2234 868 2272 Sed
895 2234 973 2271 vita
1011 2233 1134 2270 activa
1162 2233 1278 2270 habet
1306 2231 1361 2268 in·
1386 2246 1389 2283 ἦ
1414 2240 1496 2268 tum
1526 2231 1575 2268 ad
1610 2232 1685 2268 hoc
1723 2231 1829 2279 quod
1867 2230 2066 2267 interiores
2100 2230 2251 2266 animae
2286 2230 2485 2278 passiones

287 2295 572 2348 quietudinem:
602 2289 816 2328 secundum
845 2288 936 2325 illud
965 2289 1059 2324 Luc.
1076 2299 1100 2323 x
1117 2286 1155 2323 *τ
1184 2286 1358 2331 Martha,
1386 2295 1387 2300 ¹
1415 2285 1614 2334 componit
1643 2292 1678 2321 et
1706 2284 1867 2321 ordinat.
1907 2284 1956 2320 Et
1984 2290 2170 2332 quantum
2209 2283 2378 2330 ad'hoc,
2406 2283 2486 2320 vita

285 2350 459 2395 Martha,
478 2345 636 2385 sollicita
656 2356 695 2381 es
713 2349 750 2380 et
763 2343 929 2379 turbaris
942 2353 1038 2391 erga
1051 2340 1234 2389 plurima.
1256 2339 1359 2387 Ergo
1414 2339 1539 2375 activa
1567 2337 1723 2375 adiuvat
1751 2337 1799 2375 ad
1829 2336 2206 2385 contemplationem,
2237 2348 2335 2385 quae
2365 2336 2485 2385 impe-

285 2404 363 2441 vita
392 2401 516 2440 activa
544 2395 881 2446 contemplativam
910 2394 1082 2444 impedit.
1385 2439 1386 2442 Ἰ
1415 2392 1514 2429 ditur
1546 2404 1616 2440 per
1643 2390 1966 2428 inordinationem
1995 2389 2218 2427 interiorum
2247 2389 2484 2438 passionum.

341 2468 376 2494 2.
406 2457 648 2499 PRAETEREA,
683 2451 732 2488 ad
765 2450 887 2487 vitam
925 2446 1265 2496 contemplativam
1302 2458 1359 2482 re·
1385 2445 1386 2467 ³
1413 2446 1526 2483 Unde
1547 2445 1754 2493 Gregorius
1784 2444 1884 2490 dicit,
1905 2444 1944 2480 in
1964 2444 2013 2480 VI
2034 2443 2179 2480 Moral.
2203 2442 2244 2479 *ε
2279 2443 2374 2479 Cum
2399 2455 2486 2480 con-

285 2509 445 2560 quiritur
473 2507 620 2545 claritas
647 2504 818 2542 visionis.
849 2503 927 2540 Sed
946 2504 1024 2540 vita
1053 2501 1175 2539 activa
1199 2499 1359 2548 impedit
1384 2492 1386 2517 ¹
1413 2498 1664 2548 templationis
1690 2509 1819 2535 arcem
1839 2497 1959 2545 aliqui
1985 2503 2110 2533 tenere
2137 2496 2360 2542 desiderant,
2375 2497 2485 2544 prius

284 2562 444 2600 visionis
473 2560 699 2598 claritatem:
739 2557 828 2595 dicit
861 2557 964 2594 enirn
994 2553 1218 2603 Gregorius,
1246 2564 1360 2601 super
1384 2563 1386 2583 ὲ
1411 2565 1452 2590 se
1479 2553 1516 2589 in
1546 2563 1681 2600 campo
1712 2563 1786 2600 per
1813 2550 2034 2587 exercitium
2072 2550 2195 2598 operis
2225 2550 2410 2597 probent.-
2447 2556 2486 2586 ut

284 2616 420 2665 Ezech.
435 2614 467 2661 *,
498 2613 603 2663 quod
622 2611 724 2659 lippa
747 2617 802 2647 est
818 2616 855 2647 et
857 2610 1045 2658 fecunda,
1066 2608 1167 2657 quia,
1188 2607 1278 2643 dum
1298 2618 1358 2643 oc-
1384 2596 1386 2663 ἶ
1411 2606 1567 2643 sollicite
1583 2606 1706 2642 sciant
1739 2604 1774 2640 si
1799 2603 1903 2640 nulla
1932 2604 2008 2640 iam
2042 2603 2146 2639 mala
2167 2602 2359 2650 proximis
2387 2604 2483 2639 irro-

285 2674 448 2718 cupatur
475 2667 512 2704 in
542 2676 666 2715 opere,
696 2663 822 2700 minus
848 2663 957 2700 videt.
996 2663 1100 2709 Ergo
1127 2660 1206 2698 vita
1235 2659 1358 2696 activa
1384 2667 1385 2672 ’
1411 2665 1524 2710 gant,
1553 2659 1587 2696 si
1621 2659 1795 2707 irrogata
1823 2669 1847 2693 a
1869 2656 2060 2705 proximis
2094 2656 2370 2704 aequanimiter
2391 2667 2482 2704 por-

285 2721 447 2772 impedit
475 2716 827 2766 contemplativam.
1412 2718 1508 2759 tant,
1536 2713 1572 2749 si
1606 2711 1756 2748 obiectis
1793 2710 1900 2747 bonis
1936 2709 2204 2757 temporalibus
2241 2720 2481 2757 nequaquam

340 2777 375 2813 3.
392 2776 646 2818 *PRAETEREQ
675 2782 798 2807 unum
837 2768 1113 2806 contrariorum
1151 2766 1358 2815 impeditur
1383 2767 1386 2823 ἱ
1411 2778 1518 2803 mens
1537 2765 1675 2802 laetitia
1693 2764 1862 2809 solvitur,
1878 2763 1911 2800 si
1927 2763 2125 2799 subtractis
2145 2774 2220 2799 non
2241 2762 2356 2798 nimio
2380 2774 2482 2798 mae-

284 2842 355 2879 per
382 2828 496 2866 aliud.
536 2826 614 2863 Sed
641 2823 720 2862 vita
758 2822 882 2860 activa
911 2830 947 2859 et
976 2819 1272 2869 contemplativa
1299 2819 1356 2856 vi·
1383 2826 1385 2873 ξ
1411 2831 1501 2856 rore
1520 2824 1538 2840 ²
1564 2818 1795 2855 sauciantur.
1824 2817 1883 2853 Ac
1910 2816 2042 2853 deinde
2064 2814 2300 2866 perpendant
2325 2815 2368 2861 si,
2395 2827 2480 2852 cum

285 2884 424 2921 dentur
453 2879 758 2918 contrarietatem
795 2876 939 2913 habere
968 2875 1018 2912 ad
1046 2874 1229 2919 invicem,
1267 2873 1357 2921 quia
1383 2875 1385 2921 l
1411 2874 1464 2910 ad
1488 2872 1703 2920 semetipsos
1730 2871 1915 2907 introrsus
1943 2869 2108 2914 redeunt,
2139 2869 2176 2905 in
2205 2880 2249 2905 eo
2278 2869 2380 2917 quod
2408 2868 2481 2916 spi—

283 2935 363 2974 vita
391 2934 514 2973 activa
542 2939 752 2980 occupatur
780 2930 879 2966 circa
906 2928 1092 2978 plurima,
1121 2927 1200 2964 vita
1228 2933 1357 2963 autem
1383 2924 1385 2973 ζ
1412 2925 1564 2963 ritualia
1593 2926 1793 2969 rimantur,
1819 2934 2059 2971 nequaquam
2086 2933 2213 2959 secum
2241 2933 2370 2958 rerum
2399 2933 2481 2958 cor-

286 2987 583 3038 contemplativa
609 2983 745 3022 insistit
772 2983 821 3020 ad
851 2980 1192 3030 contemplandum
1215 2991 1356 3016 unum:
1383 2990 1385 3020 3
1406 2979 1601 3028 poralium
1622 2978 1777 3014 umbras
1796 2977 1960 3022 trahunt,
1979 2975 2041 3012 vel
2046 2976 2218 3023 fortasse
2242 2980 2382 3011 tractas
2399 2986 2480 3011 ma-

285 3042 389 3079 unde
422 3049 459 3079 et
487 3053 532 3078 ex
574 3038 751 3089 opposito
788 3035 1019 3073 dividuntur.
1067 3035 1169 3081 Ergo
1206 3032 1359 3070 videtur
1383 3022 1385 3046 ¹
1412 3045 1463 3070 nu
1491 3031 1724 3068 discretionis
1751 3030 1921 3079 abigunt.
1951 3030 2010 3065 Ex
2037 3029 2113 3065 hoc
2142 3040 2230 3076 ergo
2261 3027 2480 3064 exercitium

287 3094 393 3142 quod
411 3094 490 3132 vita
510 3090 808 3141 contemplativa
831 3088 1063 3138 impediatur
1081 3099 1151 3136 per
1178 3085 1355 3123 activam.
1383 3091 1385 3137 f
1411 3085 1511 3123 vitae
1541 3084 1686 3122 activae
1717 3083 1864 3120 confert
1899 3083 1947 3119 ad
1986 3081 2336 3130 contemplativam,
2375 3081 2479 3129 quod

342 3148 416 3184 SED
445 3159 592 3185 CONTRA
619 3158 687 3183 EST
714 3144 821 3193 quod
859 3141 1067 3191 Gregorius
1099 3140 1208 3186 dicit,
1237 3139 1277 3176 in
1303 3139 1355 3176 VI
1383 3144 1385 3178 ἐ
1412 3139 1555 3188 quietat
1588 3136 1786 3174 interiores
1823 3136 2037 3184 passiones,
2068 3147 2112 3171 ex
2147 3134 2287 3183 quibus
2322 3134 2480 3182 phanta-

286 3200 432 3237 Moral.
451 3199 491 3237 ²⁸:
533 3201 608 3243 Qui
633 3196 955 3246 contemplationis
981 3206 1110 3232 arcem
1143 3199 1269 3230 tenere
1296 3193 1357 3229 de·
1383 3180 1385 3231 l
1412 3199 1534 3229 smata
1560 3190 1805 3239 proveniunt,
1835 3201 1904 3238 per
1932 3200 2030 3237 quae
2061 3186 2330 3235 contemplatio
2359 3186 2479 3235 impe-

286 3253 463 3298 siderant‚
478 3254 587 3301 prius
614 3253 711 3290 sein
740 3263 875 3300 campo
888 3262 962 3298 per
984 3247 1205 3286 exercitium
1233 3246 1357 3294 operis
1383 3275 1384 3301 ¹
1413 3245 1524 3282 ditur.

281 3307 456 3356 probent.
1382 3304 1384 3346 j
1465 3298 1515 3334 Et
1542 3308 1610 3345 per
1637 3296 1712 3332 hoc
1739 3301 1843 3343 patet
1871 3293 2068 3342 responsio
2099 3293 2147 3330 ad
2176 3293 2336 3329 obiecta.
2376 3293 2480 3330 Nam

341 3361 570 3396 RESPONDEO
603 3370 790 3396 mensuum
822 3356 930 3406 quod
957 3355 1036 3393 vita
1073 3353 1195 3391 activa
1231 3359 1358 3401 potest
1382 3347 1384 3362 '
1411 3350 1576 3388 rationes
1605 3349 1690 3385 illae
1710 3347 1925 3397 procedunt
1944 3353 2130 3394 quantum
2151 3346 2200 3383 ad
2219 3346 2343 3395 ipsam
2366 3358 2478 3382 occu-

288 3411 520 3450 considerari
547 3418 734 3460 quantum
763 3411 813 3448 ad
841 3411 931 3448 duo.
961 3410 1048 3447 Uno
1078 3406 1211 3454 modo,
1237 3417 1356 3454 quan·
1410 3403 1607 3453 pationem
1637 3401 2065 3460 exteriorumactuum:
2094 3411 2181 3458 non·
2201 3407 2338 3458 autem·
2360 3411 2479 3448 quan—

287 3475 369 3504 tum
398 3465 447 3503 ad
475 3465 603 3514 ipsum
631 3464 798 3501 studium
818 3471 856 3501 et
883 3462 1102 3501 exercitium
1127 3459 1355 3497 exteriorum
1381 3449 1383 3507 l
1410 3465 1491 3494 turn
1520 3457 1569 3493 ad
1597 3454 1789 3501 effectum,
1819 3465 1885 3502 qu1
1914 3460 1969 3490 est
1996 3453 2210 3490 moderatio
2239 3464 2476 3502 passionum.

341 3599 369 3631 α)
388 3604 519 3624 maerore.
530 3610 550 3617 -
567 3602 660 3621 errore
678 3595 873 3628 BCEFKLpAI,
892 3598 997 3620 terrore
1015 3596 1061 3626 sA,
1077 3601 1173 3620 orrore
1192 3593 1228 3624 D3
1248 3600 1296 3625 pro
1313 3593 1360 3622 Ac,
1379 3592 1434 3616 Aut
1452 3589 1565 3615 ABCDE
1573 3589 1648 3618 FKL.
1668 3596 1720 3613 om.
1740 3587 1758 3613 1.

2528 865 2595 887 ven.
2609 871 2646 892 ²⁴-

2505 974 2514 983 ·
2528 972 2596 994 Vero.
2608 977 2638 999 ¹7·

2513 2458 2523 2467 ¹·
2538 2456 2595 2478 [bid.
