2768 4198
85 1759 275 1789 mamae-

3 1780 6 1781 ⁷
59 1761 110 1814 2¹..
123 1786 149 1810 {u
186 1786 274 1810 eundo

58 1817 228 1837 mmm.

59 1849 246 1873 ‘or-mn.

60 1892 174 1916 ’Diam
185 1892 273 1916 Facto-

59 1919 260 1974 '‘ff-lxm
222 1952 273 1975 etp.

60 2025 226 2048 ‘nectentur
233 2025 273 2047 llb

61 2051 91 2080 11,
105 2058 156 2080 ap.
170 2057 202 2074 iv.

59 2114 72 2125 ⁹
84 2113 128 2136 Cf:
135 2119 200 2136 num.
214 2119 236 2135 v.

59 2736 173 2791 :minop-
175 2763 271 2791 adu-gg.

60 2793 122 2813 eunt.
134 2790 238 2813 conclus.
247 2797 272 2817 4.

59 3092 69 3101 ⁴
83 3091 154 3113 Num.
169 3097 185 3113 1.

61 3139 71 3149 ⁴
85 3138 182 3161 Aristot.
196 3138 272 3160 Eehic.

0 3163 6 3175 ”
59 3164 215 3214 :istit-rr
229 3171 273 3214 30¹1·

995 258 1263 304 QUAESTIO
1294 260 1432 307 CLIX,
1461 261 1759 300 ARTICULUS
1789 264 1820 299 II

308 336 421 373 etiam
439 346 577 372 saevae
596 335 783 372 dicuntur.
814 335 1049 373 Huiusmodi
1077 337 1177 374 enim
1199 338 1377 375 animalia
1404 339 1405 354 ³

306 396 446 426 nocent
481 387 701 425 hominibus
729 395 771 424 ut
807 400 852 425 ex
881 400 1014 426 eorum
1052 391 1276 439 corporibus
1311 404 1376 440 pa-

306 441 478 479 scantur:
507 453 587 478 non
616 453 660 478 ex
681 441 807 490 aliqua
831 441 990 490 iustitiae
1012 456 1137 491 causa,
1161 445 1266 482 cuius
1287 457 1376 482 con-

306 495 483 533 sideratio
521 494 682 544 pertinet
709 495 758 532 ad
795 495 918 546 solam
951 496 1151 534 rationem.
1191 499 1239 535 Et
1275 498 1376 546 ideo,

305 548 459 598 proprie
486 548 694 597 loquendo,
724 548 850 585 feritas
876 550 938 586 vel
968 550 1123 588 saevitia
1159 551 1292 589 dicitur
1320 564 1377 588 se-

307 602 476 639 cundum
512 613 629 649 quam
660 601 794 650 aliquis
822 602 860 639 in
888 604 1024 651 poenis
1061 604 1265 642 inferendis
1298 617 1376 642 non

307 655 521 692 considerat
548 654 714 703 aliquam
746 656 896 704 culpam
919 657 999 694 eius
1028 658 1092 706 qui
1120 659 1287 706 punitur,
1308 659 1375 695 sed
1402 660 1403 664 ’

306 709 429 745 solum
458 709 533 745 hoc
553 709 658 757 quod
679 709 885 746 delectatur
904 710 942 746 in
971 711 1175 748 hominum
1197 712 1374 749 cruciatu.

306 763 355 798 Et
373 762 426 798 sic
445 769 548 811 patet
567 762 671 810 quod
693 762 906 800 continetur
925 764 996 800 sub
1017 765 1258 802 bestialitate:
1285 778 1374 802 nam
1402 756 1404 791 l

304 814 386 852 talis
407 815 606 852 delectatio
628 828 706 852 non
727 824 783 853 est
802 817 982 863 humana,
1003 818 1070 855 sed
1091 818 1267 865 bestialis,
1288 831 1376 867 pro·

303 869 463 906 veniens
490 870 553 906 vel
572 874 588 896 Υ
618 882 663 905 ex
693 871 794 906 mala
824 871 1099 908 consuetudine
1127 873 1190 909 vel
1220 884 1265 908 ex
1295 885 1375 908 cor-

305 922 479 971 ruptione
509 930 679 969 naturae,
701 923 796 960 sicut
817 932 852 960 et
872 924 966 960 aliae
990 925 1212 962 huiusmodi
1241 925 1375 962 bestia-

303 977 358 1012 les
387 976 622 1013 affectiones.
660 977 737 1013 Sed
767 977 967 1014 crudelitas
1005 978 1162 1015 attendit
1181 976 1193 1000 δ
1224 980 1375 1027 culpam

303 1030 343 1066 in
371 1042 418 1065 eo
448 1030 513 1078 qui
549 1030 715 1078 punitur,
754 1030 821 1067 sed
857 1031 1003 1067 excedit
1041 1032 1202 1068 modum
1232 1031 1270 1068 in
1307 1044 1376 1080 pu-

304 1083 459 1120 niendo.
490 1084 539 1120 Et
567 1083 655 1120 ideo
686 1083 887 1120 crudelitas
917 1083 1041 1120 differt
1069 1097 1091 1120 a
1117 1085 1275 1121 saevitia
1295 1085 1375 1122 sive

303 1136 447 1173 feritate
484 1137 579 1173 sicut
617 1136 758 1173 malitia
793 1137 965 1173 humana
1003 1149 1025 1173 a
1058 1137 1299 1185 bestialitate,
1334 1146 1376 1174 ut

250 1208 256 1213 ·
305 1189 441 1227 dicitur
468 1190 506 1226 in
534 1190 603 1227 VII
632 1190 753 1226 Ethic.
774 1189 795 1211 ’¹‘

356 1245 415 1280 An
445 1254 583 1291 ptumum
611 1254 710 1279 ERGO
740 1254 926 1280 nicENDUM
954 1243 1061 1291 quod
1090 1243 1293 1281 clementia
1323 1251 1378 1280 est

246 1330 251 1332 γ
291 1292 636 1333 ,vietusffflsmanat
665 1295 769 1332 unde
799 1296 940 1332 directe
968 1295 1039 1332 sibi
1059 1296 1266 1344 opponitur
1295 1309 1376 1334 cru-

353 1451 381 1485 γ)
400 1451 449 1476 vel.
460 1465 479 1470 -
497 1451 560 1476 Om.
578 1450 654 1476 ΑΒΕ.

354 1486 380 1521 ὃ)
398 1487 524 1514 attendit.
536 1500 556 1506 -
574 1493 626 1511 non
645 1487 731 1512 solum
750 1487 868 1512 attendit
885 1487 932 1512 Pa.

354 1523 376 1556 ε)
396 1523 436 1548 vel
454 1522 582 1548 divinam.
595 1536 614 1541 -
632 1523 674 1547 vel
691 1522 853 1548 dominicam
872 1522 1088 1556 ABDFHleCK
1108 1528 1133 1548 et
1151 1530 1184 1554 a‚·
1203 1531 1257 1549 om.
1276 1523 1306 1548 E.

2422 265 2495 312 287

1432 339 1576 387 delitas,
1598 353 1696 401 quae
1718 349 1773 378 est
1792 342 1934 379 malitia
1953 343 2134 379 humana.
2165 343 2243 379 Sed
2263 343 2419 380 saevitia
2438 345 2500 380 vel

1403 439 1405 442 v
1431 393 1557 430 feritas
1587 391 1800 432 continetur
1827 396 1898 432 sub
1927 395 2158 432 bestialitate.
2197 396 2309 433 Unde
2338 409 2415 433 non
2446 397 2498 433 di-

1431 454 1530 483 recte
1551 448 1758 496 opponitur
1786 449 2019 496 clementiae,
2041 449 2109 486 sed
2132 449 2499 498 superexcellentiori

1430 499 1577 547 virtuti,
1607 513 1724 549 quam
1759 502 2015 551 Philosophus
2033 502 2054 524 '¹‘
2081 510 2196 540 vocat
2222 503 2414 540 heroicam
2442 503 2676 540 vel·1='tm·c1ib
2688 515 2740 543 vn,

2527 546 2569 568 cap
2599 547 2705 568 1,.‚n1
2728 554 2738 559 ·

1402 569 1404 574 ’
1430 553 1597 590 divinam
1618 559 1642 602 ἱ,
1672 567 1770 603 quae
1799 556 2012 593 secundum
2041 568 2113 593 nos
2133 556 2284 593 videtur
2312 556 2498 605 pertinere
2527 567 2550 589 8
2554 547 2610 589 prb
2627 569 2680 621 ἐπι
2696 574 2713 591 1.

1431 607 1478 644 ad
1509 607 1610 644 dona
1640 608 1800 656 Spiritus
1830 610 1969 646 Sancti.
2000 609 2111 647 Unde
2139 617 2264 659 potest
2293 610 2366 647 dici
2394 610 2500 659 quod

1431 660 1586 697 saevitia
1615 660 1756 698 directe
1785 663 1992 711 opponitur
2020 663 2123 700 dono
2152 663 2310 712 pietatis.

1483 715 1542 750 An
1571 725 1762 752 SECUNDUM
1790 727 1975 753 DICENDUM
2009 716 2114 765 quod
2149 729 2305 753 severus
2340 728 2418 753 non
2447 716 2499 752 di-

1432 766 1525 803 citur
1545 767 1763 816 simpliciter
1782 781 1932 810 saevus,
1953 769 2044 818 quia
2062 770 2137 806 hoc
2157 778 2267 807 sonat
2287 770 2324 807 in
2342 769 2498 807 vitium:

1402 850 1404 864 ἶ
1431 820 1498 857 sed
1528 820 1661 857 dicitur
1687 833 1822 859 saevus
1850 823 1952 860 circa
1980 823 2173 860 veritatem
2194 822 2217 871 ζ,
2252 831 2408 872 propter
2436 823 2499 859 ali-

1402 896 1403 916 2
1431 886 1548 921 quam
1578 874 1862 912 similitudinem
1892 876 2089 923 saevitiae,
2120 889 2218 924 quae
2247 889 2325 914 non
2362 884 2417 913 est
2446 876 2498 913 di-

1429 926 1615 963 minutiva
1643 940 1870 976 poenarum.

1483 982 1543 1016 An
1557 991 1718 1018 TERTIUM
1734 993 1919 1018 mcssNDUM
1934 982 2040 1030 quod
2061 983 2234 1020 remissio
2250 983 2287 1019 in
2302 983 2498 1031 puniendo

1416 1032 1508 1069 vnon
1525 1041 1580 1070 est
1594 1034 1729 1070 vitium
1745 1034 1813 1070 nisi
1834 1034 2058 1083 inquantum
2079 1036 2387 1084 praetermittitur
2403 1037 2497 1073 ordo

1430 1086 1602 1132 iustitiae,
1632 1099 1710 1135 quo
1740 1087 1874 1135 aliquis
1903 1088 2016 1125 debet
2037 1094 2055 1115 η
2084 1089 2207 1137 puniri
2236 1098 2391 1138 propter
2425 1091 2499 1126 cul-

1430 1151 1533 1187 pam,
1555 1151 1671 1187 quam
1694 1141 1841 1177 excedit
1861 1141 2072 1178 crudelitas.
2100 1142 2265 1179 Saevitia
2285 1151 2411 1179 autem
2433 1156 2499 1192 pe-

1431 1192 1529 1228 nitus
1558 1193 1660 1229 hunc
1690 1193 1863 1231 ordinem
1884 1207 1963 1230 non
1992 1195 2159 1232 attendit.
2189 1196 2300 1233 Unde
2326 1196 2498 1233 remissio

1431 1245 1637 1293 punitionis
1672 1246 1810 1283 directe
1841 1247 2047 1296 opponitur
2076 1249 2298 1295 crudelitati,
2329 1262 2405 1286 non
2435 1263 2499 1286 au-

1431 1306 1508 1334 tern
1539 1306 1730 1336 saevinae.

1479 1452 1505 1484 ζ)
1526 1453 1677 1479 veritatem.
1689 1467 1709 1474 -
1727 1454 1853 1480 virtutem
1880 1456 1909 1485 L.
1928 1456 2068 1490 feritatem
2094 1457 2136 1481 ed.
2160 1464 2185 1485 a,
2209 1457 2377 1481 severitatem
2404 1457 2435 1486 Ρ,
2459 1458 2500 1483 Al.

1426 1489 1567 1514 veritatem
1588 1497 1678 1522 margo
1698 1490 1728 1515 P.

1481 1524 1507 1556 η)
1527 1525 1613 1550 debet.
1625 1539 1644 1544 —
1662 1525 1769 1551 deberet
1788 1526 1836 1552 Pa.

985 1610 1323 1643 commentaria
1344 1610 1598 1644 Car-<finalis
1620 1612 1824 1646 Caietani

309 1723 352 1785 In
376 1712 510 1743 articulo
535 1713 676 1743 secundo
700 1713 844 1744 eiusdem
869 1713 1065 1754 quaestionis
1090 1714 1374 1755 centesimaequin-
1399 1708 1402 1747 l
1428 1720 1500 1740 rum
1524 1711 1550 1740 si
1574 1712 1770 1752 quandoque
1793 1720 1938 1743 auctores
1962 1713 2024 1749 alii,
2042 1714 2210 1753 praecipue
2230 1725 2297 1745 non
2316 1715 2501 1756 philosophi

333 1757 653 1799 quagesimaenonoe,
671 1758 807 1788 dubium
831 1768 866 1788 ex
894 1758 1049 1794 Martino,
1075 1758 1129 1788 ubi
1153 1758 1297 1799 supra*,
1322 1768 1375 1789 oc-

303 1802 408 1839 currit,
433 1810 583 1842 arguente
608 1809 717 1833 contra
739 1805 915 1833 Auctorem
939 1803 990 1833 hic
1014 1802 1171 1833 dicentem
1195 1803 1284 1844 quod
1308 1813 1376 1834 cru-

301 1847 412 1878 delitas
428 1846 581 1887 importat
596 1846 803 1877 inflictionem
819 1857 942 1887 poenae
959 1857 996 1878 ex
1012 1847 1105 1887 culpa
1116 1847 1143 1878 *.
1164 1847 1282 1884 Primo,
1299 1847 1375 1888 quia

302 1892 379 1922 haec
395 1890 508 1932 opinio
524 1901 589 1921 non
605 1891 730 1921 videtur
750 1891 924 1922 conformis
940 1891 1067 1922 Valerio
1083 1892 1101 1910 *
1123 1891 1255 1932 ponenti
1272 1891 1374 1922 multa

302 1934 492 1967 crudelitatis
517 1935 675 1975 exempla,
699 1935 732 1965 in
757 1935 874 1976 quibus
904 1945 1008 1976 poena
1031 1935 1149 1967 inflicta
1179 1942 1225 1966 est
1248 1946 1314 1966 non
1338 1946 1375 1967 ex

303 1980 407 2020 culpa,
432 1979 487 2010 sed
512 1989 549 2009 ex
573 1989 676 2010 causa.

357 2024 516 2060 Secundo,
541 2024 616 2064 quia
639 2034 707 2054 non
731 2031 777 2055 est
801 2023 975 2055 conformis
998 2024 1136 2056 Senecae
1151 2024 1177 2056 *.
1203 2025 1288 2062 Quia
1307 2035 1373 2055 non

302 2069 402 2100 utitur
425 2068 557 2098 nomine
580 2069 705 2109 culpae,
730 2069 786 2099 sed
809 2078 937 2100 causae.

357 2114 395 2144 11.
420 2113 562 2143 Dubium
595 2113 804 2144 secundum*
827 2113 964 2144 occurrit
991 2123 1028 2144 ex
1056 2113 1212 2150 Martino,
1243 2114 1373 2150 ibidem,

302 2157 424 2188 dicente
457 2157 545 2198 quod
580 2157 707 2188 saevitia
741 2168 796 2188 seu
829 2157 934 2188 feritas
969 2168 1035 2188 non
1066 2159 1146 2188 bene
1177 2157 1326 2189 definitur
1355 2169 1374 2189 a

301 2202 448 2238 Thoma,
473 2211 546 2233 curn
571 2202 615 2232 ait
637 2202 725 2243 quod
749 2202 924 2233 secundum
949 2212 1019 2233 eam
1043 2203 1161 2243 aliquis
1183 2212 1247 2233 non
1270 2204 1373 2234 consi-

301 2247 396 2278 derat
418 2246 545 2286 culpam
570 2247 639 2277 eius
661 2248 717 2287 qui
733 2248 890 2287 punitur,
915 2246 973 2277 sed
994 2248 1098 2278 solum
1129 2248 1189 2277 hoc
1211 2247 1296 2288 quod
1318 2247 1374 2278 de-

301 2292 441 2323 lectatur
463 2291 495 2321 in
518 2291 684 2322 hominum
708 2292 866 2322 cruciatu.
891 2291 980 2322 Turn
1004 2291 1120 2331 primo,
1138 2291 1214 2332 quia
1237 2291 1374 2331 puniens

301 2336 401 2369 alium
423 2341 554 2375 propter
577 2335 740 2372 offensam,
759 2342 789 2366 et
806 2345 881 2366 cum
904 2336 966 2367 hoc
983 2336 1154 2367 delectatus
1170 2336 1204 2366 in
1221 2336 1288 2367 eius
1304 2346 1373 2367 cru-

301 2381 394 2416 eiam,
419 2385 466 2410 est
488 2378 584 2411 ferus.

355 2424 444 2455 Tum
467 2424 627 2461 secundo,
652 2424 727 2465 quia
751 2423 886 2464 puniens
910 2434 977 2455 non
1000 2432 1131 2465 propter
1154 2425 1293 2465 culpam,
1319 2426 1374 2456 sed

300 2476 430 2510 propter
452 2468 616 2510 propriam
640 2468 827 2505 utilitatem,
851 2479 918 2499 non
943 2469 1114 2500 delectatus
1138 2469 1171 2500 in
1201 2469 1374 2501 hominum

213 2522 230 2542 t
240 2518 274 2541 Ε-
301 2514 457 2549 cruciatu,
483 2513 633 2544 inauditis
664 2513 844 2553 suppliciis,
877 2521 924 2544 est
946 2513 1048 2544 ferus:
1081 2514 1162 2544 sicut
1184 2514 1325 2545 Phalaris
1346 2515 1371 2546 *.

120 2544 272 2602 ἜἭΉ·
300 2559 340 2589 Et
357 2557 563 2589 confirmatur
578 2568 615 2588 ex
639 2557 729 2588 dictis
743 2557 902 2594 Thomae,
919 2558 1050 2589 dicentis
1069 2559 1155 2599 quod
1174 2559 1293 2599 feritas
1311 2559 1374 2600 dif—

142 2588 271 2627 ³⁸·¹S⁸¹¹⁰⁰
289 2603 365 2644 sert
387 2612 408 2633 a
432 2603 624 2634 crudelitate
645 2603 729 2633 sicut
751 2602 927 2633 bestialitas
950 2613 970 2634 a
993 2603 1118 2634 malitia
1142 2603 1295 2634 humana.
1329 2604 1374 2636 Ita

300 2647 389 2689 quod
409 2648 514 2678 omnis
539 2646 651 2677 effusio
675 2646 836 2686 sanguinis
852 2646 1028 2678 inhumana
1052 2654 1082 2678 et
1106 2647 1243 2678 bestialis
1267 2654 1314 2678 est
1330 2648 1373 2679 fe-

300 2692 384 2728 ritas,
411 2692 587 2723 secundum
612 2691 786 2722 Thomam.

357 2736 408 2768 111.
431 2737 573 2768 Tertium
590 2735 720 2766 dubium
738 2733 753 2750 *¹
773 2741 819 2766 est
835 2745 872 2765 ex
888 2735 1026 2766 Martino
1041 2735 1076 2755 **
1093 2736 1172 2766 circa
1192 2737 1373 2777 responsio-

300 2791 374 2812 nem
397 2782 437 2812 ad
461 2781 600 2816 tertium,
616 2790 675 2820 pro
692 2787 813 2820 quanto
830 2780 905 2810 dicit
928 2781 1017 2821 quod
1037 2782 1181 2811 remissio
1192 2782 1374 2820 punitionis
1399 2787 1401 2799 ¹

298 2826 419 2857 directe
441 2826 613 2867 opponitur
636 2824 830 2863 crudelitati,
844 2830 875 2855 et
904 2834 967 2855 non
991 2826 1155 2856 saevitiae.
1180 2825 1264 2856 Dicit
1287 2826 1374 2857 enim

299 2871 388 2911 quod
411 2871 470 2901 ista
497 2869 616 2900 solutio
633 2879 698 2899 non
714 2868 839 2899 sufficit.
865 2869 951 2906 Quia
965 2869 1015 2899 vel
1032 2869 1160 2900 cuilibet
1171 2869 1248 2900 vitio
1267 2869 1300 2900 in
1321 2880 1371 2901 ex-

274 2923 278 2926 ·
300 2925 388 2946 cessu
404 2915 576 2955 respondet
591 2914 759 2954 proprium
778 2913 892 2944 vitium
909 2913 942 2943 in
958 2913 1092 2950 defectu,
1109 2914 1159 2944 vel
1176 2924 1253 2944 non.
1271 2914 1303 2945 Si
1319 2915 1372 2952 sic,

299 2967 436 3001 quaero:
448 2959 574 2996 —Quod
587 2965 633 2988 est
644 2958 724 2988 illud
737 2958 825 2999 quod
838 2958 1015 2998 opponitur
1026 2956 1189 2988 saevitiae?
1202 2959 1275 2989 Hoc
1288 2958 1373 2989 enim

300 3004 463 3044 potissime
480 3013 630 3044 quaerere
644 3002 768 3033 videtur
785 3009 1018 3043 argumentum.
1031 3020 1052 3026 -
1065 3002 1097 3033 Si
1114 3012 1180 3032 non
1193 3011 1199 3031 :
1220 3009 1296 3033 tunc
1311 3003 1373 3034 hoc

299 3055 405 3089 aperte
428 3048 529 3079 fuerat
553 3047 739 3083 dicendum,
757 3054 787 3077 et
811 3057 876 3077 non
900 3046 1226 3086 praetermittendum.

355 3093 408 3124 IV.
433 3093 483 3123 Ad
501 3093 647 3133 primum
678 3092 810 3122 dubium
825 3091 843 3110 *
867 3091 981 3122 dicitur
1009 3091 1114 3132 quod,
1146 3101 1221 3122 cum
1247 3091 1372 3122 bonum

301 3135 341 3167 sit
365 3137 486 3177 triplex,
510 3136 627 3167 scilicet
650 3137 737 3172 utile,
760 3136 945 3167 delectabile
969 3142 999 3166 et
1021 3136 1187 3166 honestum
1203 3135 1240 3172 *;
1266 3142 1296 3166 et
1318 3136 1372 3166 be-

267 3209 272 3212 .
301 3180 378 3211 stiae
406 3181 447 3211 ad
470 3181 548 3212 utile
578 3191 614 3212 ac
645 3181 828 3212 delectabile
860 3181 991 3211 tendant
1013 3180 1046 3210 in
1079 3180 1240 3210 occisione
1268 3180 1373 3210 homi-

301 3235 399 3261 num,
423 3225 463 3255 ad
485 3225 658 3256 honestum
682 3232 789 3256 autem
814 3225 1014 3255 nullatenus:
1041 3234 1239 3265 consequens
1263 3231 1310 3255 est
1338 3231 1373 3255 ut

301 3268 477 3305 crudelitas,
501 3279 583 3310 quae
607 3276 654 3300 est
676 3270 817 3300 humana
841 3269 971 3306 malitia,
997 3276 1027 3300 et
1050 3269 1174 3305 feritas,
1200 3279 1282 3309 quae
1305 3279 1371 3299 ma-

300 3313 367 3344 litia
387 3319 434 3344 est
455 3313 602 3350 bestialis,
622 3323 718 3354 penes
742 3314 821 3344 fines
845 3314 904 3344 hos
929 3313 1172 3353 distinguantur,
1190 3313 1279 3353 quod
1303 3323 1371 3344 cru-

302 3357 411 3388 delitas
435 3357 474 3387 ad
499 3367 625 3388 causam
649 3357 775 3389 honesti
798 3358 876 3389 boni
900 3358 1055 3399 respiciat,
1081 3365 1111 3388 et
1134 3364 1300 3398 propterea
1324 3357 1372 3388 di-

301 3409 389 3433 catur
405 3401 564 3432 attendere
583 3402 622 3432 ad
638 3403 780 3443 aliquam
797 3404 937 3434 iustitiae
956 3413 1099 3440 causam,
1119 3409 1149 3433 et
1165 3403 1204 3432 ad
1224 3403 1350 3442 culpam
1359 3410 1372 3440 ;
1396 3435 1398 3446 ⁴

301 3446 406 3477 feritas
437 3453 544 3476 autem
568 3446 607 3476 ad
630 3445 707 3476 utile
731 3454 761 3477 et
784 3447 966 3478 delectabile
997 3447 1103 3478 solum
1134 3446 1248 3483 fertur,
1274 3453 1305 3476 et
1328 3446 1371 3477 sic

300 3490 417 3521 bestiae
442 3490 586 3520 saeviunt
607 3489 640 3520 in
664 3490 811 3521 homines
828 3501 922 3522 causa
942 3492 991 3522 sui
1016 3492 1076 3522 cibi
1101 3498 1131 3522 et
1155 3491 1370 3521 delectationis
1396 3526 1398 3534 γ

300 3535 332 3565 in
357 3545 406 3565 eo.
431 3535 472 3565 Et
493 3534 566 3565 licet
588 3534 631 3564 ita
646 3534 799 3571 videatur,
816 3535 943 3576 proprie
958 3536 1139 3577 loquendo;
1165 3536 1240 3577 quia
1263 3542 1371 3566 tamen

299 3579 463 3610 vocabulis
487 3578 642 3618 contingit
656 3579 851 3619 quandoque
874 3580 967 3610 latius
991 3580 1048 3616 uti,
1069 3580 1142 3611 ideo
1160 3590 1225 3611 non
1243 3587 1290 3611 est
1313 3580 1370 3610 mi·
1396 3579 1398 3607 ἶ

1429 1755 1575 1792 morales,
1593 1756 1681 1786 aliter
1697 1757 1827 1787 nomine
1848 1757 2038 1788 crudelitatis
2055 1758 2104 1788 usi
2120 1758 2246 1790 fuerint.
2267 1760 2308 1791 Et
2323 1761 2385 1791 hoc
2402 1762 2500 1791 modo

1429 1799 1510 1831 forte
1533 1800 1678 1830 Valerius
1702 1801 1892 1832 crudelitate
1910 1802 1977 1833 sine
2001 1813 2095 1833 causa
2114 1803 2239 1834 honesti
2263 1804 2349 1841 boni,
2367 1805 2431 1836 veri
2451 1805 2501 1836 vel

1429 1844 1621 1885 apparentis,
1646 1855 1723 1875 usus
1747 1853 1803 1876 est.

1485 1889 1583 1926 Quod
1601 1896 1708 1920 autem
1725 1889 1843 1921 Seneca
1862 1890 1994 1921 nomine
2010 1901 2139 1929 causae,
2158 1902 2223 1922 non
2240 1893 2364 1933 culpae,
2383 1900 2499 1930 utatur,

1428 1933 1507 1964 nihil
1530 1933 1640 1964 refert:
1665 1934 1821 1975 quoniam
1838 1935 1884 1965 uti
1901 1935 2032 1965 nomine
2051 1946 2180 1974 causae,
2198 1936 2403 1977 intelligendo
2428 1948 2500 1969 cau-

1428 1988 1497 2008 sam
1520 1978 1686 2009 honestam
1710 1989 1782 2010 vere
1801 1979 1852 2010 vel
1875 1987 2070 2020 apparenter
2087 1988 2117 2011 et
2140 1981 2186 2011 uti
2211 1981 2341 2012 nomine
2364 1983 2498 2023 culpae,

1428 2022 1461 2053 in
1483 2022 1585 2053 littera
1617 2023 1813 2064 aequiparari
1836 2024 1998 2061 videntur,
2025 2025 2103 2055 dum
2130 2025 2235 2065 primo
2263 2026 2394 2057 nomine
2425 2037 2500 2058 cau-

1427 2077 1484 2098 sae
1499 2068 1650 2105 iustitiae,
1667 2075 1697 2098 et
1713 2068 1826 2099 deinde
1850 2068 1982 2099 nomine
2007 2070 2120 2110 culpae
2144 2069 2258 2106 utitur;
2282 2071 2358 2111 quia
2381 2071 2500 2103 iustitia

1427 2112 1460 2142 in
1485 2111 1706 2152 punitionibus
1735 2112 1861 2153 respicit
1885 2113 2027 2153 culpam,
2053 2124 2157 2154 poena
2181 2114 2266 2144 enim
2289 2115 2417 2156 proprie
2440 2117 2499 2147 soli

1429 2157 1541 2197 culpae
1565 2157 1706 2188 debetur.

1485 2201 1522 2231 V.
1548 2201 1599 2231 Ad
1628 2201 1805 2232 secundum
1834 2201 1965 2232 dubium
1984 2202 2002 2221 *
2026 2202 2140 2232 dicitur
2170 2203 2260 2243 quod
2290 2204 2426 2243 puniens
2457 2205 2500 2235 ob

1429 2245 1557 2286 culpam
1581 2252 1611 2276 et
1634 2245 1806 2276 delectatus
1829 2245 1861 2276 in
1887 2246 2046 2282 cruciatu,
2071 2246 2095 2276 si
2121 2247 2286 2277 delectatio
2318 2248 2397 2279 sistit
2419 2249 2500 2279 infra

1427 2289 1543 2320 limites
1560 2290 1716 2320 cruciatus
1732 2290 1925 2331 inquantum
1941 2291 2113 2331 respondet
2125 2291 2246 2332 culpae,
2263 2302 2328 2322 non
2342 2301 2388 2323 est
2404 2293 2499 2326 ferus.

1429 2334 1528 2372 Quod
1551 2334 1577 2364 si
1600 2334 1730 2375 incipiat
1753 2336 1791 2365 ab
1822 2334 2033 2366 immoderata
2057 2335 2224 2376 punitione
2257 2337 2369 2377 culpae
2393 2345 2423 2368 et
2447 2339 2500 2369 de-

1427 2379 1533 2410 veniat
1556 2379 1587 2409 in
1620 2379 1862 2410 delectationem
1893 2380 2050 2410 cruciatus
2084 2380 2217 2411 humani
2248 2382 2426 2412 secundum
2457 2393 2500 2420 se,

1429 2423 1534 2464 primo
1559 2423 1704 2460 crudelis,
1729 2423 1842 2454 deinde
1866 2423 1950 2455 ferus
1975 2432 2031 2456 est.

1485 2469 1584 2505 Quod
1608 2475 1716 2499 autem
1733 2469 1874 2499 secundo
1891 2469 2049 2505 obiicitur,
2066 2469 2104 2499 de
2121 2469 2277 2500 saeviente
2294 2477 2424 2510 propter
2439 2471 2499 2502 uti-

1427 2512 1550 2544 litatem
1573 2513 1640 2543 sine
1664 2513 1890 2550 delectatione,
1915 2514 2049 2544 solvitur
2072 2523 2109 2544 ex
2125 2524 2163 2544 eo
2180 2514 2269 2554 quod
2285 2514 2347 2545 hoc
2370 2525 2426 2555 per
2451 2526 2500 2546 ac-

1429 2557 1536 2588 cidens
1559 2564 1685 2588 tantum
1709 2565 1789 2588 esset
1812 2558 1972 2597 possibile,
1999 2558 2023 2588 si
2047 2558 2198 2598 possibile
2217 2566 2306 2589 esset.
2337 2560 2420 2589 Nam
2444 2570 2501 2599 per

1428 2612 1460 2632 se
1484 2602 1660 2643 loquendo,
1677 2603 1742 2643 qui,
1762 2602 1849 2633 nulla
1866 2613 1959 2633 causa
1975 2602 2111 2633 iustitiae
2136 2603 2341 2639 considerata,
2366 2604 2499 2644 solaque

1429 2646 1561 2678 utilitate
1590 2657 1647 2677 sua
1674 2646 1799 2677 ducitur
1822 2647 1862 2676 ad
1895 2646 2106 2677 occidendum
2133 2646 2316 2684 hominem,
2341 2655 2498 2688 quantum

1428 2698 1475 2722 est
1498 2702 1535 2722 ex
1559 2699 1670 2722 natura
1694 2698 1791 2727 actus,
1817 2691 1917 2731 pascit
1940 2701 1972 2721 se
1997 2691 2085 2722 clade
2109 2691 2266 2721 humana:
2292 2702 2327 2722 ac
2347 2702 2402 2732 per
2426 2692 2497 2729 hoc,

1428 2736 1600 2767 delectatur
1629 2736 1661 2766 in
1687 2735 1826 2766 cruciatu
1851 2735 1990 2766 hominis
2020 2735 2213 2776 inquantum
2237 2744 2282 2767 est
2307 2736 2365 2766 sibi
2394 2736 2496 2773 utilis,

1427 2781 1574 2822 quamvis
1598 2791 1664 2810 non
1689 2780 1860 2810 delectetur
1883 2780 1914 2810 in
1939 2780 2079 2810 hominis
2103 2780 2243 2810 cruciatu
2263 2781 2439 2811 secundum
2465 2792 2498 2812 se

1428 2824 1530 2867 (quod
1555 2825 1715 2855 excederet
1739 2824 1833 2855 etiam
1857 2824 2028 2855 feritatem:
2060 2835 2135 2854 nam
2158 2824 2274 2855 bestiae
2305 2825 2499 2856 delectantur

1427 2869 1460 2910 igi
1483 2876 1587 2900 morte
1617 2868 1761 2899 animalis
1785 2876 1820 2899 ut
1844 2868 1928 2899 utilis
1958 2868 2002 2899 eis
2030 2869 2070 2899 ad
2101 2867 2311 2911 alimentum).
2341 2869 2498 2907 Quocirca

1427 2914 1497 2944 talis
1521 2921 1567 2944 est
1590 2913 1689 2950 ferus,
1714 2920 1745 2944 et
1768 2914 1940 2944 delectatur
1962 2913 1995 2943 in
2020 2913 2106 2944 clade
2133 2913 2274 2944 humana
2298 2920 2333 2944 ut
2357 2914 2451 2944 utilis.
2477 2932 2499 2937 —

1427 2959 1467 2989 Et
1491 2965 1670 2989 consonant
1693 2958 1737 2988 sic
1761 2958 1871 2988 omnia
1894 2968 1931 2988 ex
1955 2964 2063 2988 sancto
2087 2958 2217 2988 Thoma
2241 2958 2343 2988 allata.

1483 3003 1536 3033 Vl.
1561 3003 1612 3033 Ad
1634 3004 1764 3033 tertium
1788 3002 1917 3033 dubium
1938 3002 1956 3021 *
1980 3002 2093 3032 dicitur
2123 3003 2212 3043 quod
2235 3002 2400 3042 responsio
2431 3005 2498 3033 Au—

1428 3047 1521 3078 ctoris
1542 3054 1588 3078 est
1604 3046 1772 3077 sufficiens.
1797 3047 1848 3077 Ad
1872 3046 2085 3077 obiectionem
2101 3047 2310 3087 respondetur
2329 3047 2417 3087 quod
2441 3057 2497 3087 pe-

1427 3091 1497 3122 titio
1522 3099 1568 3122 est
1591 3091 1816 3131 impertinens:
1849 3098 1879 3122 et
1902 3091 1974 3121 ideo
1998 3101 2065 3121 non
2089 3097 2136 3121 est
2157 3091 2202 3121 illi
2227 3091 2496 3131 respondendum.

1427 3138 1663 3175 Argumentum
1687 3135 1773 3166 enim
1797 3145 1863 3165 non
1887 3135 1966 3176 petit
1988 3145 2028 3165 an
2060 3135 2187 3166 cuilibet
2208 3135 2285 3165 vitio
2305 3135 2337 3165 in
2370 3145 2497 3166 excessu

1427 3180 1617 3220 respondeat
1641 3180 1728 3210 aliud
1751 3179 1866 3210 vitium
1889 3180 1922 3210 in
1946 3179 2086 3216 defectu;
2111 3190 2169 3210 nec
2192 3180 2315 3220 quaerit
2338 3180 2428 3220 quod
2451 3180 2496 3210 vi-

1426 3224 1508 3254 tium
1533 3224 1709 3264 opponitur
1728 3223 1883 3260 saevitiae,
1900 3231 1936 3254 ut
1951 3234 2085 3263 arguens
2100 3224 2253 3254 somniat:
2279 3224 2333 3254 sed
2350 3234 2386 3254 ex
2409 3224 2497 3255 iden-

1426 3268 1514 3299 titate
1538 3268 1633 3299 unius
1657 3268 1815 3308 oppositi,
1840 3268 1957 3299 scilicet
1983 3268 2050 3298 vitii
2074 3268 2106 3298 in
2131 3268 2275 3305 defectu,
2305 3268 2422 3299 scilicet
2454 3279 2498 3300 re-

1427 3312 1586 3343 missionis
1610 3313 1643 3342 in
1666 3312 1842 3352 puniendo,
1860 3312 1963 3353 arguit
1977 3313 2016 3342 ad
2035 3312 2232 3343 identitatem
2256 3312 2448 3344 crudelitatis
2468 3320 2499 3344 et

1426 3357 1582 3393 saevitiae,
1607 3367 1688 3398 quae
1713 3367 1745 3387 se
1768 3363 1877 3387 tenent
1901 3367 1937 3387 ex
1961 3363 2048 3397 parte
2072 3366 2227 3387 excessus.
2250 3357 2291 3388 Et
2315 3357 2434 3388 solutio
2451 3365 2497 3388 est

1426 3411 1481 3442 per
1504 3401 1798 3441 interemptionem:
1831 3401 1948 3431 scilicet
1976 3401 2063 3442 quod
2095 3401 2239 3432 remissio
2263 3401 2407 3442 punitiva
2431 3412 2495 3432 non

1426 3446 1602 3486 opponitur
1625 3445 1740 3476 directe
1764 3445 1900 3486 utrique,
1925 3445 1979 3475 sed
2004 3446 2179 3476 crudelitati
2202 3452 2336 3479 tantum.
2361 3447 2402 3477 Et
2421 3456 2496 3487 pro-

1426 3491 1479 3520 bat
1502 3490 1590 3531 quod
1615 3490 1706 3526 dicit,
1731 3497 1767 3520 ut
1789 3497 1876 3530 patet
1898 3489 1930 3519 in
1955 3490 2067 3521 littera.
2098 3491 2139 3521 Et
2162 3490 2206 3521 sic
2238 3497 2381 3521 remanet
2404 3501 2494 3530 argu-

1426 3542 1572 3565 mentum
1596 3534 1859 3565 sufficientissime
1882 3534 2034 3565 solutum.

1483 3579 1620 3610 Curioso
1645 3586 1752 3610 autem
1776 3579 1814 3609 de
1830 3579 1884 3609 illa
1899 3579 2120 3619 impertinente
2137 3579 2323 3620 quaestione
2347 3578 2407 3609 dici
2424 3585 2493 3617 pot-

2526 2215 2537 2224 ·
2551 2213 2622 2236 Num.
2636 2220 2660 2236 u.

2525 3008 2536 3019 ⁸
2548 3008 2619 3032 Num.
2635 3016 2670 3032 ιιι.
