2768 4198
23 931 34 942 ·
47 930 114 953 Vm.
127 936 158 953 ιι.

21 1898 166 1938 'vm-²3⁶,

20 2108 32 2120 ⁸
45 2088 164 2136 Vnt-41*

22 2220 32 2230 ⁸
46 2218 114 2242 Vm.
128 2218 160 2242 ¹8.
171 2229 182 2235 -
197 2218 233 2241 Cf.

19 2245 100 2269 Hmh.
127 2250 180 2273 ειν.
205 2251 234 2273 v,

20 2277 130 2309 '¹¹‘st
153 2296 155 2304 ι

21 2325 31 2337 ·
46 2324 113 2348 Vm.
125 2330 166 2352 4ο.

890 286 1158 347 QUAESTIO
1190 302 1435 349 CLxxxlv,
1465 302 1762 339 ARTlcULus
1794 303 1841 338 111

1074 473 1394 515 ARTICULUS
1423 473 1652 515 TERTIUS

582 566 737 598 UTRUM
762 566 1008 597 PERFECTIO
1033 567 1133 596 leE
1158 566 1401 597 CONSISTAT
1426 567 1468 596 IN
1492 566 1765 602 PRAECEPTIS‚
1790 567 1849 596 AN
1874 567 1916 596 1N
1941 565 2147 597 CONSILIIS

628 655 659 679 111
681 656 758 680 Cont.
780 656 867 684 Geni„
887 663 942 688 cap.
962 662 1039 685 cxxx;
1061 656 1102 680 De
1125 655 1230 685 Virtut„
1251 664 1294 688 qu.
1314 663 1341 686 ιι,
1361 661 1407 681 art.
1432 663 1470 685 ιι,
1491 656 1522 680 ad
1544 655 1573 686 53
1595 655 1691 686 Quodl.
1712 656 1754 686 IV,
1773 663 1818 688 qu.
1837 663 1880 686 xu,
1900 661 1947 681 art.
1968 663 1991 686 2,

2013 656 2044 680 ad
2066 663 2093 685 23

662 691 739 716 Cont.
759 691 907 716 retrahent.
926 692 959 716 ab
980 691 1092 724 ingress.
1111 691 1207 724 Relig„
1229 699 1284 723 cap.
1302 699 1343 722 Vl;
1365 692 1394 715 In
1414 691 1521 720 Matth.,
1541 699 1596 724 cap.
1615 699 1669 722 x1x;
1688 691 1732 716 Ad
1751 691 1826 719 Heb„
1847 699 1901 724 cap.
1921 699 1954 721 νι,
1974 692 2032 716 lect.
2051 699 2068 716 ι.

295 785 355 811 >xl

294 797 322 820 ,s-
413 813 423 821 s

289 802 349 883 {J
393 812 452 883 {34
477 823 660 872 perfectio
689 823 776 859 viae
798 829 814 844 ‘²
843 835 921 860 non
960 823 1131 860 consistit
1159 823 1196 859 in
1225 836 1334 872 prae-

281 876 328 924 ΗΥ]
420 866 435 886 ²
457 873 609 925 ceptis,
631 876 700 913 sed
729 876 767 913 in
797 876 974 914 consiliis.
1005 877 1106 913 Dicit
1127 876 1226 913 enim
1256 878 1334 914 Do-

282 922 294 934 ”
322 947 334 958 κ
396 940 409 957 ν’
432 920 617 977 &minus
656 931 791 967 Matth.
819 942 879 967 X1x
903 930 943 967 *τ
983 931 1025 967 Si
1059 931 1114 967 vis
1145 932 1335 980 perfectus

264 995 354 1028 esse,
374 983 472 1020 vade
498 989 535 1020 et
558 984 678 1020 vende
697 985 826 1020 omnia
845 995 943 1032 quae
970 985 1085 1021 habes
1104 990 1140 1021 et
1166 984 1214 1020 da
1237 996 1334 1032 pau-

258 1037 426 1086 peribus,
456 1042 492 1074 et
516 1037 614 1083 veni,
643 1049 799 1085 sequere
826 1049 898 1074 me.
930 1038 1007 1074 Sed
1036 1037 1135 1074 istud
1161 1045 1217 1073 est
1245 1050 1335 1074 con-

264 1090 403 1127 silium.
434 1091 537 1139 Ergo
565 1091 749 1139 perfectio
779 1090 985 1127 attenditur
1013 1091 1225 1128 secundum
1246 1104 1335 1128 con-

263 1143 356 1190 silia,
388 1151 424 1180 et
452 1156 532 1180 non
561 1145 776 1181 secundum
805 1152 1021 1192 praecepta.

318 1208 353 1234 2.
374 1197 619 1244 PRAETEREA,
649 1199 697 1234 ad
727 1197 1011 1234 observantiam
1042 1205 1333 1246 praeceptorum

264 1262 402 1287 omnes
429 1258 627 1288 tenentur:
657 1263 746 1287 cum
772 1251 845 1287 sint
873 1250 920 1288 de
950 1250 1171 1287 necessitate
1193 1251 1333 1288 salutis.

264 1303 434 1352 Sjezgo
459 1304 641 1354 perfectio
680 1303 917 1341 Christianae
947 1303 1046 1340 vitae
1084 1304 1265 1340 consistat
1297 1305 1335 1341 in

263 1357 489 1406 praeceptis,
509 1357 680 1406 sequitur
707 1358 813 1407 quod
842 1357 1023 1406 perfectio
1054 1356 1100 1393 sit
1128 1357 1175 1393 de
1205 1370 1335 1394 neces-

263 1410 371 1459 sitate
392 1411 521 1447 salutis
541 1409 567 1458 β,
598 1419 635 1447 et
654 1411 759 1459 quod
781 1422 917 1447 omnes
937 1411 986 1448 ad
1016 1423 1102 1447 eam
1122 1418 1334 1448 teneantur.

265 1463 382 1510 Quod
411 1472 515 1512 patet
544 1476 627 1500 esse
655 1464 804 1501 falsum.

319 1517 353 1554 3.
384 1517 627 1563 PRAETEREA,
658 1517 840 1565 perfectio
878 1517 1114 1553 Christianae
1152 1517 1252 1554 vitae
1282 1525 1334 1554 at-

261 1569 431 1607 tenditur
467 1571 681 1608 secundum
716 1571 933 1618 caritatem,
972 1577 1013 1606 ut
1049 1570 1193 1607 dictum
1228 1579 1284 1607 est
1303 1571 1333 1608 ’ἦ

263 1623 340 1660 Sed
368 1623 552 1673 perfectio
583 1623 747 1661 caritatis
776 1636 855 1660 non
882 1623 1035 1660 videtur
1059 1624 1268 1661 consistere
1297 1625 1335 1662 in

262 1677 506 1715 observantia
521 1686 838 1726 praeceptorum:
869 1677 958 1726 quia
977 1677 1253 1726 perfectionem
1275 1690 1334 1715 ca-

261 1730 378 1768 ritatis
392 1730 587 1780 praecedit
608 1740 643 1768 et
663 1739 914 1779 augmentum
936 1739 972 1767 et
992 1731 1184 1768 inchoatio
1205 1732 1334 1781 ipsius,

261 1791 302 1822 ut
317 1791 421 1835 patet
434 1797 504 1834 per
518 1785 789 1833 Augustinurn,
804 1796 919 1833 super
933 1785 1166 1822 Canonicam
1182 1785 1334 1832 Ioan.*;

261 1850 340 1877 non
369 1846 499 1876 autem
528 1846 654 1887 potest
684 1838 818 1875 caritas
839 1838 1010 1875 inchoari
1039 1846 1126 1876 ante
1154 1840 1335 1876 observa-

261 1891 407 1929 tionem
427 1900 736 1942 praeceptorum,
757 1891 858 1940 quia,
878 1899 920 1928 ut
938 1891 1075 1929 dicitur
1099 1893 1203 1929 Ioan.
1223 1905 1284 1930 xlv
1298 1892 1334 1930 *τ

262 1945 304 1982 Si
321 1946 404 1994 quis
423 1946 545 1995 diligit
563 1957 635 1991 me,
655 1957 869 1982 sermonem
889 1957 1015 1982 meum
1035 1947 1209 1983 servabit.
1232 1947 1333 1994 Ergo

260 1998 445 2048 perfectio
474 1998 575 2036 vitae
604 2011 684 2035 non
713 1997 917 2035 attenditur
945 1999 1158 2036 secundum
1180 2011 1334 2048 praece-

159 2085 206 2101 m„
262 2058 340 2102 pta,
369 2052 437 2090 sed
466 2052 679 2089 secundum
710 2051 878 2089 consilia.

317 2106 393 2143 SED
413 2117 562 2144 CONTRA
581 2117 647 2143 EST
667 2105 774 2154 quod
794 2105 929 2142 dicitur
947 2106 1058 2143 Deut.
1079 2118 1114 2142 Vl
1129 2105 1167 2142 *ε
1189 2106 1335 2156 Diliges

261 2160 472 2197 Dominum
503 2160 626 2196 Deum
654 2165 759 2196 tuum
779 2171 829 2195 ex
847 2164 921 2196 toto
950 2160 1064 2196 corde
1082 2165 1157 2196 tuo.
1197 2160 1246 2196 Et
1263 2161 1334 2196 Le-

262 2213 324 2250 vit.
345 2212 445 2250 xix*
474 2213 627 2250 dicitur:
663 2213 810 2263 Diliges
841 2213 1066 2261 proximum
1103 2218 1209 2249 tuum
1241 2214 1338 2250 sicut

261 2266 430 2317 teipsum.
461 2266 568 2303 Haec
588 2273 717 2303 autem
743 2274 831 2303 sunt
859 2266 936 2303 duo
955 2274 1160 2315 praecepta
1187 2266 1234 2303 de
1255 2266 1335 2314 qui-

261 2320 334 2357 bus
362 2319 554 2357 Dominus
584 2319 692 2366 dicit,
723 2319 951 2356 Matth.·xxu
971 2319 1012 2356 *ε
1040 2321 1087 2356 In
1116 2320 1173 2356 his
1191 2320 1337 2357 duobus

254 2373 467 2422 praeceptis
489 2373 628 2422 pendet
655 2374 739 2410 Lex
757 2378 794 2409 et
810 2374 1031 2421 Prophetae.
1061 2373 1248 2410 Perfectio
1273 2386 1336 2410 au-

260 2435 338 2464 tem
367 2427 542 2474 caritatis,
572 2426 786 2464 secundum
816 2439 934 2474 quam
965 2426 1101 2463 dicitur
1126 2426 1205 2463 vita
1231 2427 1337 2464 Chri-

235 2479 382 2518 'stiana
421 2493 504 2518 esse
541 2480 727 2529 perfecta,
766 2480 971 2517 attenditur
1008 2480 1222 2517 secundum
1261 2481 1335 2518 hoc

261 2535 366 2584 quod
386 2534 516 2571 Deum
537 2546 582 2570 ex
602 2542 682 2571 toto
705 2533 821 2570 corde
842 2533 1040 2582 diligamus
1062 2541 1098 2570 et
1117 2533 1335 2582 proximum

261 2587 357 2630 sicut
375 2600 447 2624 nos
467 2589 582 2636 ipsos.
612 2588 716 2635 Ergo
735 2586 888 2625 videtur
916 2587 1021 2635 quod
1049 2586 1231 2636 perfectio
1249 2600 1336 2625 con-

261 2641 367 2678 sistat
395 2641 432 2678 in
461 2640 707 2677 observantia
735 2647 1044 2689 praeceptorum.

316 2695 544 2731 Respounsso
575 2705 762 2731 memnon
787 2695 893 2742 quod
921 2693 1103 2742 perfectio
1133 2693 1269 2730 dicitur
1297 2694 1334 2731 in

260 2748 388 2797 aliquo
419 2748 624 2785 consistere
660 2747 875 2796 dupliciter:
911 2759 989 2784 uno
1029 2746 1167 2793 modo,
1196 2759 1267 2796 per
1295 2760 1335 2785 se

261 2809 298 2839 et
325 2801 594 2847 essentialiter,
630 2801 703 2838 alio
740 2802 880 2847 modo,
912 2800 1137 2837 secundario
1174 2808 1210 2837 et
1243 2801 1336 2838 acci-

261 2854 469 2892 dentaliter.
499 2856 574 2891 Per
593 2867 632 2891 se
653 2854 812 2902 quidem
834 2862 869 2891 et
898 2853 1144 2891 essentialiter
1167 2854 1336 2892 consistit

259 2908 441 2958 perfectio
472 2908 708 2946 Christianae
732 2908 832 2945 vitae
858 2907 895 2944 in
925 2907 1096 2944 caritate:
1127 2907 1337 2956 principali·

260 2969 317 2999 ter
353 2962 511 3010 quidem
548 2963 761 2999 secundum
797 2961 1040 2999 dilectionem
1076 2960 1172 3007 Dei,
1203 2973 1335 2998 secun-

262 3015 370 3053 dario
398 3024 527 3053 autern
557 3016 772 3052 secundum
802 3014 1045 3052 dilectionem
1075 3014 1255 3062 proximi,
1286 3015 1334 3052 de

261 3067 400 3118 quibus
421 3069 559 3107 dantur
576 3077 781 3118 praecepta
806 3068 1030 3118 principalia
1050 3067 1201 3104 divinae
1230 3068 1332 3116 legis,

229 3146 234 3151 -
261 3129 304 3158 ut
332 3121 476 3160 dictum
505 3130 562 3160 est
578 3122 610 3160 ³¹².
641 3124 733 3159 Non
753 3130 882 3159 autem
913 3121 1062 3159 dilectio
1092 3121 1164 3157 Dei
1195 3129 1231 3158 et
1248 3133 1334 3170 pro-

229 3173 235 3210 Ξ
262 3174 355 3212 ximi
371 3175 471 3213 cadit
489 3177 561 3214 sub
581 3184 786 3225 praecepto
808 3176 1020 3213 secundum
1042 3174 1209 3222 aliquam
1230 3187 1334 3212 men-

264 3240 409 3275 suram,
438 3228 490 3266 ita
517 3231 622 3279 quod
657 3230 694 3267 id
733 3229 838 3279 quod
872 3238 927 3266 est
954 3229 1039 3277 plus
1068 3228 1138 3264 sub
1175 3228 1331 3265 consilio

263 3289 476 3319 remaneat:
504 3290 548 3319 ut
565 3290 668 3332 patet
687 3296 731 3320 ex
751 3284 833 3334 ipsa
857 3283 980 3320 forma
1008 3281 1211 3330 praecepti,
1233 3293 1331 3329 quae

262 3334 539 3384 perfectionem
569 3336 814 3383 demonstrat,
835 3344 877 3373 ut
901 3348 989 3373 cum
1020 3334 1164 3381 dicitur,
1186 3335 1333 3384 Diliges

263 3389 474 3426 Dominum
493 3389 619 3425 Deum
647 3394 752 3427 tuum
771 3402 822 3427 ex
840 3396 914 3427 toto
934 3389 1047 3427 corde
1075 3394 1150 3434 tuo,
1170 3409 1194 3416 -
1215 3394 1331 3424 totum

265 3442 365 3479 enim
387 3448 423 3479 et
441 3442 651 3490 perfectum
677 3442 775 3480 idem
796 3449 894 3490 sunt,
919 3442 1132 3480 secundum
1161 3441 1332 3478 Philoso-

381 791 450 833 fl«
477 781 500 806 1)
519 781 680 806 TERTIUM
707 782 759 806 sm
779 782 1020 807 PROCEDITUR.
1046 769 1206 807 Videtur
1229 770 1334 818 quod
1360 799 1362 801 v

1389 771 1523 818 phum,
1540 770 1578 806 in
1595 771 1643 806 IlI
1661 771 1810 818 Physic.
1831 770 1869 815 *;
1892 779 1927 806 et
1943 783 2029 807 cum
2046 771 2191 818 dicitur,
2208 771 2354 821 Diliges
2369 784 2459 820 pro-

1388 824 1536 860 ximum
1557 829 1661 860 tuum
1680 824 1776 860 sicut
1802 824 1970 872 teipsum,
1991 824 2252 873 unusquisque
2281 826 2383 862 enim
2405 838 2460 862 se-

1390 877 1515 925 ipsum
1546 877 1711 913 maxime
1743 877 1869 925 diligit.
1901 878 1948 914 Et
1967 879 2042 914 hoc
2070 878 2157 914 ideo
2188 886 2242 914 est
2261 879 2350 926 quia
2363 880 2460 926 finis

1384 931 1580 979 praecepti
1614 931 1753 967 caritas
1790 937 1853 975 est,
1892 939 1932 967 ut
1970 932 2178 980 Apostolus
2216 932 2321 979 dicit,
2359 933 2369 968 Ι
2410 934 2461 970 ad

1394 984 1489 1021 Tim.
1521 983 1587 1020 1²³⁶:
1624 984 1662 1020 in
1697 985 1773 1020 fine
1812 992 1939 1020 autem
1979 997 2056 1021 non
2095 984 2297 1022 adhibetur
2334 985 2458 1034 aliqua

1392 1049 1583 1084 mensura,
1611 1037 1678 1073 sed
1708 1038 1832 1073 solum
1862 1037 1900 1074 in
1929 1037 1986 1077 his
2014 1050 2113 1086 quae
2143 1039 2296 1075 suntad
2326 1040 2457 1086 finem,

1391 1099 1430 1127 ut
1459 1091 1717 1139 Philosophus
1737 1090 1836 1136 dicit,
1851 1091 1894 1129 in
1926 1092 1938 1127 I
1968 1091 2074 1128 Polit.
2096 1091 2136 1136 *;
2166 1091 2261 1128 sicut
2286 1092 2458 1129 medicus

1392 1157 1468 1181 non
1485 1144 1640 1181 adhibet
1655 1156 1875 1180 mensuram
1892 1152 2078 1191 quantum
2096 1153 2213 1188 sanet,
2230 1145 2297 1182 sed
2317 1154 2459 1193 quanta

1391 1197 1581 1234 medicina
1609 1198 1671 1234 vel
1702 1197 1825 1234 diaeta
1853 1205 1979 1234 utatur
2007 1199 2054 1235 ad
2076 1198 2299 1237 sanandum.
2330 1200 2378 1235 Et
2406 1200 2459 1236 sic

1391 1259 1492 1299 patet
1513 1252 1615 1299 quod
1636 1251 1816 1298 perfectio
1838 1251 2085 1288 essentialiter
2104 1251 2272 1290 consistit
2291 1252 2329 1288 in
2354 1265 2460 1301 prae-

1392 1304 1521 1352 ceptis.
1551 1303 1662 1341 Unde
1692 1304 1925 1351 Augustinus
1955 1305 2052 1351 dicit,
2074 1306 2111 1342 in
2139 1307 2235 1343 libro
2264 1306 2309 1342 de
2335 1307 2460 1354 Perfe-

1391 1358 1512 1393 ctione
1531 1357 1699 1393 Iustitiae
1717 1357 1756 1393 *ε
1792 1358 1871 1394 Cur
1890 1370 1983 1407 ergo
2004 1371 2078 1395 non
2096 1359 2378 1407 praeciperetur
2397 1361 2460 1395 ho-

1392 1410 1486 1447 mini
1503 1410 1572 1446 ista
1586 1410 1782 1458 perfectio,
1803 1412 1976 1458 quamvis
1994 1423 2078 1448 eam
2099 1413 2136 1449 in
2156 1414 2228 1449 hac
2253 1412 2329 1448 vita
2350 1424 2459 1449 nemo

1391 1463 1557 1500 habeat?

1446 1516 1681 1553 Secundario
1711 1524 1838 1552 autem
1865 1525 1900 1552 et
1920 1516 2251 1554 instrumentaliter
2279 1518 2459 1566 perfectio

1393 1570 1562 1607 consistit
1590 1570 1628 1606 in
1659 1569 1834 1606 consiliis.
1866 1570 1975 1616 Quae
1997 1571 2137 1617 omnia,
2169 1571 2264 1607 sicut
2293 1579 2328 1607 et
2356 1583 2461 1619 prae-

1392 1633 1511 1673 cepta,
1529 1622 1752 1660 ordinantur
1771 1623 1820 1659 ad
1841 1623 2052 1660 caritatem:
2075 1625 2142 1661 sed
2162 1625 2268 1661 aliter
2288 1632 2324 1660 et
2343 1624 2459 1662 aliter.

1392 1679 1494 1715 Nam
1515 1684 1719 1726 praecepta
1738 1676 1809 1713 alia
1824 1682 1839 1704 Υ
1869 1678 2090 1714 ordinantur
2109 1679 2157 1715 ad
2178 1678 2459 1715 removendum

1392 1744 1436 1768 ea
1465 1743 1564 1780 quae
1593 1738 1680 1767 sunt
1709 1730 1849 1767 caritati
1879 1731 2078 1777 contraria,
2110 1744 2197 1768 cum
2229 1731 2365 1780 quibus
2394 1732 2461 1768 sci-

1391 1785 1475 1822 licet
1503 1784 1636 1821 caritas
1666 1796 1748 1820 esse
1779 1796 1857 1820 non
1885 1792 2028 1833 potest:
2061 1785 2217 1822 consilia
2246 1793 2373 1822 autern
2404 1798 2460 1822 or-

1391 1838 1568 1876 dinantur
1588 1838 1636 1874 ad
1667 1838 1945 1874 removendum
1967 1838 2242 1887 impedimenta
2268 1846 2372 1875 actus
2403 1851 2460 1875 ca-

1392 1892 1518 1938 ritatis,
1535 1903 1633 1940 quae
1654 1898 1784 1927 tamen
1805 1891 1945 1928 caritati
1964 1904 2042 1928 non
2063 1892 2348 1939 contrariantur,
2366 1892 2461 1929 sicut

1391 1954 1447 1983 est
1473 1945 1772 1991 matrimonium,
1795 1945 1994 1993 occupatio
2025 1946 2263 1994 negotiorum
2294 1947 2460 1983 saecula-

1390 1999 1500 2044 rium,
1532 2006 1568 2034 et
1596 1998 1668 2035 alia
1696 1998 1929 2036 huiusmodi.
1959 1999 2070 2036 Unde
2098 1999 2329 2047 Augustinus
2358 1999 2457 2046 dicit,

1390 2053 1427 2090 in
1462 2052 1656 2090 Enchirid.
1681 2052 1721 2089 *ε
1762 2052 2029 2100 Quaecumque
2066 2053 2223 2090 mandat
2252 2054 2374 2098 Deus,
2410 2065 2460 2090 ex

1389 2106 1523 2155 quibus
1552 2118 1669 2142 unum
1694 2112 1757 2152 est,
1777 2106 1868 2143 Non
1898 2107 2172 2151 moechaberis;
2200 2112 2235 2143 et
2261 2118 2459 2154 quaecum-

1390 2172 1461 2209 que
1490 2171 1564 2196 non
1594 2159 1779 2205 iubentur,
1800 2160 1866 2196 sed
1891 2160 2046 2208 speciali
2072 2159 2225 2196 consilio
2245 2166 2458 2206 monentur,

1390 2226 1440 2250 ex
1467 2213 1601 2262 quibus
1621 2225 1738 2249 unum
1767 2218 1830 2258 est,
1850 2215 2001 2250 Bonum
2022 2219 2077 2250 est
2092 2213 2238 2250 homini
2262 2213 2457 2250 mulierem

1390 2279 1464 2304 non
1495 2272 1670 2316 tangere:
1698 2272 1786 2303 tunc
1814 2272 1912 2303 recte
1929 2268 2036 2315 fiunt
2053 2278 2138 2303 cum
2166 2267 2383 2314 referuntur
2410 2267 2461 2303 ad

1390 2320 1622 2369 diligendum
1643 2320 1776 2367 Deum
1801 2326 1837 2356 et
1854 2321 2078 2369 proximum
2092 2325 2250 2368 propter
2268 2321 2405 2366 Deum,
2427 2326 2463 2356 et

1390 2374 1426 2410 in
1456 2375 1528 2410 hoc
1553 2373 1705 2410 saeculo
1734 2378 1770 2409 et
1788 2373 1825 2410 in
1843 2374 1995 2420 futuro.
2027 2374 2076 2410 Et
2096 2374 2182 2410 inde
2209 2381 2263 2410 est
2292 2373 2397 2421 quod
2422 2373 2460 2410 in

1395 2427 1664 2464 Collationihus
1682 2427 1840 2463 Patrum
1855 2426 1875 2448 '³‘
1895 2427 1983 2464 dicit
2002 2427 2134 2463 Abbas
2154 2427 2332 2475 Moyses:
2361 2427 2460 2463 Ieiu-

1390 2481 1466 2526 nia,
1494 2481 1664 2530 vigiliae,
1694 2481 1883 2517 meditatio
1912 2481 2207 2528 Scripturarum,
2240 2481 2387 2516 nuditas
2414 2492 2460 2517 ac

1387 2534 1550 2584 privatio
1566 2535 1736 2571 omnium
1738 2533 1986 2582 facultatum,
2003 2546 2077 2570 non
2087 2533 2282 2581 perfectio,
2298 2534 2364 2569 sed
2371 2545 2459 2581 per-

1377 2587 1559 2635 fectionis
1578 2588 1824 2624 instrumenta
1842 2593 1949 2624 sunt.-
1973 2587 2061 2635 quia
2081 2599 2155 2623 non
2176 2587 2213 2623 in
2234 2586 2321 2634 ipsis
2340 2587 2458 2623 consi-

1388 2641 1449 2678 stit
1466 2641 1683 2689 disciplinae
1702 2640 1800 2677 illius
1807 2641 1914 2688 finis,
1933 2641 2000 2677 sed
2010 2652 2083 2688 per
2098 2640 2160 2676 illa
2175 2640 2395 2688 pervenitur
2408 2640 2460 2676 ad

1378 2696 1515 2742 finem.
1541 2695 1589 2731 Et
1609 2706 1724 2742 supra
1738 2693 1758 2715 '¹‘
1777 2693 1973 2742 praemisit
2001 2693 2104 2741 quod
2124 2693 2176 2729 ad
2187 2693 2456 2740 perfectionem

1389 2748 1556 2785 caritatis
1575 2748 1650 2784 istis
1669 2747 1852 2797 gradihus
1870 2747 2118 2784 conscendere
2136 2744 2149 2767 ὅ
2170 2746 2334 2783 nitimur.

1442 2803 1500 2838 AD
1529 2813 1666 2838 Palmum
1697 2812 1795 2837 ERGO
1820 2812 2004 2837 DtCENDuM
2031 2799 2137 2847 quod
2165 2799 2203 2836 in
2232 2799 2301 2835 illis
2328 2799 2457 2836 verbis

1389 2854 1547 2891 Domini
1585 2853 1726 2903 aliquid
1758 2854 1912 2902 ponitur
1940 2853 2048 2901 quasi
2077 2852 2139 2889 via
2176 2852 2224 2889 ad
2263 2852 2456 2900 perfectio-

1390 2920 1500 2953 nem,
1530 2908 1605 2944 hoc
1643 2907 1783 2943 scilicet
1816 2906 1920 2956 quod
1960 2906 2112 2952 dicitur,
2148 2906 2250 2942 Vade
2277 2911 2312 2942 et
2337 2906 2456 2942 vende

1388 2961 1517 2998 omnia
1546 2972 1644 3009 quae
1661 2961 1776 2997 habes
1794 2966 1830 2996 et
1848 2961 1896 2997 da
1918 2960 2172 3008 pauperibus.-
2202 2958 2302 2995 aliud
2326 2967 2454 2995 autem

1388 3014 1562 3051 subditur
1589 3014 1628 3050 in
1657 3026 1733 3062 quo
1763 3013 1943 3062 perfectio
1973 3012 2151 3058 consistit,
2182 3011 2321 3049 scilicet
2349 3012 2455 3060 quod

1388 3067 1486 3114 dicit,
1517 3073 1553 3103 et
1577 3079 1732 3115 sequere
1759 3079 1830 3104 me.
1860 3067 1971 3104 Unde
1991 3066 2252 3113 Hieronymus
2277 3064 2376 3112 dicit,
2396 3077 2455 3101 su-

1381 3132 1455 3169 per
1481 3121 1620 3157 Matth.
1641 3120 1672 3166 ²¹³,
1702 3121 1806 3168 quod
1835 3120 1924 3168 quia
1953 3132 2027 3157 non
2055 3119 2195 3167 sufficit
2220 3123 2363 3155 tantum
2399 3131 2454 3155 re-

2487 780 2572 829 sciit
2582 786 2685 828 ‘1'3‘01‘7'133
2688 792 2699 796 '

2487 992 2497 1002 ⁸
2512 991 2577 1013 Vers.
2593 998 2611 1019 5.

2487 1098 2496 1108 ,
2519 1097 2526 1103 ,

2486 1098 2699 1146 s.“¹7¹¹};.¹1¹3121¹3·51⁷„'.

2486 1368 2497 1379 ⁸
2511 1368 2567 1395 Cap.
2583 1374 2631 1389 vni.

2487 2061 2497 2072 ⁸
2512 2061 2568 2088 Cap.
2583 2066 2644 2083 cxxi.

2487 2433 2598 2481 :UCollaL
2616 2433 2633 2459 1,
2648 2439 2698 2461 cap.

2486 2701 2496 2712 ⁶
2509 2700 2567 2722 Ibid.

2482 3130 2492 3140 '
2506 3129 2630 3152 Comment
2653 3130 2692 3152 lib.

2481 3156 2525 3182 111,
2549 3162 2618 3184 super
2644 3163 2693 3185 cap.

1387 3174 1566 3222 linquere,
1586 3175 1719 3210 Petrus
1734 3178 1746 3194 ι
1774 3174 1898 3222 iungit
1914 3174 2016 3221 quod
2027 3173 2237 3221 perfectum
2259 3177 2323 3217 est,
2344 3172 2452 3219 idest,
2481 3189 2529 3209 ιιι,
2544 3189 2604 3204 vm.
2619 3189 2644 3211 27

1387 3227 1512 3264 Secuti
1536 3239 1666 3263 sumus
1699 3232 1742 3263 te.
1781 3226 2007 3263 Ambrosius
2040 3233 2181 3272 autem,
2211 3237 2326 3273 super
2361 3225 2453 3262 illud

1387 3282 1479 3317 Luc.
1509 3279 1591 3326 v*,
1631 3281 1794 3328 Sequere
1829 3292 1906 3326 me,
1946 3279 2053 3316 dicit:
2093 3278 2206 3327 Sequi
2242 3279 2341 3314 iubet
2378 3291 2451 3315 non
2481 3287 2693 3310 'Vem--com-

1387 3333 1556 3382 corporis
1581 3345 1727 3383 gressu,
1756 3333 1822 3369 sed
1848 3333 1980 3369 mentis
2006 3332 2156 3382 affectu,
2182 3331 2286 3380 quod
2314 3331 2357 3368 fit
2384 3344 2453 3380 per

1388 3387 1593 3423 caritatem.
1624 3387 1673 3423 Et
1690 3385 1778 3423 ideo
1801 3397 1846 3423 ex
1865 3386 1949 3434 ipso
1976 3385 2095 3422 modo
2126 3384 2307 3433 loquendi
2336 3397 2452 3434 appa-

1387 3448 1442 3476 ret
1462 3439 1566 3489 quod
1587 3439 1740 3476 consilia
1769 3446 1855 3475 sunt
1883 3439 2074 3488 quaedam
2103 3438 2352 3475 instrumenta
2371 3451 2453 3487 per-

318 3575 345 3607 α)
365 3574 432 3599 viae.
444 3587 463 3593 -
482 3573 553 3598 vitae
571 3572 643 3602 HsD,
661 3580 714 3598 om.
734 3572 763 3598 P.
776 3585 796 3593 ·-
813 3573 864 3598 Pro
882 3574 1012 3604 consistit,
1026 3574 1156 3600 consistat
1175 3573 1334 3598 PCEFKLa.

318 3609 342 3644 β)
363 3609 467 3635 salutis.
478 3623 496 3628 —
515 3608 586 3633 vitae
604 3607 824 3641 ABCEFIKLpD.

317 3647 344 3680 γ)
363 3646 427 3671 alia.
440 3660 458 3665 -
476 3652 494 3670 a
508 3643 661 3676 praeceptis
679 3643 804 3668 caritatis
823 3643 919 3668 addunt
938 3644 985 3670 Pa.

1441 3571 1465 3603 δ)
1485 3571 1668 3597 conscendere.
1680 3584 1699 3590 -
1716 3570 1860 3596 ascendere
1878 3570 1935 3595 Pla.

1440 3608 1461 3639 ε)
1481 3607 1544 3639 quia
1560 3614 1637 3632 non...
1654 3606 1757 3632 Petrus.
1769 3619 1788 3626 -
1807 3613 1886 3631 non...
1900 3605 1960 3630 ideo
1974 3605 2071 3630 Petrus
2085 3605 2130 3630 Pa.
2143 3618 2162 3624 —
2180 3605 2230 3629 Pro
2245 3604 2340 3637 iungit,
2355 3603 2452 3628 adiun-

1387 3643 1428 3676 git
1446 3643 1498 3674 PD,
1517 3642 1655 3675 subiungit
1673 3642 1706 3667 H.

2481 3318 2551 3336 ment.
2567 3314 2582 3336 li
2602 3332 2606 3335 .
2623 3315 2650 3336 V.
