2768 4198
143 533 177 553 ιιι,
189 533 210 548 n.
223 527 244 548 8.
256 537 267 541 -

53 528 136 576 ὃξόέΙῙῗι.
152 554 202 575 lect.
219 559 264 574 vni.

60 3502 68 3509 ⁸
89 3500 123 3521 De
142 3499 274 3527 Magnani—

59 3527 146 3548 mitate.

60 3556 80 3564 ⁴·
101 3554 137 3575 Ad
161 3559 208 3580 arg.
232 3554 271 3574 ult.

59 3585 121 3602 conl.
138 3580 240 3602 conclus⁴
258 3585 272 3601 ι.

294 278 341 313 62

292 357 455 394 modum
485 355 640 393 rationis
660 355 768 404 ponit
797 355 894 391 circa
919 365 1079 400 magnos
1108 352 1289 398 honores,
1311 358 1366 387 est
1392 351 1394 386 ἰ

292 411 423 447 virtus.
1392 403 1394 435 ἶ

347 466 407 500 Αι)
435 475 573 500 ΡιὶιΜυΜ
607 473 705 498 ERGO
743 472 927 498 DICENDUM
957 458 1084 506 quod,
1115 457 1210 494 sicut
1238 457 1366 494 Philo—
1392 485 1394 524 1

294 518 438 566 sophus
460 516 558 562 dicit,
580 515 618 552 in
644 515 695 551 IV
712 514 832 550 Ethic.
853 512 884 558 *,
914 512 1187 561 magnanimus
1206 516 1259 548 est
1287 511 1367 559 qui·
1393 542 1394 571 ἱ

294 571 378 607 dem
416 569 678 619 magnitudine
714 573 923 609 extremus,
961 565 1189 613 inquantum
1227 564 1395 619 scilicet}

294 624 342 661 ad
382 623 547 659 maxima
582 621 718 658 tendit:
754 632 797 656 eo
835 624 960 655 autem
989 619 1092 667 quod
1129 625 1169 655 ut
1204 623 1394 667 oportet‚=

294 677 455 722 medius,
485 676 574 724 quia
602 673 777 711 videlicet
797 672 846 709 ad
877 684 921 708 ea
951 684 1049 720 quae
1076 681 1164 709 sunt
1183 672 1366 718 maxima,

294 730 506 767 secundum
536 728 722 765 rationem
751 726 888 771 tendit;
919 737 962 762 eo
992 726 1092 763 enim
1117 726 1219 775 quod
1235 737 1366 762 secun·

293 784 383 820 dum
412 782 631 832 dignitatem
651 780 813 828 seipsum
843 779 1052 829 dignificat,
1071 787 1112 816 ut
1140 779 1284 816 ibidem
1314 778 1367 815 di-

295 837 405 882 citur,
443 835 530 884 quia
565 833 704 870 scilicet
739 845 779 869 se
818 845 896 869 non
936 833 1104 870 extendit
1137 833 1185 870 ad
1219 831 1368 869 maiora

294 901 410 939 quam
440 888 575 935 dignus
606 895 662 923 est
680 884 705 923 ⁶.

346 945 405 979 Αι)
425 952 615 978 SECUNDUM
637 951 823 977 mcENDuM
844 940 950 988 quod
976 939 1164 977 connexio
1185 939 1369 976 virtutum

292 1008 369 1033 non
401 1003 456 1031 est
484 994 727 1042 intelligenda
756 994 971 1033 secundum
1001 1001 1128 1040 actus,
1159 1000 1200 1030 ut
1229 992 1369 1030 scilicet
1395 1012 1396 1043 3

293 1049 444 1086 cuilibet
464 1055 658 1097 competat
682 1048 826 1085 habere
847 1056 953 1084 actus
973 1048 1150 1085 omnium
1169 1047 1367 1084 virtutum.
1395 1086 1396 1090 Ἰ

292 1103 403 1140 Unde
433 1110 538 1138 actus
559 1101 882 1150 magnanimitatis
903 1114 982 1138 non
1012 1101 1195 1150 competit
1219 1100 1370 1137 cuilibet

291 1157 476 1202 virtuoso,
498 1156 565 1192 sed
586 1157 711 1193 solum
733 1155 893 1203 magnis.
925 1155 1004 1193 Sed
1024 1155 1239 1192 secundum
1268 1154 1369 1203 prin·
1396 1191 1397 1202 χ

294 1210 391 1259 cipia
428 1209 632 1255 virtutum,
663 1221 763 1257 quae
802 1217 889 1246 sunt
926 1209 1131 1259 prudentia
1167 1217 1203 1245 et
1237 1207 1368 1256 gratia,

293 1276 430 1301 omnes
458 1264 618 1301 virtutes
647 1271 734 1300 sunt
754 1275 951 1300 connexae
981 1263 1195 1300 secundum
1216 1261 1369 1299 habitus
1396 1262 1397 1316 ᾗ

294 1318 407 1354 simul
437 1317 475 1354 in
495 1317 623 1354 anima
645 1316 859 1363 existentes,
881 1318 943 1354 vel
970 1317 1007 1355 in
1027 1325 1114 1354 actu
1134 1317 1195 1353 vel
1216 1315 1253 1353 in
1283 1328 1370 1365 pro·
1396 1327 1397 1355 Ξ

293 1372 439 1421 pinqua
458 1371 719 1420 dispositione.
752 1372 801 1408 Et
820 1371 873 1408 sic
902 1378 1028 1420 potest
1056 1370 1190 1420 aliquis
1211 1369 1271 1407 cui
1291 1382 1370 1407 non
1396 1368 1397 1379 ¹

294 1425 477 1474 competit
506 1433 612 1462 actus
641 1425 976 1473 magnanimitatis,
1002 1425 1146 1462 habere
1175 1423 1371 1473 magnani—
1397 1460 1398 1464 ,

294 1479 433 1516 mitatis
461 1479 652 1516 habitum:
683 1491 752 1528 per
771 1491 889 1527 quem
918 1478 1060 1516 scilicet
1079 1477 1294 1527 disponitur
1321 1477 1371 1515 ad

293 1533 409 1570 talem
439 1541 567 1570 actum
598 1533 867 1582 exequendum
898 1533 928 1569 si
957 1532 1028 1570 sibi
1057 1532 1272 1569 secundum
1298 1539 1371 1568 sta-

293 1595 375 1624 tum
405 1599 518 1624 suum
549 1594 797 1636 competeret.

294 1693 601 1732 diversificantur
620 1694 835 1732 secundum
862 1693 1033 1731 diversas
1054 1693 1206 1731 animae
1235 1705 1371 1742 appre-

294 1802 400 1850 tingit
445 1803 549 1850 quod
593 1803 641 1839 ad
685 1801 1041 1850 magnanimitatem
1085 1809 1373 1850 consequuntur

295 1856 486 1905 quaedam
510 1855 761 1893 determinata
782 1855 993 1892 accidentia
1014 1854 1111 1891 circa
1133 1862 1261 1890 motus
1290 1867 1371 1891 cor-

293 1910 456 1959 porales.
487 1910 678 1946 Velocitas
717 1910 820 1945 enim
858 1916 986 1945 motus
1025 1907 1203 1957 provenit
1241 1919 1287 1943 ex
1325 1919 1371 1944 eo

294 1963 401 2012 quod
420 1964 541 2000 homo
572 1962 619 2000 ad
642 1963 760 1999 multa
781 1961 951 2007 intendit,
980 1974 1080 2010 quae
1101 1962 1253 2010 explere
1273 1961 1373 1998 festi—

294 2025 374 2064 nat:
406 2018 472 2054 sed
504 2017 774 2065 magnanimus
798 2015 958 2053 intendit
986 2016 1113 2052 solum
1138 2015 1188 2052 ad
1218 2027 1371 2063 magna,

294 2083 392 2121 quae
409 2084 533 2120 pauca
549 2078 648 2115 sunt,
661 2083 760 2119 quae
777 2070 891 2107 etiam
909 2069 1078 2118 indigent
1099 2081 1238 2117 magna
1254 2076 1372 2106 atten-
1401 2075 1402 2105 i

294 2126 415 2170 tione;
446 2133 483 2162 et
502 2125 591 2162 ideo
611 2125 727 2161 habet
747 2131 898 2161 motum
918 2124 1084 2160 tardum.
1117 2122 1298 2160 Similiter
1322 2130 1373 2159 et·
1402 2143 1403 2146 =

295 2179 371 2216 iam
393 2178 536 2215 acuitas
556 2179 676 2225 vocis,
699 2186 735 2214 et
753 2177 948 2223 velocitas,
965 2176 1170 2226 praecipue
1192 2176 1374 2225 competit

297 2298 375 2323 non
390 2285 554 2334 pertinet
573 2285 621 2323 ad
643 2284 924 2333 magnanimos,
941 2284 1005 2333 qui
1022 2296 1099 2321 non
1121 2282 1374 2320 intromittunt

297 2353 336 2377 se
352 2339 424 2377 nisi
445 2339 493 2376 de
510 2339 669 2388 magnis.
692 2340 741 2376 Et
756 2339 852 2376 sicut
872 2338 1090 2387 praedictae
1107 2337 1376 2386 dispositiones

297 2393 556 2443 corporalium
583 2401 761 2430 motuum
783 2392 1018 2430 conveniunt
1038 2391 1291 2439 magnanimis
1319 2403 1376 2427 se—

297 2448 467 2485 cundum
490 2447 654 2484 modum
684 2446 896 2484 affectionis
923 2457 1081 2493 eorum,
1112 2445 1162 2482 ita
1191 2444 1306 2482 etiam
1337 2444 1375 2481 in

296 2501 354 2538 his
375 2501 440 2550 qui
469 2509 555 2538 sunt
576 2500 795 2538 naturaliter
824 2499 994 2549 dispositi
1015 2499 1064 2536 ad
1085 2497 1375 2547 magnanimita-

295 2563 375 2592 tem
404 2554 498 2592 tales
528 2554 767 2592 conditiones
796 2553 1016 2591 naturaliter
1044 2552 1301 2590 inveniuntur.

351 2610 410 2646 Αι)
439 2620 615 2651 QUARTUM
635 2620 822 2646 Diei-:unum
843 2608 949 2655 quod
978 2607 1015 2644 in
1044 2606 1202 2643 homine
1229 2605 1374 2643 inveni-

297 2671 356 2700 tur
385 2662 526 2711 aliquid
552 2674 751 2710 magnum,
773 2661 879 2710 quod
900 2673 945 2698 ex
966 2660 1071 2698 dono
1092 2660 1165 2698 Dei
1185 2659 1373 2709 possidet;

298 2725 333 2754 et
361 2716 495 2765 aliquis
525 2716 706 2763 defectus,
728 2715 794 2765 qui
814 2714 997 2765 competit
1025 2714 1059 2751 ei
1089 2726 1135 2751 ex
1155 2713 1373 2750 infirmitate

297 2778 466 2808 naturae.
498 2770 796 2819 Magnanimitas
816 2769 927 2818 igitur
946 2768 1033 2806 facit
1061 2767 1167 2817 quod
1194 2767 1315 2804 homo
1334 2779 1374 2804 se

296 2824 448 2874 magnis
475 2824 669 2874 dignificet
687 2823 904 2861 secundum
926 2821 1274 2860 considerationem
1305 2821 1372 2859 do-

297 2890 437 2915 norum
475 2890 576 2926 quae
609 2878 779 2927 possidet
817 2889 863 2914 ex
899 2878 1007 2914 Deo:
1047 2876 1163 2922 sicut,
1194 2875 1224 2912 si
1258 2875 1373 2912 habet

297 2944 479 2980 magnam
494 2932 676 2969 virtutem
698 2931 826 2977 animi,
848 2929 1142 2979 magnanimitas
1161 2929 1248 2966 facit
1267 2929 1371 2978 quod

297 2985 346 3023 acl
374 2986 543 3034 perfecta
563 2998 682 3035 opera
701 2984 848 3023 virtutis
876 2985 1020 3022 tendat.
1051 2984 1101 3021 Et
1128 2982 1297 3020 similiter
1318 2990 1373 3020 est

297 3039 503 3077 dicendum
534 3039 581 3077 de
611 3051 682 3076 usu
716 3038 915 3076 cuiuslibet
952 3037 1104 3075 alterius
1138 3036 1251 3084 boni,
1281 3044 1372 3086 puta

350 3155 375 3188 δ)
396 3155 495 3188 dignus
513 3158 562 3182 est.
574 3168 594 3174 -
611 3155 711 3188 dignus
729 3154 876 3184 BCEFHK.
896 3154 931 3179 sit
957 3154 1057 3187 dignus
1077 3155 1109 3184 Α,
1127 3157 1168 3178 est
1186 3154 1287 3186 dignus
1306 3153 1374 3177 DGl.

351 3192 373 3224 ε)
392 3194 419 3217 et
437 3191 629 3225 affectiones.-
649 3191 712 3216 Om.
732 3190 760 3215 Ρ.

349 3227 375 3260 ζ)
396 3227 422 3252 in
442 3227 582 3252 memoria.
594 3241 613 3246 -
631 3226 762 3252 memoria
782 3226 835 3255 AB.
855 3225 1011 3251 memoriam
1032 3225 1087 3251 KL.

351 3264 378 3295 η)
399 3263 520 3295 recipiat.
532 3277 552 3283 -
570 3262 681 3295 recipiet
699 3262 827 3295 BEF1pA,
846 3262 941 3294 recipit
960 3262 992 3287 G.

943 272 1212 320 QUAESTIO
1244 271 1423 317 CXXIX,
1453 270 1753 308 ARTICULUS
1785 271 1834 306 111

1421 350 1600 387 scientiae
1620 351 1682 387 vel
1704 349 1898 387 exterioris
1923 349 2109 394 fortunae.
2142 348 2345 386 Humilitas
2365 355 2495 384 autem

1421 404 1509 440 facit
1537 404 1642 453 quod
1663 404 1784 440 homo
1805 403 1974 452 seipsum
2004 402 2257 452 parvipendat
2281 401 2496 439 secundum

1422 457 1771 494 considerationem
1786 456 1930 506 proprii
1945 457 2126 494 defectus.
2143 479 2167 485 -
2185 455 2364 493 Similiter
2384 454 2497 492 etiam

1423 511 1716 559 magnanimitas
1733 510 1944 548 contemnit
1958 510 2053 547 alios
2074 510 2289 547 secundum
2306 509 2412 557 quod
2433 508 2497 545 de-

1421 564 1555 601 ficiunt
1583 577 1605 601 a
1634 564 1746 602 donis
1774 564 1863 602 Dei:
1894 576 1974 601 non
2003 563 2106 601 enim
2135 571 2282 601 tantum
2309 562 2403 599 alios
2433 574 2498 610 ap-

1421 617 1605 666 pretiatur
1642 618 1747 665 quod
1785 630 1856 666 pro
1896 618 1949 654 eis
1987 617 2130 666 aliquid
2163 617 2345 654 indecens
2374 615 2497 652 faciat.

1424 670 1501 708 Sed
1529 670 1721 707 humilitas
1751 671 1844 708 alios
1872 671 2048 718 honorat,
2080 679 2116 708 et
2145 670 2361 720 superiores
2390 669 2499 706 aesti—

1423 732 1514 770 mat,
1545 724 1773 772 inquantum
1802 724 1840 760 in
1870 724 1924 760 eis
1954 724 2096 774 aliquid
2125 724 2276 774 inspicit
2310 724 2358 761 de
2388 723 2499 760 donis

1423 778 1509 814 Dei.
1539 777 1653 814 Unde
1672 777 1710 814 in
1730 778 1885 814 Psalmo
1907 778 1927 798 ¹*
1956 777 2092 815 dicitur
2112 779 2159 815 de
2182 778 2267 815 viro
2298 777 2418 816 iusto:
2438 776 2502 813 Ad

1423 830 1582 867 nihilum
1610 830 1790 867 deductus
1817 836 1872 867 est
1897 831 1935 867 in
1964 838 2162 879 conspectu
2186 832 2265 869 eius
2293 831 2499 881 malignus,

1424 883 1531 932 quod
1567 883 1732 933 pertinet
1769 883 1819 920 ad
1852 891 2123 933 ‚contemptum
2161 885 2419 934 magnanimi;
2458 884 2500 921 ti-

1423 943 1564 975 mentes
1591 943 1719 974 autem
1739 937 1949 974 Dominum
1978 938 2183 988 glorificat,
2203 938 2309 987 quod
2338 938 2501 988 pertinet

1424 992 1473 1028 ad
1511 990 1810 1028 honorationem
1843 989 2010 1028 humilis.
2040 1012 2064 1019 -
2094 992 2145 1028 Et
2172 990 2225 1028 sic
2252 999 2358 1041 patet
2394 992 2500 1041 quod

1423 1044 1718 1093 magnanimitas
1754 1053 1790 1082 et
1826 1044 2019 1081 humilitas
2058 1056 2137 1082 non
2175 1052 2263 1082 sunt
2299 1045 2500 1093 contraria,

1425 1099 1605 1148 quamvis
1625 1098 1662 1135 in
1685 1098 1873 1135 contraria
1892 1098 2050 1136 tendere
2064 1098 2284 1135 videantur:
2304 1098 2394 1147 quia
2413 1111 2500 1148 pro-

1426 1153 1567 1190 cedunt
1595 1152 1810 1190 secundum
1839 1152 2011 1190 diversas
2041 1151 2380 1189 considerationes.

1478 1209 1537 1244 Αι)
1568 1218 1732 1249 Qum‘rum
1762 1218 1948 1244 meantium
1982 1205 2088 1255 quod
2121 1205 2375 1256 proprietates
2404 1204 2502 1253 illae,

1425 1261 1641 1298 secundum
1671 1261 1777 1310 quod
1807 1259 1855 1297 ad
1877 1260 2169 1308 magnanimum
2189 1259 2393 1309 pertinent,
2422 1270 2503 1296 non

1425 1322 1512 1352 sunt
1531 1314 1817 1364 vituperabiles,
1830 1315 1897 1352 sed
1915 1314 2262 1363 superexcedenter
2276 1312 2500 1351 laudabiles.

1427 1369 1543 1415 Quod
1565 1368 1667 1405 enim
1687 1368 1813 1417 primo
1835 1368 1982 1415 dicitur,
2010 1369 2115 1416 quod
2137 1367 2407 1416 magnanimus
2426 1378 2502 1404 non

1425 1423 1538 1460 habet
1564 1423 1601 1459 in
1630 1421 1845 1459 memoria!
1873 1434 1898 1459 a
1926 1423 2061 1471 quibus
2081 1421 2263 1471 beneficia
2283 1421 2426 1470 recipit,
2446 1419 2503 1457 in·

1425 1476 1672 1525 telligendum
1704 1483 1760 1513 est
1788 1483 1975 1525 quantum
2004 1476 2053 1513 ad
2083 1476 2158 1513 hoc
2195 1476 2302 1524 quod
2338 1487 2418 1512 non
2447 1481 2504 1511 est

1425 1530 1495 1568 sibi
1526 1530 1750 1568 delectabile
1780 1531 1887 1578 quod
1917 1531 1965 1568 ab
1986 1529 2178 1579 aliquibus
2197 1528 2389 1566 beneficia
2409 1527 2503 1566 reci-

1397 1624 1399 1626 ,
1425 1584 1505 1634 piat
1519 1590 1550 1630 η,
1582 1584 1674 1632 quin
1696 1583 1766 1621 sibi
1787 1584 1935 1622 maiora
1956 1591 2238 1633 recompenset.
2269 1583 2388 1630 Quod
2417 1593 2503 1632 per-

347 1643 407 1677 An
440 1652 604 1679 reanum
632 1652 819 1678 DlCENDUM
848 1640 953 1689 quod
989 1640 1209 1689 corporales
1243 1646 1372 1676 motus
1398 1659 1399 1688 l

1425 1638 1519 1675 tinet
1546 1638 1595 1675 acl
1623 1636 1900 1688 perfectionem
1930 1637 2180 1686 gratitudinis,
2211 1637 2250 1674 in
2279 1637 2387 1674 cuius
2415 1643 2504 1674 actu

294 1749 319 1785 h
393 1747 400 1754 α
547 1756 560 1785 t
605 1748 637 1785 ff
696 1748 703 1755 ⁸
823 1752 835 1768 ι
880 1748 928 1784 Et
1071 1747 1095 1784 d
1185 1748 1210 1784 h
1398 1689 1508 1750 Jvult
1537 1692 1862 1741 superexcellere,
1901 1692 1998 1729 sicut
2027 1699 2063 1729 et
2091 1691 2129 1728 in
2158 1691 2304 1728 actibus
2341 1690 2503 1728 aliarum

323 1760 500 1786 ens1ones
524 1761 544 1785 e
580 1761 602 1785 a
636 1757 804 1786 ectiones
840 1777 849 1784 .
949 1760 1066 1784 secun
1098 1759 1163 1784 um
1213 1759 1260 1783 oc
1281 1759 1371 1784 con·
1398 1754 1399 1758 ’

1426 1746 1624 1783 virtutum.
1645 1767 1669 1774 -
1691 1746 1871 1783 Similiter
1900 1745 2015 1783 etiarn
2038 1745 2210 1783 secundo
2232 1744 2368 1783 dicitur
2396 1743 2504 1793 quod

1428 1807 1484 1836 est
1513 1800 1652 1837 otiosus
1681 1805 1718 1836 et
1743 1800 1890 1845 tardus,
1925 1812 2004 1836 non
2034 1798 2124 1848 quia
2153 1799 2305 1837 deficiat
2333 1799 2382 1836 ab
2412 1810 2503 1848 ope-

1400 1879 1401 1904 3
1428 1853 1550 1890 rando
1572 1866 1617 1890 ea
1638 1865 1737 1902 quae
1757 1853 1828 1890 sibi
1858 1852 2114 1890 conveniunt:
2145 1853 2213 1890 sed
2238 1853 2329 1902 quia
2349 1864 2429 1890 non
2449 1851 2504 1889 in·

1400 1938 1401 1962 i
1427 1906 1522 1955 gerit
1549 1919 1590 1943 se
1620 1907 1930 1955 quibuscumque
1960 1906 2144 1955 operibus
2170 1906 2241 1944 sibi
2271 1905 2504 1944 convenien-

1400 2005 1402 2012 ἲ
1427 1960 1527 1997 tibus
1542 1957 1568 2007 ⁰,
1599 1960 1668 1997 sed
1697 1961 1822 1997 solum
1853 1959 2015 2008 magnis,
2046 1959 2172 2009 qualia
2193 1960 2331 1998 decent
2359 1971 2462 1997 eum.
2479 1980 2503 1988 -

1428 2013 1577 2051 Dicitur
1606 2013 1721 2051 etiam
1751 2013 1860 2051 tertio
1891 2014 1999 2062 quod
2029 2014 2144 2051 utitur
2171 2014 2309 2060 ironia,
2339 2025 2420 2051 non
2447 2025 2506 2051 se-

1429 2068 1601 2105 cundum
1632 2069 1738 2117 quod
1759 2067 1968 2117 opponitur
1986 2068 2149 2115 veritati,
2178 2075 2221 2105 ut
2245 2067 2387 2105 scilicet
2406 2066 2507 2104 dicat

1430 2121 1478 2159 de
1499 2134 1539 2159 se
1561 2122 1686 2171 aliqua
1705 2121 1795 2159 vilia
1815 2134 1915 2170 quae
1936 2134 2016 2159 non
2036 2129 2136 2170 sunt,
2164 2122 2228 2159 vel
2247 2129 2360 2171 neget
2379 2120 2507 2170 aliqua

1402 2208 1404 2228 ἱ
1430 2187 1571 2224 magna
1601 2188 1699 2225 quae
1730 2183 1836 2213 sunt:
1866 2175 1934 2213 sed
1964 2175 2052 2225 quia
2073 2188 2153 2214 non
2172 2183 2292 2213 totam
2319 2175 2507 2224 magnitu-

295 2232 352 2269 his
386 2232 452 2279 qui
482 2232 530 2269 de
560 2231 794 2280 quibuslibet
828 2231 1061 2268 contendere
1090 2231 1247 2267 volunt:
1269 2231 1372 2278 quod
1402 2229 1404 2271 ζ

1431 2229 1561 2266 dinem
1592 2242 1703 2267 suam
1735 2237 1936 2276 monstrat,
1967 2229 2136 2267 maxime
2155 2237 2344 2278 quantum
2373 2228 2424 2268 ad
2452 2229 2508 2267 in-

1431 2283 1615 2320 feriorum
1646 2283 1950 2328 multitudinem
1980 2283 2072 2331 quia
2099 2283 2197 2321 sicut
2218 2283 2507 2334 ‘Philosophus

1430 2336 1575 2374 ibidem
1594 2338 1614 2359 *
1634 2337 1734 2383 dicit,
1755 2337 1805 2374 ad
1820 2337 2117 2385 magnanimum
2137 2337 2300 2386 pertinet
2319 2347 2507 2388 magnum

1430 2402 1510 2428 esse
1541 2391 1594 2428 ad
1624 2403 1688 2428 eos
1720 2391 1787 2440 qui
1817 2391 1854 2428 in
1888 2391 2072 2441 dignitate
2107 2396 2145 2428 et
2174 2391 2282 2428 bonis
2300 2391 2508 2440 fortunis*

1429 2450 1536 2490 sunt,
1575 2445 1627 2482 ad
1661 2445 1804 2483 medios
1839 2450 1966 2482 autem
2005 2444 2255 2482 moderatum.
2292 2464 2318 2473 -
2357 2445 2507 2492 Quarto

1431 2498 1546 2535 etiam
1586 2498 1721 2536 dicitur
1758 2498 1864 2548 quod
1900 2499 1954 2536 ad
1988 2499 2084 2536 alios
2121 2510 2197 2536 non
2229 2503 2355 2547 potest
2380 2498 2507 2536 convi-

1429 2563 1539 2598 vere,
1570 2552 1711 2590 scilicet
1748 2551 2000 2599 familiariter,
2036 2552 2110 2589 nisi
2144 2552 2196 2590 ad
2227 2552 2388 2590 amicos:
2417 2551 2508 2602 quia

1429 2605 1591 2643 omnino
1619 2606 1714 2643 vitat
1742 2606 2003 2644 adulationem
2028 2614 2065 2643 et
2083 2605 2383 2653 simulationem,
2405 2618 2506 2655 quae

1429 2659 1620 2709 pertinent
1657 2660 1707 2697 ad
1735 2659 1852 2697 animi
1882 2660 2123 2710 parvitatem.
2164 2659 2348 2697 Convivit
2376 2668 2506 2698 tamen

1429 2713 1632 2760 omnibus,
1663 2721 1700 2751 et
1728 2713 1878 2762 magnis
1912 2722 1949 2751 et
1985 2713 2135 2763 parvis,
2163 2713 2370 2751 secundum
2408 2715 2510 2764 quod

1429 2773 1584 2817 oportet,
1610 2775 1652 2804 ut
1680 2767 1823 2806 dictum
1857 2775 1914 2805 est
1931 2767 1964 2806 *.
1993 2789 2017 2797 -
2050 2767 2196 2815 Quinto
2226 2767 2342 2805 etiam
2371 2767 2508 2806 dicitur
2536 2775 2546 2786 ⁰

1429 2822 1537 2870 quod
1564 2821 1645 2859 vult
1671 2823 1812 2859 habere
1839 2822 1966 2872 magis
1994 2822 2251 2871 infructuosa,
2277 2834 2355 2859 non
2389 2833 2507 2871 quae·

1429 2888 1610 2924 cumque,
1631 2876 1699 2913 sed
1719 2877 1831 2922 bona,
1853 2875 1950 2914 idest
1973 2876 2148 2913 honesta.
2185 2875 2287 2913 Nam
2316 2875 2354 2913 in
2381 2875 2505 2914 omni-

1429 2930 1502 2966 bus
1522 2930 1724 2979 praeponit
1741 2930 1904 2967 honesta
1932 2929 2101 2976 utilibus,
2122 2937 2307 2979 tanquam
2336 2929 2505 2968 maiora:

1428 2983 1532 3020 utilia
1561 2983 1665 3021 enim
1699 2991 1936 3033 quaeruntur
1963 2984 2014 3021 ad
2043 2983 2355 3021 subveniendum
2394 2982 2505 3022 alicui

1429 3036 1610 3085 defectui,
1641 3038 1705 3087 qui
1734 3037 2038 3086 magnanimitati
2067 3044 2263 3086 repugnat.

1482 3152 1507 3185 θ)
1526 3154 1578 3178 sibi
1595 3154 1821 3180 convenientibus.
1834 3167 1853 3174 -
1871 3154 1923 3180 sibi
1945 3153 2190 3180 inconvenientibus
2213 3152 2280 3183 GlL,
2300 3160 2352 3178 non
2375 3153 2428 3179 sibi
2443 3161 2507 3180 eon-

1428 3189 1593 3216 venientibus
1615 3190 1657 3215 ed.
1676 3197 1702 3220 a,
1721 3197 1775 3214 om.
1796 3190 1825 3215 P.

1482 3225 1501 3257 ι)
1521 3225 1598 3251 sicut.
1611 3240 1629 3245 -
1646 3225 1747 3252 scilicet
1765 3224 1929 3258 ABFKLpC,
1947 3225 2019 3251 sicut
2037 3224 2119 3250 etiam
2140 3224 2187 3250 Pa.

1482 3263 1508 3295 x)
1522 3261 1653 3295 fortuni&
1670 3275 1684 3280 -
1695 3261 1874 3295 fortitudinis
1893 3261 1969 3294 LpH,
1981 3260 2115 3294 fortunae
2136 3260 2182 3285 Pa.

984 3333 1322 3367 commentaria.
1344 3333 1600 3367 cardinalis
1621 3332 1826 3366 Caietam

303 3412 349 3475 IN
366 3402 500 3433 articulo
519 3403 611 3434 tertio
630 3403 774 3435 eiusdem
792 3403 1262 3444 centesimaevigesimaenonae
1277 3414 1373 3446 quae·
1399 3405 1402 3463 l

331 3447 461 3483 sdonis,
490 3447 523 3477 in
551 3449 759 3487 responsione
785 3449 824 3479 ad
858 3449 1046 3484 secundum,
1066 3448 1202 3480 dubium
1226 3459 1263 3480 ex
1287 3449 1370 3480 Mar·
1399 3467 1401 3497 ἦ

301 3492 380 3528 tino,
400 3492 432 3522 in
452 3491 537 3522 dicto
561 3499 692 3523 tractatu
709 3492 735 3528 ¹⁸²,
753 3503 807 3533 qu.
826 3503 846 3523 ιι
862 3493 906 3529 **,
924 3493 1070 3530 occurrit,
1088 3493 1143 3524 ubi
1166 3500 1275 3524 contra
1293 3493 1373 3524 hanc

301 3536 543 3577 responsionem
573 3537 675 3576 arguit
703 3537 792 3577 quod
826 3547 892 3567 non
923 3538 997 3569 satis
1026 3544 1181 3568 consonat
1211 3537 1271 3568 sibi
1301 3537 1372 3578 ipsi.

1428 3403 1596 3445 dispositio
1613 3403 1652 3433 ad
1668 3409 1777 3434 actum
1800 3411 1899 3443 quam
1915 3401 1955 3432 ad
1969 3400 2125 3432 habitum.
2150 3401 2236 3442 Ergo
2254 3401 2385 3433 virtutes
2404 3401 2505 3442 magis

1428 3455 1503 3479 sunt
1526 3456 1687 3478 connexae
1716 3445 1895 3477 secundum
1919 3452 2007 3477 actus
2035 3455 2133 3487 quam
2158 3446 2337 3477 secundum
2367 3445 2503 3477 habitus.

1427 3492 1490 3523 Sed
1514 3501 1580 3522 non
1604 3498 1679 3522 sunt
1709 3500 1871 3522 connexae
1903 3490 2081 3521 secundum
2105 3497 2213 3528 actus,
2240 3498 2275 3522 ut
2298 3490 2349 3522 hic
2373 3490 2503 3527 dicitur,

1428 3543 1559 3578 propter
1574 3545 1815 3576 quamcumque
1830 3534 2076 3575 dispositionem
2093 3535 2312 3578 propinquam
2325 3535 2365 3566 ad
2384 3541 2503 3566 actum.

301 3581 495 3622 Propinqua,
514 3580 627 3622 inquit,
648 3580 815 3621 dispositio
839 3582 878 3612 ad
902 3581 1047 3614 habitum
1071 3592 1138 3613 non
1154 3589 1201 3613 est
1224 3581 1284 3612 nisi
1308 3591 1373 3612 me·
1400 3590 1402 3628 l
1427 3581 1514 3621 Ergo
1543 3590 1601 3610 nec
1630 3579 1775 3611 dicentur
1807 3589 1968 3611 connexae
2002 3580 2181 3611 secundum
2214 3579 2341 3612 habitus
2374 3585 2503 3620 propter

302 3625 407 3657 diante
431 3632 502 3657 actu
532 3625 713 3665 generativo
745 3625 829 3656 illius
853 3625 993 3657 habitus:
1022 3626 1065 3658 ita
1089 3626 1178 3667 quod
1209 3633 1254 3657 est
1285 3625 1374 3666 prius
1400 3633 1402 3665 ι
1428 3634 1668 3666 quamcumque
1692 3624 1937 3665 dispositionem
1961 3624 2000 3655 ad
2025 3624 2180 3656 habitum.

2528 785 2537 794 ⁸
2546 783 2582 804 Ps.
2591 789 2639 810 nv,
2647 788 2706 804 vers.
2715 789 2738 809 4-

2535 2348 2545 2359 ·
2559 2347 2631 2370 Nan.
2645 2349 2681 2370 so.
